{"id": "gen9ou-1947597346", "p1": "pop punk pelosi", "p2": "Susan B Manaphy", "format": "gen9ou", "log": "|j|\u2606pop punk pelosi\n|j|\u2606Susan B Manaphy\n|t:|1695176287\n|gametype|singles\n|player|p1|pop punk pelosi|acetrainersnow|\n|player|p2|Susan B Manaphy|266|\n|teamsize|p1|6\n|teamsize|p2|6\n|gen|9\n|tier|[Gen 9] OU\n|rule|Sleep Clause Mod: Limit one foe put to sleep\n|rule|Species Clause: Limit one of each Pok\u00e9mon\n|rule|OHKO Clause: OHKO moves are banned\n|rule|Evasion Items Clause: Evasion items are banned\n|rule|Evasion Moves Clause: Evasion moves are banned\n|rule|Endless Battle Clause: Forcing endless battles is banned\n|rule|HP Percentage Mod: HP is shown in percentages\n|clearpoke\n|poke|p1|Iron Valiant|\n|poke|p1|Iron Treads|\n|poke|p1|Hydreigon, M|\n|poke|p1|Salamence, M|\n|poke|p1|Greninja-*, F|\n|poke|p1|Chesnaught, F|\n|poke|p2|Dragapult, M|\n|poke|p2|Garganacl, F|\n|poke|p2|Corviknight, F|\n|poke|p2|Breloom, F|\n|poke|p2|Tinkaton, F|\n|poke|p2|Electrode-Hisui|\n|teampreview\n|inactive|Battle timer is ON: inactive players will automatically lose when time's up. (requested by pop punk pelosi)\n|inactive|pop punk pelosi has 270 seconds left.\n|inactive|Susan B Manaphy has 270 seconds left.\n|inactiveoff|Battle timer is now OFF.\n|j| DragnPultdeez\n|j| Muk Muk Goodra\n|c| Muk Muk Goodra|beeeeeeeeeeef\n|c| Muk Muk Goodra|playoff beef\n|c|\u2606pop punk pelosi|people are saying\n|j| dad im gay fuck u\n|j| wangstaaa\n|c|\u2606pop punk pelosi|slection is set\n|\n|t:|1695176448\n|start\n|switch|p1a: Greninja|Greninja, F|100/100\n|switch|p2a: Pokeball 2000BC|Electrode-Hisui|100/100\n|turn|1\n|c| dad im gay fuck u|gl\n|c| dad im gay fuck u|both\n|c|\u2606pop punk pelosi|gl hf\n|c|\u2606Susan B Manaphy|u2\n|c|\u2606pop punk pelosi|nice nickname\n|\n|t:|1695176485\n|move|p1a: Greninja|U-turn|p2a: Pokeball 2000BC\n|-start|p1a: Greninja|typechange|Bug|[from] ability: Protean\n|-supereffective|p2a: Pokeball 2000BC\n|-damage|p2a: Pokeball 2000BC|32/100\n|\n|t:|1695176494\n|switch|p1a: Iron Treads|Iron Treads|100/100|[from] U-turn\n|move|p2a: Pokeball 2000BC|Thunder Wave|p1a: Iron Treads\n|-immune|p1a: Iron Treads\n|\n|upkeep\n|turn|2\n|\n|t:|1695176530\n|switch|p2a: Narc|Corviknight, F|100/100\n|-ability|p2a: Narc|Pressure\n|move|p1a: Iron Treads|Knock Off|p2a: Narc\n|-damage|p2a: Narc|81/100\n|-enditem|p2a: Narc|Leftovers|[from] move: Knock Off|[of] p1a: Iron Treads\n|\n|upkeep\n|turn|3\n|\n|t:|1695176590\n|move|p1a: Iron Treads|Volt Switch|p2a: Narc\n|-supereffective|p2a: Narc\n|-damage|p2a: Narc|61/100\n|\n|t:|1695176594\n|-end|p1a: Iron Treads|Quark Drive|[silent]\n|switch|p1a: Salamence|Salamence, M|100/100|[from] Volt Switch\n|move|p2a: Narc|Brave Bird|p1a: Salamence\n|-damage|p1a: Salamence|53/100\n|-damage|p2a: Narc|49/100|[from] Recoil\n|\n|-heal|p1a: Salamence|59/100|[from] item: Leftovers\n|upkeep\n|turn|4\n|\n|t:|1695176627\n|switch|p2a: Small Child W/ Gun|Tinkaton, F|100/100\n|-ability|p2a: Small Child W/ Gun|Mold Breaker\n|move|p1a: Salamence|Flamethrower|p2a: Small Child W/ Gun\n|-supereffective|p2a: Small Child W/ Gun\n|-damage|p2a: Small Child W/ Gun|50/100\n|\n|-heal|p2a: Small Child W/ Gun|56/100|[from] item: Leftovers\n|-heal|p1a: Salamence|65/100|[from] item: Leftovers\n|upkeep\n|turn|5\n|c| dad im gay fuck u|small child w/ gun is crazy\n|j| GPearls\n|c| GPearls|lets gooo\n|c| dad im gay fuck u|what's good\n|\n|t:|1695176689\n|switch|p1a: Iron Treads|Iron Treads|100/100\n|move|p2a: Small Child W/ Gun|Thunder Wave|p1a: Iron Treads\n|-immune|p1a: Iron Treads\n|\n|-heal|p2a: Small Child W/ Gun|63/100|[from] item: Leftovers\n|upkeep\n|turn|6\n|\n|t:|1695176705\n|switch|p2a: Narc|Corviknight, F|49/100\n|-ability|p2a: Narc|Pressure\n|move|p1a: Iron Treads|Knock Off|p2a: Narc\n|-damage|p2a: Narc|36/100\n|\n|upkeep\n|turn|7\n|c| GPearls|nm crushing some buffalo wild wings with a payoff TPL game\n|c| GPearls|playoff\n|\n|t:|1695176712\n|move|p1a: Iron Treads|Volt Switch|p2a: Narc\n|-supereffective|p2a: Narc\n|-damage|p2a: Narc|13/100\n|c| GPearls|cant get better tbh\n|\n|t:|1695176721\n|-end|p1a: Iron Treads|Quark Drive|[silent]\n|switch|p1a: Salamence|Salamence, M|65/100|[from] Volt Switch\n|move|p2a: Narc|Roost|p2a: Narc\n|-heal|p2a: Narc|63/100\n|-singleturn|p2a: Narc|move: Roost\n|\n|-heal|p1a: Salamence|71/100|[from] item: Leftovers\n|upkeep\n|turn|8\n|c| Muk Muk Goodra|life is good\n|c| GPearls|truly\n|\n|t:|1695176742\n|switch|p2a: Barceus-Plug|Garganacl, F|100/100\n|move|p1a: Salamence|Flamethrower|p2a: Barceus-Plug\n|-resisted|p2a: Barceus-Plug\n|-damage|p2a: Barceus-Plug|91/100\n|\n|-heal|p1a: Salamence|78/100|[from] item: Leftovers\n|-heal|p2a: Barceus-Plug|97/100|[from] item: Leftovers\n|upkeep\n|turn|9\n|\n|t:|1695176773\n|switch|p1a: Iron Valiant|Iron Valiant|100/100\n|-terastallize|p2a: Barceus-Plug|Fairy\n|move|p2a: Barceus-Plug|Salt Cure|p1a: Iron Valiant\n|-resisted|p1a: Iron Valiant\n|-damage|p1a: Iron Valiant|93/100\n|\n|-heal|p2a: Barceus-Plug|100/100|[from] item: Leftovers\n|upkeep\n|turn|10\n|l| DragnPultdeez\n|\n|t:|1695176830\n|switch|p2a: Narc|Corviknight, F|63/100\n|-ability|p2a: Narc|Pressure\n|move|p1a: Iron Valiant|Calm Mind|p1a: Iron Valiant\n|-boost|p1a: Iron Valiant|spa|1\n|-boost|p1a: Iron Valiant|spd|1\n|\n|upkeep\n|turn|11\n|\n|t:|1695176839\n|move|p1a: Iron Valiant|Thunderbolt|p2a: Narc\n|-supereffective|p2a: Narc\n|-damage|p2a: Narc|0 fnt\n|faint|p2a: Narc\n|\n|upkeep\n|c| Muk Muk Goodra|ruh roh\n|\n|t:|1695176843\n|switch|p2a: Small Child|Breloom, F|100/100\n|turn|12\n|\n|t:|1695176852\n|-end|p1a: Iron Valiant|Quark Drive|[silent]\n|switch|p1a: Chesnaught|Chesnaught, F|100/100\n|move|p2a: Small Child|Spore|p1a: Chesnaught\n|-immune|p1a: Chesnaught\n|\n|upkeep\n|turn|13\n|j| DragnPultdeez\n|c| dad im gay fuck u|D:\n|c| GPearls|my god\n|c| Muk Muk Goodra|thats two t waves and a spore all immune\n|\n|t:|1695176902\n|switch|p2a: Pokeball 2000BC|Electrode-Hisui|32/100\n|move|p1a: Chesnaught|Spikes|p2a: Pokeball 2000BC\n|-sidestart|p2: Susan B Manaphy|Spikes\n|\n|upkeep\n|turn|14\n|\n|t:|1695176917\n|switch|p1a: Iron Treads|Iron Treads|100/100\n|move|p2a: Pokeball 2000BC|Volt Switch|p1a: Iron Treads\n|-immune|p1a: Iron Treads\n|\n|upkeep\n|turn|15\n|c|\u2606Susan B Manaphy|motherfucker\n|c| dad im gay fuck u|lol\n|c|\u2606pop punk pelosi|he said that out loud too\n|c| Muk Muk Goodra|noooooo\n|c| dad im gay fuck u|how many drinks\n|c|\u2606Susan B Manaphy|1\n|c|\u2606pop punk pelosi|3\n|c|\u2606Susan B Manaphy|literally a pbr\n|c| dad im gay fuck u|bro\n|c|\u2606pop punk pelosi|you had a switchback earlier\n|c| GPearls|take his keys from him\n|c|\u2606Susan B Manaphy|that is true\n|c|\u2606Susan B Manaphy|2\n|c| Muk Muk Goodra|what is morrys ideal amount of drinks to play well\n|\n|t:|1695176972\n|switch|p2a: Barceus-Plug|Garganacl, F, tera:Fairy|100/100\n|-damage|p2a: Barceus-Plug|88/100|[from] Spikes\n|move|p1a: Iron Treads|Knock Off|p2a: Barceus-Plug\n|-resisted|p2a: Barceus-Plug\n|-damage|p2a: Barceus-Plug|77/100\n|-enditem|p2a: Barceus-Plug|Leftovers|[from] move: Knock Off|[of] p1a: Iron Treads\n|\n|upkeep\n|turn|16\n|c|\u2606pop punk pelosi|is sean here? I brought some switchbacks back from VT with me\n|\n|t:|1695176980\n|-end|p1a: Iron Treads|Quark Drive|[silent]\n|switch|p1a: Iron Valiant|Iron Valiant|93/100\n|move|p2a: Barceus-Plug|Curse|p2a: Barceus-Plug\n|-unboost|p2a: Barceus-Plug|spe|1\n|-boost|p2a: Barceus-Plug|atk|1\n|-boost|p2a: Barceus-Plug|def|1\n|\n|upkeep\n|turn|17\n|c| wangstaaa|yeah ya boy is here\n|\n|t:|1695176990\n|move|p1a: Iron Valiant|Calm Mind|p1a: Iron Valiant\n|-boost|p1a: Iron Valiant|spa|1\n|-boost|p1a: Iron Valiant|spd|1\n|move|p2a: Barceus-Plug|Recover|p2a: Barceus-Plug\n|-heal|p2a: Barceus-Plug|100/100\n|\n|upkeep\n|turn|18\n|c| wangstaaa|dude hell yeah\n|c| dad im gay fuck u|bro\n|\n|t:|1695177016\n|move|p1a: Iron Valiant|Moonblast|p2a: Barceus-Plug\n|-crit|p2a: Barceus-Plug\n|-damage|p2a: Barceus-Plug|31/100\n|move|p2a: Barceus-Plug|Earthquake|p1a: Iron Valiant\n|-damage|p1a: Iron Valiant|52/100\n|\n|upkeep\n|turn|19\n|c| GPearls|:o\n|c| Muk Muk Goodra|that crit\n|c| dad im gay fuck u|who's tryna hop on the minecraft realm rn tho\n|c| dad im gay fuck u|after this battle\n|c|\u2606pop punk pelosi|minecraft realm?\n|c| GPearls|right into pixelmon\n|\n|t:|1695177060\n|move|p1a: Iron Valiant|Moonblast|p2a: Barceus-Plug\n|-damage|p2a: Barceus-Plug|0 fnt\n|faint|p2a: Barceus-Plug\n|\n|upkeep\n|c| GPearls|o7\n|\n|t:|1695177075\n|switch|p2a: :3|Dragapult, M|100/100\n|-damage|p2a: :3|88/100|[from] Spikes\n|turn|20\n|c| wangstaaa|both of our prior minecraft realms went straight to the house\n|c| dad im gay fuck u|ye i've got one with my gf rn\n|c| wangstaaa|kirk after i submit my application stuff next week i'm turning my brain off\n|\n|t:|1695177094\n|move|p2a: :3|Phantom Force||[still]\n|-prepare|p2a: :3|Phantom Force\n|move|p1a: Iron Valiant|Moonblast|p2a: :3|[miss]\n|-miss|p1a: Iron Valiant|p2a: :3\n|\n|upkeep\n|turn|21\n|c| Muk Muk Goodra|lol wut\n|c| dad im gay fuck u|mason hopped on for a sec\n|c| wangstaaa|and down to play minecraft regularly lol\n|\n|t:|1695177104\n|-end|p1a: Iron Valiant|Quark Drive|[silent]\n|switch|p1a: Chesnaught|Chesnaught, F|100/100\n|move|p2a: :3|Phantom Force|p1a: Chesnaught|[from]lockedmove\n|-damage|p1a: Chesnaught|62/100\n|-damage|p2a: :3|72/100|[from] item: Rocky Helmet|[of] p1a: Chesnaught\n|\n|upkeep\n|turn|22\n|c| dad im gay fuck u|yeah you should join\n|c| dad im gay fuck u|we're going off\n|\n|t:|1695177148\n|switch|p2a: Small Child|Breloom, F|100/100\n|-damage|p2a: Small Child|88/100|[from] Spikes\n|move|p1a: Chesnaught|Crunch|p2a: Small Child\n|-resisted|p2a: Small Child\n|-damage|p2a: Small Child|74/100\n|\n|upkeep\n|turn|23\n|c| dad im gay fuck u|playing minecraft regularly is how you know you've made it tbh\n|\n|t:|1695177168\n|move|p2a: Small Child|Mach Punch|p1a: Chesnaught\n|-damage|p1a: Chesnaught|45/100\n|-damage|p2a: Small Child|58/100|[from] item: Rocky Helmet|[of] p1a: Chesnaught\n|move|p1a: Chesnaught|Body Press|p2a: Small Child\n|-damage|p2a: Small Child|0 fnt\n|faint|p2a: Small Child\n|\n|upkeep\n|\n|t:|1695177183\n|switch|p2a: Small Child W/ Gun|Tinkaton, F|63/100\n|-damage|p2a: Small Child W/ Gun|50/100|[from] Spikes\n|-ability|p2a: Small Child W/ Gun|Mold Breaker\n|turn|24\n|\n|t:|1695177189\n|switch|p1a: Iron Treads|Iron Treads|100/100\n|move|p2a: Small Child W/ Gun|Gigaton Hammer|p1a: Iron Treads\n|-resisted|p1a: Iron Treads\n|-damage|p1a: Iron Treads|81/100\n|\n|-heal|p2a: Small Child W/ Gun|56/100|[from] item: Leftovers\n|upkeep\n|turn|25\n|\n|t:|1695177201\n|move|p1a: Iron Treads|Earthquake|p2a: Small Child W/ Gun\n|-supereffective|p2a: Small Child W/ Gun\n|-damage|p2a: Small Child W/ Gun|0 fnt\n|faint|p2a: Small Child W/ Gun\n|\n|upkeep\n|c| Muk Muk Goodra|I just noticed \"The opposing Small Child fainted\" lol\n|l| DragnPultdeez\n|c|\u2606pop punk pelosi|that's outrageous\n|\n|t:|1695177220\n|switch|p2a: :3|Dragapult, M|72/100\n|-damage|p2a: :3|59/100|[from] Spikes\n|turn|26\n|\n|t:|1695177227\n|move|p2a: :3|Will-O-Wisp|p1a: Iron Treads\n|-status|p1a: Iron Treads|brn\n|move|p1a: Iron Treads|Earthquake|p2a: :3\n|-damage|p2a: :3|30/100\n|\n|-damage|p1a: Iron Treads|75/100 brn|[from] brn\n|upkeep\n|turn|27\n|\n|t:|1695177235\n|switch|p2a: Pokeball 2000BC|Electrode-Hisui|32/100\n|move|p1a: Iron Treads|Earthquake|p2a: Pokeball 2000BC\n|-damage|p2a: Pokeball 2000BC|0 fnt\n|faint|p2a: Pokeball 2000BC\n|\n|-damage|p1a: Iron Treads|69/100 brn|[from] brn\n|upkeep\n|\n|t:|1695177242\n|switch|p2a: :3|Dragapult, M|30/100\n|-damage|p2a: :3|17/100|[from] Spikes\n|turn|28\n|c|\u2606pop punk pelosi|me: what item is on this thing\n|c|\u2606pop punk pelosi|morry: band\n|c| dad im gay fuck u|band wisp is real\n|\n|t:|1695177268\n|move|p2a: :3|Phantom Force||[still]\n|-prepare|p2a: :3|Phantom Force\n|move|p1a: Iron Treads|Earthquake|p2a: :3|[miss]\n|-miss|p1a: Iron Treads|p2a: :3\n|\n|-damage|p1a: Iron Treads|63/100 brn|[from] brn\n|upkeep\n|turn|29\n|c|\u2606pop punk pelosi|real bad\n|c| Muk Muk Goodra|phantom force is hilarious\n|c|\u2606Susan B Manaphy|gg\n|\n|t:|1695177280\n|move|p2a: :3|Phantom Force|p1a: Iron Treads|[from]lockedmove\n|-damage|p1a: Iron Treads|0 fnt\n|faint|p1a: Iron Treads\n|-end|p1a: Iron Treads|Quark Drive|[silent]\n|\n|upkeep\n|c|\u2606Susan B Manaphy|on the board\n|\n|t:|1695177285\n|switch|p1a: Greninja|Greninja, F|100/100\n|turn|30\n|c|\u2606pop punk pelosi|gg\n|\n|t:|1695177290\n|move|p1a: Greninja|Dark Pulse|p2a: :3\n|-start|p1a: Greninja|typechange|Dark|[from] ability: Protean\n|-supereffective|p2a: :3\n|-damage|p2a: :3|0 fnt\n|faint|p2a: :3\n|\n|win|pop punk pelosi\n|c| dad im gay fuck u|morry what the fuck dude\n|c|\u2606Susan B Manaphy|bruh\n|c| dad im gay fuck u|gg\n|c|\u2606pop punk pelosi|see you in sems kirk\n|l| GPearls\n|l|\u2606pop punk pelosi\n|j|\u2606pop punk pelosi\n|player|p1|pop punk pelosi|acetrainersnow\n", "uploadtime": 1695177349, "views": 8, "p1id": "poppunkpelosi", "p2id": "susanbmanaphy", "formatid": "gen9ou", "rating": 0, "private": 0, "password": ""}