{"id": "gen9ou-1947576105", "p1": "Donarumamama", "p2": "Skreemull", "format": "gen9ou", "log": "|j|\u2606Donarumamama\n|j|\u2606Skreemull\n|t:|1695174140\n|gametype|singles\n|player|p1|Donarumamama|pokemaniac|1080\n|player|p2|Skreemull|biker-gen4|1077\n|teamsize|p1|6\n|teamsize|p2|6\n|gen|9\n|tier|[Gen 9] OU\n|rated|\n|rule|Sleep Clause Mod: Limit one foe put to sleep\n|rule|Species Clause: Limit one of each Pok\u00e9mon\n|rule|OHKO Clause: OHKO moves are banned\n|rule|Evasion Items Clause: Evasion items are banned\n|rule|Evasion Moves Clause: Evasion moves are banned\n|rule|Endless Battle Clause: Forcing endless battles is banned\n|rule|HP Percentage Mod: HP is shown in percentages\n|clearpoke\n|poke|p1|Infernape, M|\n|poke|p1|Ogerpon-Wellspring, F|\n|poke|p1|Enamorus, F|\n|poke|p1|Toxtricity, M|\n|poke|p1|Gliscor, M|\n|poke|p1|Ribombee, F|\n|poke|p2|Glimmora, F|\n|poke|p2|Breloom, M|\n|poke|p2|Skeledirge, M|\n|poke|p2|Orthworm, M|\n|poke|p2|Kingambit, M|\n|poke|p2|Blissey, F|\n|teampreview\n|inactive|Battle timer is ON: inactive players will automatically lose when time's up. (requested by Skreemull)\n|\n|t:|1695174156\n|start\n|switch|p1a: Gliscor|Gliscor, M|100/100\n|switch|p2a: Glimmora|Glimmora, F|100/100\n|turn|1\n|\n|t:|1695174167\n|move|p1a: Gliscor|Earthquake|p2a: Glimmora\n|-supereffective|p2a: Glimmora\n|-damage|p2a: Glimmora|3/100\n|-activate|p2a: Glimmora|ability: Toxic Debris\n|-sidestart|p1: Donarumamama|move: Toxic Spikes\n|move|p2a: Glimmora|Sludge Bomb|p1a: Gliscor\n|-resisted|p1a: Gliscor\n|-damage|p1a: Gliscor|75/100\n|-status|p1a: Gliscor|psn\n|\n|-heal|p1a: Gliscor|88/100 psn|[from] ability: Poison Heal\n|upkeep\n|turn|2\n|\n|t:|1695174184\n|switch|p2a: Orthworm|Orthworm, M, shiny|100/100\n|move|p1a: Gliscor|U-turn|p2a: Orthworm\n|-resisted|p2a: Orthworm\n|-damage|p2a: Orthworm|96/100\n|\n|t:|1695174205\n|switch|p1a: Toxtricity|Toxtricity, M|100/100|[from] U-turn\n|-item|p1a: Toxtricity|Air Balloon\n|\n|-heal|p2a: Orthworm|100/100|[from] item: Leftovers\n|upkeep\n|turn|3\n|\n|t:|1695174214\n|move|p1a: Toxtricity|Shift Gear|p1a: Toxtricity\n|-boost|p1a: Toxtricity|spe|2\n|-boost|p1a: Toxtricity|atk|1\n|move|p2a: Orthworm|Smack Down|p1a: Toxtricity\n|-damage|p1a: Toxtricity|85/100\n|-enditem|p1a: Toxtricity|Air Balloon\n|\n|upkeep\n|turn|4\n|\n|t:|1695174227\n|move|p1a: Toxtricity|Hyper Voice|p2a: Orthworm\n|-resisted|p2a: Orthworm\n|-damage|p2a: Orthworm|69/100\n|move|p2a: Orthworm|Earthquake|p1a: Toxtricity\n|-supereffective|p1a: Toxtricity\n|-damage|p1a: Toxtricity|0 fnt\n|faint|p1a: Toxtricity\n|\n|-heal|p2a: Orthworm|75/100|[from] item: Leftovers\n|upkeep\n|\n|t:|1695174238\n|switch|p1a: Gliscor|Gliscor, M|88/100 psn\n|turn|5\n|\n|t:|1695174241\n|move|p1a: Gliscor|Earthquake|p2a: Orthworm\n|-heal|p2a: Orthworm|100/100|[from] ability: Earth Eater|[of] p1a: Gliscor\n|move|p2a: Orthworm|Smack Down|p1a: Gliscor\n|-damage|p1a: Gliscor|81/100 psn\n|-start|p1a: Gliscor|Smack Down\n|\n|-heal|p1a: Gliscor|93/100 psn|[from] ability: Poison Heal\n|upkeep\n|turn|6\n|\n|t:|1695174249\n|move|p1a: Gliscor|U-turn|p2a: Orthworm\n|-resisted|p2a: Orthworm\n|-damage|p2a: Orthworm|96/100\n|\n|t:|1695174276\n|switch|p1a: Ribombee|Ribombee, F|100/100|[from] U-turn\n|-status|p1a: Ribombee|psn\n|move|p2a: Orthworm|Earthquake|p1a: Ribombee\n|-resisted|p1a: Ribombee\n|-damage|p1a: Ribombee|84/100 psn\n|\n|-heal|p2a: Orthworm|100/100|[from] item: Leftovers\n|-damage|p1a: Ribombee|71/100 psn|[from] psn\n|upkeep\n|turn|7\n|\n|t:|1695174285\n|move|p1a: Ribombee|Sticky Web|p2a: Orthworm\n|-sidestart|p2: Skreemull|move: Sticky Web\n|move|p2a: Orthworm|Rock Slide|p1a: Ribombee\n|-supereffective|p1a: Ribombee\n|-damage|p1a: Ribombee|27/100 psn\n|\n|-damage|p1a: Ribombee|14/100 psn|[from] psn\n|upkeep\n|turn|8\n|\n|t:|1695174293\n|move|p1a: Ribombee|Tailwind|p1a: Ribombee\n|-sidestart|p1: Donarumamama|move: Tailwind\n|move|p2a: Orthworm|Smack Down|p1a: Ribombee\n|-supereffective|p1a: Ribombee\n|-damage|p1a: Ribombee|0 fnt\n|faint|p1a: Ribombee\n|\n|upkeep\n|\n|t:|1695174299\n|switch|p1a: Son|Infernape, M|100/100\n|-status|p1a: Son|psn\n|turn|9\n|\n|t:|1695174316\n|-terastallize|p2a: Orthworm|Ground\n|move|p1a: Son|Fire Punch|p2a: Orthworm\n|-damage|p2a: Orthworm|79/100\n|move|p2a: Orthworm|Earthquake|p1a: Son\n|-supereffective|p1a: Son\n|-damage|p1a: Son|6/100 psn\n|\n|-heal|p2a: Orthworm|85/100|[from] item: Leftovers\n|-damage|p1a: Son|0 fnt|[from] psn\n|faint|p1a: Son\n|upkeep\n|inactive|Donarumamama has 120 seconds left.\n|inactive|Donarumamama has 90 seconds left.\n|inactive|Donarumamama has 60 seconds left.\n|inactive|Donarumamama has 30 seconds left.\n|inactive|Donarumamama has 20 seconds left.\n|inactive|Donarumamama has 15 seconds left.\n|inactive|Donarumamama has 10 seconds left.\n|inactive|Donarumamama has 5 seconds left.\n|-message|Donarumamama lost due to inactivity.\n|\n|win|Skreemull\n|raw|Donarumamama's rating: 1080 &rarr; <strong>1058</strong><br />(-22 for losing)\n|raw|Skreemull's rating: 1077 &rarr; <strong>1106</strong><br />(+29 for winning)\n|c|\u2606Skreemull|gg\n", "uploadtime": 1695174479, "views": 10, "p1id": "donarumamama", "p2id": "skreemull", "formatid": "gen9ou", "rating": 1058, "private": 0, "password": ""}