{"id": "gen9ou-1947662416", "p1": "MrSheep12", "p2": "Flounderbasket", "format": "gen9ou", "log": "|j|\u2606MrSheep12\n|j|\u2606Flounderbasket\n|t:|1695183626\n|gametype|singles\n|player|p1|MrSheep12|drayden|1153\n|player|p2|Flounderbasket|hilda|1057\n|teamsize|p1|6\n|teamsize|p2|6\n|gen|9\n|tier|[Gen 9] OU\n|rated|\n|rule|Sleep Clause Mod: Limit one foe put to sleep\n|rule|Species Clause: Limit one of each Pok\u00e9mon\n|rule|OHKO Clause: OHKO moves are banned\n|rule|Evasion Items Clause: Evasion items are banned\n|rule|Evasion Moves Clause: Evasion moves are banned\n|rule|Endless Battle Clause: Forcing endless battles is banned\n|rule|HP Percentage Mod: HP is shown in percentages\n|clearpoke\n|poke|p1|Kommo-o, M|\n|poke|p1|Ting-Lu|\n|poke|p1|Iron Treads|\n|poke|p1|Ursaluna-Bloodmoon, M|\n|poke|p1|Okidogi, M|\n|poke|p1|Iron Valiant|\n|poke|p2|Garchomp, M|\n|poke|p2|Moltres-Galar|\n|poke|p2|Sandslash, M|\n|poke|p2|Umbreon, M|\n|poke|p2|Espeon, M|\n|poke|p2|Seviper, F|\n|teampreview\n|\n|t:|1695183631\n|start\n|switch|p1a: Kommo-o|Kommo-o, M, shiny|100/100\n|switch|p2a: Nagato|Espeon, M|100/100\n|turn|1\n|inactive|Battle timer is ON: inactive players will automatically lose when time's up. (requested by MrSheep12)\n|\n|t:|1695183638\n|move|p1a: Kommo-o|Clangorous Soul|p1a: Kommo-o\n|-boost|p1a: Kommo-o|atk|1\n|-boost|p1a: Kommo-o|def|1\n|-boost|p1a: Kommo-o|spa|1\n|-boost|p1a: Kommo-o|spd|1\n|-boost|p1a: Kommo-o|spe|1\n|-damage|p1a: Kommo-o|68/100\n|-enditem|p1a: Kommo-o|Throat Spray\n|-boost|p1a: Kommo-o|spa|1|[from] item: Throat Spray\n|move|p2a: Nagato|Psyshock|p1a: Kommo-o\n|-supereffective|p1a: Kommo-o\n|-damage|p1a: Kommo-o|0 fnt\n|faint|p1a: Kommo-o\n|\n|upkeep\n|\n|t:|1695183652\n|switch|p1a: Iron Treads|Iron Treads|100/100\n|-enditem|p1a: Iron Treads|Booster Energy\n|-activate|p1a: Iron Treads|ability: Quark Drive|[fromitem]\n|-start|p1a: Iron Treads|quarkdrivespe\n|turn|2\n|\n|t:|1695183675\n|switch|p2a: Kisame|Garchomp, M|100/100\n|move|p1a: Iron Treads|Rapid Spin|p2a: Kisame\n|-damage|p2a: Kisame|85/100\n|-boost|p1a: Iron Treads|spe|1\n|-damage|p1a: Iron Treads|88/100|[from] ability: Rough Skin|[of] p2a: Kisame\n|\n|upkeep\n|turn|3\n|\n|t:|1695183690\n|move|p1a: Iron Treads|Ice Spinner|p2a: Kisame\n|-supereffective|p2a: Kisame\n|-damage|p2a: Kisame|0 fnt\n|-damage|p1a: Iron Treads|76/100|[from] ability: Rough Skin|[of] p2a: Kisame\n|faint|p2a: Kisame\n|\n|upkeep\n|inactive|Flounderbasket has 120 seconds left.\n|\n|t:|1695183715\n|switch|p2a: Orochimaru|Seviper, F|100/100\n|turn|4\n|\n|t:|1695183722\n|move|p1a: Iron Treads|Earthquake|p2a: Orochimaru\n|-supereffective|p2a: Orochimaru\n|-enditem|p2a: Orochimaru|Focus Sash\n|-damage|p2a: Orochimaru|1/100\n|move|p2a: Orochimaru|Flamethrower|p1a: Iron Treads\n|-supereffective|p1a: Iron Treads\n|-damage|p1a: Iron Treads|1/100\n|-status|p1a: Iron Treads|brn\n|\n|-damage|p1a: Iron Treads|0 fnt|[from] brn\n|faint|p1a: Iron Treads\n|-end|p1a: Iron Treads|Quark Drive|[silent]\n|upkeep\n|\n|t:|1695183735\n|switch|p1a: Iron Valiant|Iron Valiant, shiny|100/100\n|-enditem|p1a: Iron Valiant|Booster Energy\n|-activate|p1a: Iron Valiant|ability: Quark Drive|[fromitem]\n|-start|p1a: Iron Valiant|quarkdrivespe\n|turn|5\n|\n|t:|1695183740\n|move|p1a: Iron Valiant|Moonblast|p2a: Orochimaru\n|-resisted|p2a: Orochimaru\n|-damage|p2a: Orochimaru|0 fnt\n|faint|p2a: Orochimaru\n|\n|upkeep\n|\n|t:|1695183757\n|switch|p2a: Nagato|Espeon, M|100/100\n|turn|6\n|\n|t:|1695183767\n|move|p1a: Iron Valiant|Calm Mind|p1a: Iron Valiant\n|-boost|p1a: Iron Valiant|spa|1\n|-boost|p1a: Iron Valiant|spd|1\n|move|p2a: Nagato|Psyshock|p1a: Iron Valiant\n|-supereffective|p1a: Iron Valiant\n|-damage|p1a: Iron Valiant|0 fnt\n|faint|p1a: Iron Valiant\n|-end|p1a: Iron Valiant|Quark Drive|[silent]\n|\n|upkeep\n|\n|t:|1695183773\n|switch|p1a: Okidogi|Okidogi, M|100/100\n|turn|7\n|\n|t:|1695183780\n|move|p2a: Nagato|Psyshock|p1a: Okidogi\n|-supereffective|p1a: Okidogi\n|-damage|p1a: Okidogi|0 fnt\n|faint|p1a: Okidogi\n|\n|upkeep\n|-message|MrSheep12 forfeited.\n|\n|win|Flounderbasket\n|raw|MrSheep12's rating: 1153 &rarr; <strong>1121</strong><br />(-32 for losing)\n|raw|Flounderbasket's rating: 1057 &rarr; <strong>1097</strong><br />(+40 for winning)\n|l|\u2606MrSheep12\n", "uploadtime": 1695183791, "views": 5, "p1id": "mrsheep12", "p2id": "flounderbasket", "formatid": "gen9ou", "rating": 1097, "private": 0, "password": ""}