{"id": "gen9ou-1947658604", "p1": "RainyPerson", "p2": "SSSSSSlizardr", "format": "gen9ou", "log": "|j|\u2606RainyPerson\n|j|\u2606SSSSSSlizardr\n|t:|1695183116\n|gametype|singles\n|player|p1|RainyPerson|266|1448\n|player|p2|SSSSSSlizardr|irida|1362\n|teamsize|p1|6\n|teamsize|p2|6\n|gen|9\n|tier|[Gen 9] OU\n|rated|\n|rule|Sleep Clause Mod: Limit one foe put to sleep\n|rule|Species Clause: Limit one of each Pok\u00e9mon\n|rule|OHKO Clause: OHKO moves are banned\n|rule|Evasion Items Clause: Evasion items are banned\n|rule|Evasion Moves Clause: Evasion moves are banned\n|rule|Endless Battle Clause: Forcing endless battles is banned\n|rule|HP Percentage Mod: HP is shown in percentages\n|clearpoke\n|poke|p1|Iron Moth|\n|poke|p1|Ursaluna-Bloodmoon, M|\n|poke|p1|Great Tusk|\n|poke|p1|Torterra, M|\n|poke|p1|Dragonite, M|\n|poke|p1|Iron Valiant|\n|poke|p2|Ninetales-Alola, M|\n|poke|p2|Alomomola, M|\n|poke|p2|Cresselia, F|\n|poke|p2|Ursaluna-Bloodmoon, M|\n|poke|p2|Jirachi|\n|poke|p2|Pawmot, F|\n|teampreview\n|inactive|Battle timer is ON: inactive players will automatically lose when time's up. (requested by RainyPerson)\n|inactive|SSSSSSlizardr has 120 seconds left.\n|\n|t:|1695183168\n|start\n|switch|p1a: Ursaluna|Ursaluna-Bloodmoon, M|100/100\n|switch|p2a: Ursaluna|Ursaluna-Bloodmoon, M|100/100\n|turn|1\n|\n|t:|1695183188\n|move|p1a: Ursaluna|Blood Moon|p2a: Ursaluna\n|-damage|p2a: Ursaluna|43/100\n|move|p2a: Ursaluna|Blood Moon|p1a: Ursaluna\n|-damage|p1a: Ursaluna|11/100\n|\n|-heal|p1a: Ursaluna|17/100|[from] item: Leftovers\n|upkeep\n|turn|2\n|\n|t:|1695183193\n|move|p2a: Ursaluna|Vacuum Wave|p1a: Ursaluna\n|-supereffective|p1a: Ursaluna\n|-damage|p1a: Ursaluna|0 fnt\n|faint|p1a: Ursaluna\n|\n|upkeep\n|\n|t:|1695183206\n|switch|p1a: Great Tusk|Great Tusk|100/100\n|turn|3\n|\n|t:|1695183210\n|-terastallize|p2a: Ursaluna|Fighting\n|move|p1a: Great Tusk|Earthquake|p2a: Ursaluna\n|-damage|p2a: Ursaluna|11/100\n|move|p2a: Ursaluna|Blood Moon|p1a: Great Tusk\n|-damage|p1a: Great Tusk|0 fnt\n|faint|p1a: Great Tusk\n|-end|p1a: Great Tusk|Protosynthesis|[silent]\n|\n|upkeep\n|\n|t:|1695183215\n|switch|p1a: Iron Moth|Iron Moth|100/100\n|-enditem|p1a: Iron Moth|Booster Energy\n|-activate|p1a: Iron Moth|ability: Quark Drive|[fromitem]\n|-start|p1a: Iron Moth|quarkdrivespe\n|turn|4\n|\n|t:|1695183221\n|switch|p2a: Cresselia|Cresselia, F|100/100\n|move|p1a: Iron Moth|Fiery Dance|p2a: Cresselia\n|-damage|p2a: Cresselia|75/100\n|\n|-heal|p2a: Cresselia|81/100|[from] item: Leftovers\n|upkeep\n|turn|5\n|\n|t:|1695183227\n|-terastallize|p1a: Iron Moth|Fairy\n|move|p1a: Iron Moth|Fiery Dance|p2a: Cresselia\n|-damage|p2a: Cresselia|56/100\n|-boost|p1a: Iron Moth|spa|1\n|move|p2a: Cresselia|Trick Room|p2a: Cresselia\n|-fieldstart|move: Trick Room|[of] p2a: Cresselia\n|\n|-heal|p2a: Cresselia|62/100|[from] item: Leftovers\n|upkeep\n|turn|6\n|\n|t:|1695183229\n|move|p2a: Cresselia|Lunar Dance|p2a: Cresselia\n|faint|p2a: Cresselia\n|move|p1a: Iron Moth|Fiery Dance|p2: Cresselia|[notarget]\n|-fail|p1a: Iron Moth\n|\n|upkeep\n|\n|t:|1695183230\n|switch|p2a: Ursaluna|Ursaluna-Bloodmoon, M, tera:Fighting|11/100\n|-heal|p2a: Ursaluna|100/100|[from] move: Lunar Dance\n|turn|7\n|\n|t:|1695183236\n|move|p2a: Ursaluna|Blood Moon|p1a: Iron Moth\n|-damage|p1a: Iron Moth|9/100\n|move|p1a: Iron Moth|Fiery Dance|p2a: Ursaluna\n|-damage|p2a: Ursaluna|60/100\n|\n|upkeep\n|turn|8\n|\n|t:|1695183238\n|move|p2a: Ursaluna|Tera Blast|p1a: Iron Moth\n|-resisted|p1a: Iron Moth\n|-damage|p1a: Iron Moth|0 fnt\n|faint|p1a: Iron Moth\n|-end|p1a: Iron Moth|Quark Drive|[silent]\n|\n|upkeep\n|\n|t:|1695183245\n|switch|p1a: Dragonite|Dragonite, M|100/100\n|turn|9\n|\n|t:|1695183250\n|move|p2a: Ursaluna|Blood Moon|p1a: Dragonite\n|-damage|p1a: Dragonite|58/100\n|move|p1a: Dragonite|Dragon Dance|p1a: Dragonite\n|-boost|p1a: Dragonite|atk|1\n|-boost|p1a: Dragonite|spe|1\n|\n|-fieldend|move: Trick Room\n|upkeep\n|turn|10\n|\n|t:|1695183256\n|switch|p2a: Ninetales|Ninetales-Alola, M, shiny|100/100\n|-weather|Snow|[from] ability: Snow Warning|[of] p2a: Ninetales\n|move|p1a: Dragonite|Earthquake|p2a: Ninetales\n|-damage|p2a: Ninetales|52/100\n|\n|-weather|Snow|[upkeep]\n|upkeep\n|turn|11\n|\n|t:|1695183261\n|move|p1a: Dragonite|Earthquake|p2a: Ninetales\n|-damage|p2a: Ninetales|3/100\n|move|p2a: Ninetales|Freeze-Dry|p1a: Dragonite\n|-supereffective|p1a: Dragonite\n|-damage|p1a: Dragonite|0 fnt\n|faint|p1a: Dragonite\n|\n|-weather|Snow|[upkeep]\n|upkeep\n|\n|t:|1695183269\n|switch|p1a: Iron Valiant|Iron Valiant|100/100\n|-enditem|p1a: Iron Valiant|Booster Energy\n|-activate|p1a: Iron Valiant|ability: Quark Drive|[fromitem]\n|-start|p1a: Iron Valiant|quarkdrivespe\n|turn|12\n|\n|t:|1695183276\n|move|p1a: Iron Valiant|Moonblast|p2a: Ninetales\n|-damage|p2a: Ninetales|0 fnt\n|faint|p2a: Ninetales\n|\n|-weather|Snow|[upkeep]\n|upkeep\n|\n|t:|1695183281\n|switch|p2a: Jirachi|Jirachi|100/100\n|turn|13\n|\n|t:|1695183284\n|move|p1a: Iron Valiant|Thunderbolt|p2a: Jirachi\n|-damage|p2a: Jirachi|83/100\n|move|p2a: Jirachi|Wish|p2a: Jirachi\n|\n|-weather|Snow|[upkeep]\n|upkeep\n|turn|14\n|\n|t:|1695183286\n|move|p1a: Iron Valiant|Thunderbolt|p2a: Jirachi\n|-damage|p2a: Jirachi|66/100\n|move|p2a: Jirachi|U-turn|p1a: Iron Valiant\n|-resisted|p1a: Iron Valiant\n|-damage|p1a: Iron Valiant|95/100\n|\n|t:|1695183288\n|switch|p2a: Ursaluna|Ursaluna-Bloodmoon, M, tera:Fighting|60/100|[from] U-turn\n|\n|-weather|none\n|-heal|p2a: Ursaluna|100/100|[from] move: Wish|[wisher] Jirachi\n|upkeep\n|turn|15\n|\n|t:|1695183294\n|move|p1a: Iron Valiant|Moonblast|p2a: Ursaluna\n|-supereffective|p2a: Ursaluna\n|-damage|p2a: Ursaluna|38/100\n|move|p2a: Ursaluna|Blood Moon|p1a: Iron Valiant\n|-damage|p1a: Iron Valiant|0 fnt\n|faint|p1a: Iron Valiant\n|-end|p1a: Iron Valiant|Quark Drive|[silent]\n|\n|upkeep\n|\n|t:|1695183300\n|switch|p1a: Torterra|Torterra, M, shiny|100/100\n|turn|16\n|\n|t:|1695183304\n|move|p1a: Torterra|Shell Smash|p1a: Torterra\n|-unboost|p1a: Torterra|def|1\n|-unboost|p1a: Torterra|spd|1\n|-boost|p1a: Torterra|atk|2\n|-boost|p1a: Torterra|spa|2\n|-boost|p1a: Torterra|spe|2\n|-enditem|p1a: Torterra|White Herb\n|-clearnegativeboost|p1a: Torterra|[silent]\n|move|p2a: Ursaluna|Tera Blast|p1a: Torterra\n|-damage|p1a: Torterra|42/100\n|\n|upkeep\n|turn|17\n|\n|t:|1695183319\n|move|p2a: Ursaluna|Vacuum Wave|p1a: Torterra\n|-damage|p1a: Torterra|13/100\n|move|p1a: Torterra|Superpower|p2a: Ursaluna\n|-damage|p2a: Ursaluna|0 fnt\n|-unboost|p1a: Torterra|atk|1\n|-unboost|p1a: Torterra|def|1\n|faint|p2a: Ursaluna\n|\n|upkeep\n|\n|t:|1695183325\n|switch|p2a: Alomomola|Alomomola, M|100/100\n|turn|18\n|\n|t:|1695183330\n|move|p1a: Torterra|Headlong Rush|p2a: Alomomola\n|-damage|p2a: Alomomola|57/100\n|-unboost|p1a: Torterra|def|1\n|-unboost|p1a: Torterra|spd|1\n|-damage|p1a: Torterra|0 fnt|[from] item: Rocky Helmet|[of] p2a: Alomomola\n|faint|p1a: Torterra\n|\n|win|SSSSSSlizardr\n|raw|RainyPerson's rating: 1448 &rarr; <strong>1423</strong><br />(-25 for losing)\n|raw|SSSSSSlizardr's rating: 1362 &rarr; <strong>1387</strong><br />(+25 for winning)\n|l|\u2606RainyPerson\n", "uploadtime": 1695183339, "views": 2, "p1id": "rainyperson", "p2id": "sssssslizardr", "formatid": "gen9ou", "rating": 1387, "private": 0, "password": ""}