{"id": "gen9ou-1947604674", "p1": "ProvoX1", "p2": "azure14", "format": "gen9ou", "log": "|j|\u2606ProvoX1\n|j|\u2606azure14\n|t:|1695177040\n|gametype|singles\n|player|p1|ProvoX1|cynthia-gen4|1260\n|player|p2|azure14|102|1248\n|teamsize|p1|6\n|teamsize|p2|6\n|gen|9\n|tier|[Gen 9] OU\n|rated|\n|rule|Sleep Clause Mod: Limit one foe put to sleep\n|rule|Species Clause: Limit one of each Pok\u00e9mon\n|rule|OHKO Clause: OHKO moves are banned\n|rule|Evasion Items Clause: Evasion items are banned\n|rule|Evasion Moves Clause: Evasion moves are banned\n|rule|Endless Battle Clause: Forcing endless battles is banned\n|rule|HP Percentage Mod: HP is shown in percentages\n|clearpoke\n|poke|p1|Munkidori, M|\n|poke|p1|Garganacl, M|\n|poke|p1|Gliscor, M|\n|poke|p1|Zapdos|\n|poke|p1|Dragapult, M|\n|poke|p1|Iron Valiant|\n|poke|p2|Ogerpon-Hearthflame, F|\n|poke|p2|Gliscor, M|\n|poke|p2|Corviknight, M|\n|poke|p2|Manaphy|\n|poke|p2|Dragapult, M|\n|poke|p2|Fezandipiti, M|\n|teampreview\n|inactive|Battle timer is ON: inactive players will automatically lose when time's up. (requested by ProvoX1)\n|\n|t:|1695177053\n|start\n|switch|p1a: Munkidori|Munkidori, M|100/100\n|switch|p2a: Ogerpon|Ogerpon-Hearthflame, F|100/100\n|-ability|p2a: Ogerpon|Mold Breaker\n|turn|1\n|\n|t:|1695177063\n|move|p1a: Munkidori|Sludge Bomb|p2a: Ogerpon\n|-supereffective|p2a: Ogerpon\n|-damage|p2a: Ogerpon|0 fnt\n|faint|p2a: Ogerpon\n|\n|upkeep\n|\n|t:|1695177070\n|switch|p2a: Corviknight|Corviknight, M, shiny|100/100\n|-ability|p2a: Corviknight|Pressure\n|turn|2\n|\n|t:|1695177083\n|switch|p1a: Garganacl|Garganacl, M|100/100\n|move|p2a: Corviknight|U-turn|p1a: Garganacl\n|-damage|p1a: Garganacl|93/100\n|\n|t:|1695177087\n|switch|p2a: Manaphy|Manaphy, shiny|100/100|[from] U-turn\n|\n|-heal|p1a: Garganacl|99/100|[from] item: Leftovers\n|upkeep\n|turn|3\n|\n|t:|1695177108\n|move|p2a: Manaphy|Take Heart|p2a: Manaphy\n|-boost|p2a: Manaphy|spa|1\n|-boost|p2a: Manaphy|spd|1\n|move|p1a: Garganacl|Salt Cure|p2a: Manaphy\n|-damage|p2a: Manaphy|89/100\n|-start|p2a: Manaphy|Salt Cure\n|\n|-heal|p2a: Manaphy|95/100|[from] item: Leftovers\n|-heal|p1a: Garganacl|100/100|[from] item: Leftovers\n|-damage|p2a: Manaphy|70/100|[from] Salt Cure\n|upkeep\n|turn|4\n|\n|t:|1695177130\n|-terastallize|p1a: Garganacl|Ghost\n|move|p2a: Manaphy|Take Heart|p2a: Manaphy\n|-boost|p2a: Manaphy|spa|1\n|-boost|p2a: Manaphy|spd|1\n|move|p1a: Garganacl|Salt Cure|p2a: Manaphy\n|-damage|p2a: Manaphy|58/100\n|\n|-heal|p2a: Manaphy|64/100|[from] item: Leftovers\n|-damage|p2a: Manaphy|39/100|[from] Salt Cure\n|upkeep\n|turn|5\n|\n|t:|1695177138\n|move|p1a: Garganacl|Protect|p1a: Garganacl\n|-singleturn|p1a: Garganacl|Protect\n|move|p2a: Manaphy|Scald|p1a: Garganacl\n|-activate|p1a: Garganacl|move: Protect\n|\n|-heal|p2a: Manaphy|46/100|[from] item: Leftovers\n|-damage|p2a: Manaphy|21/100|[from] Salt Cure\n|upkeep\n|turn|6\n|\n|t:|1695177146\n|move|p2a: Manaphy|Scald|p1a: Garganacl\n|-damage|p1a: Garganacl|41/100\n|move|p1a: Garganacl|Body Press|p2a: Manaphy\n|-damage|p2a: Manaphy|0 fnt\n|faint|p2a: Manaphy\n|\n|-heal|p1a: Garganacl|47/100|[from] item: Leftovers\n|upkeep\n|\n|t:|1695177159\n|switch|p2a: Dragapult|Dragapult, M, shiny|100/100\n|turn|7\n|\n|t:|1695177165\n|move|p1a: Garganacl|Protect|p1a: Garganacl\n|-singleturn|p1a: Garganacl|Protect\n|move|p2a: Dragapult|Shadow Ball|p1a: Garganacl\n|-activate|p1a: Garganacl|move: Protect\n|\n|-heal|p1a: Garganacl|53/100|[from] item: Leftovers\n|upkeep\n|turn|8\n|\n|t:|1695177182\n|switch|p1a: Zapdos|Zapdos|100/100\n|move|p2a: Dragapult|Shadow Ball|p1a: Zapdos\n|-damage|p1a: Zapdos|52/100\n|-unboost|p1a: Zapdos|spd|1\n|\n|upkeep\n|turn|9\n|\n|t:|1695177189\n|switch|p1a: Gliscor|Gliscor, M, shiny|100/100\n|move|p2a: Dragapult|Shadow Ball|p1a: Gliscor\n|-damage|p1a: Gliscor|36/100\n|-unboost|p1a: Gliscor|spd|1\n|\n|-status|p1a: Gliscor|tox|[from] item: Toxic Orb\n|upkeep\n|turn|10\n|\n|t:|1695177196\n|move|p2a: Dragapult|Shadow Ball|p1a: Gliscor\n|-damage|p1a: Gliscor|0 fnt\n|faint|p1a: Gliscor\n|\n|upkeep\n|\n|t:|1695177201\n|switch|p1a: Iron Valiant|Iron Valiant|100/100\n|-enditem|p1a: Iron Valiant|Booster Energy\n|-activate|p1a: Iron Valiant|ability: Quark Drive|[fromitem]\n|-start|p1a: Iron Valiant|quarkdrivespe\n|turn|11\n|\n|t:|1695177218\n|-terastallize|p2a: Dragapult|Ghost\n|move|p1a: Iron Valiant|Spirit Break|p2a: Dragapult\n|-crit|p2a: Dragapult\n|-damage|p2a: Dragapult|25/100\n|-unboost|p2a: Dragapult|spa|1\n|move|p2a: Dragapult|Shadow Ball|p1a: Iron Valiant\n|-damage|p1a: Iron Valiant|25/100\n|\n|upkeep\n|turn|12\n|\n|t:|1695177227\n|switch|p2a: Corviknight|Corviknight, M, shiny|100/100\n|-ability|p2a: Corviknight|Pressure\n|move|p1a: Iron Valiant|Spirit Break|p2a: Corviknight\n|-resisted|p2a: Corviknight\n|-damage|p2a: Corviknight|89/100\n|-unboost|p2a: Corviknight|spa|1\n|-damage|p1a: Iron Valiant|8/100|[from] item: Rocky Helmet|[of] p2a: Corviknight\n|\n|upkeep\n|turn|13\n|\n|t:|1695177238\n|-end|p1a: Iron Valiant|Quark Drive|[silent]\n|switch|p1a: Zapdos|Zapdos|52/100\n|move|p2a: Corviknight|U-turn|p1a: Zapdos\n|-resisted|p1a: Zapdos\n|-damage|p1a: Zapdos|44/100\n|\n|t:|1695177241\n|switch|p2a: Dragapult|Dragapult, M, shiny, tera:Ghost|25/100|[from] U-turn\n|\n|upkeep\n|turn|14\n|\n|t:|1695177261\n|switch|p1a: Iron Valiant|Iron Valiant|8/100\n|move|p2a: Dragapult|Shadow Ball|p1a: Iron Valiant\n|-damage|p1a: Iron Valiant|0 fnt\n|faint|p1a: Iron Valiant\n|-end|p1a: Iron Valiant|Quark Drive|[silent]\n|\n|upkeep\n|\n|t:|1695177266\n|switch|p1a: Munkidori|Munkidori, M|100/100\n|turn|15\n|\n|t:|1695177278\n|switch|p2a: Corviknight|Corviknight, M, shiny|89/100\n|-ability|p2a: Corviknight|Pressure\n|move|p1a: Munkidori|Hex|p2a: Corviknight\n|-damage|p2a: Corviknight|66/100\n|\n|upkeep\n|turn|16\n|\n|t:|1695177288\n|switch|p1a: Zapdos|Zapdos|44/100\n|move|p2a: Corviknight|U-turn|p1a: Zapdos\n|-resisted|p1a: Zapdos\n|-damage|p1a: Zapdos|36/100\n|\n|t:|1695177291\n|switch|p2a: Dragapult|Dragapult, M, shiny, tera:Ghost|25/100|[from] U-turn\n|\n|upkeep\n|turn|17\n|\n|t:|1695177313\n|move|p2a: Dragapult|Shadow Ball|p1a: Zapdos\n|-damage|p1a: Zapdos|0 fnt\n|faint|p1a: Zapdos\n|\n|upkeep\n|\n|t:|1695177315\n|switch|p1a: Munkidori|Munkidori, M|100/100\n|turn|18\n|\n|t:|1695177322\n|switch|p2a: Fezandipiti|Fezandipiti, M|100/100\n|move|p1a: Munkidori|Hex|p2a: Fezandipiti\n|-damage|p2a: Fezandipiti|88/100\n|\n|upkeep\n|turn|19\n|\n|t:|1695177331\n|switch|p1a: Garganacl|Garganacl, M, tera:Ghost|53/100\n|move|p2a: Fezandipiti|U-turn|p1a: Garganacl\n|-resisted|p1a: Garganacl\n|-damage|p1a: Garganacl|50/100\n|\n|t:|1695177334\n|switch|p2a: Dragapult|Dragapult, M, shiny, tera:Ghost|25/100|[from] U-turn\n|\n|-heal|p1a: Garganacl|56/100|[from] item: Leftovers\n|upkeep\n|turn|20\n|\n|t:|1695177342\n|move|p1a: Garganacl|Protect|p1a: Garganacl\n|-singleturn|p1a: Garganacl|Protect\n|move|p2a: Dragapult|Shadow Ball|p1a: Garganacl\n|-activate|p1a: Garganacl|move: Protect\n|\n|-heal|p1a: Garganacl|62/100|[from] item: Leftovers\n|upkeep\n|turn|21\n|\n|t:|1695177352\n|move|p2a: Dragapult|Shadow Ball|p1a: Garganacl\n|-supereffective|p1a: Garganacl\n|-damage|p1a: Garganacl|1/100\n|move|p1a: Garganacl|Recover|p1a: Garganacl\n|-heal|p1a: Garganacl|51/100\n|\n|-heal|p1a: Garganacl|57/100|[from] item: Leftovers\n|upkeep\n|turn|22\n|\n|t:|1695177362\n|move|p1a: Garganacl|Protect|p1a: Garganacl\n|-singleturn|p1a: Garganacl|Protect\n|move|p2a: Dragapult|Shadow Ball|p1a: Garganacl\n|-activate|p1a: Garganacl|move: Protect\n|\n|-heal|p1a: Garganacl|63/100|[from] item: Leftovers\n|upkeep\n|turn|23\n|\n|t:|1695177369\n|move|p2a: Dragapult|Shadow Ball|p1a: Garganacl\n|-supereffective|p1a: Garganacl\n|-damage|p1a: Garganacl|0 fnt\n|faint|p1a: Garganacl\n|\n|upkeep\n|\n|t:|1695177373\n|switch|p1a: Munkidori|Munkidori, M|100/100\n|turn|24\n|\n|t:|1695177378\n|switch|p2a: Fezandipiti|Fezandipiti, M|88/100\n|move|p1a: Munkidori|Hex|p2a: Fezandipiti\n|-damage|p2a: Fezandipiti|75/100\n|\n|upkeep\n|turn|25\n|\n|t:|1695177387\n|switch|p1a: Dragapult|Dragapult, M|100/100\n|move|p2a: Fezandipiti|U-turn|p1a: Dragapult\n|-resisted|p1a: Dragapult\n|-damage|p1a: Dragapult|90/100\n|\n|t:|1695177391\n|switch|p2a: Gliscor|Gliscor, M, shiny|100/100|[from] U-turn\n|\n|-status|p2a: Gliscor|tox|[from] item: Toxic Orb\n|upkeep\n|turn|26\n|\n|t:|1695177399\n|move|p2a: Gliscor|Protect|p2a: Gliscor\n|-singleturn|p2a: Gliscor|Protect\n|move|p1a: Dragapult|Hydro Pump|p2a: Gliscor\n|-activate|p2a: Gliscor|move: Protect\n|\n|upkeep\n|turn|27\n|\n|t:|1695177412\n|switch|p2a: Corviknight|Corviknight, M, shiny|66/100\n|-ability|p2a: Corviknight|Pressure\n|move|p1a: Dragapult|Hydro Pump|p2a: Corviknight\n|-damage|p2a: Corviknight|17/100\n|\n|upkeep\n|turn|28\n|\n|t:|1695177418\n|move|p1a: Dragapult|Hydro Pump|p2a: Corviknight|[miss]\n|-miss|p1a: Dragapult|p2a: Corviknight\n|move|p2a: Corviknight|Brave Bird|p1a: Dragapult\n|-damage|p1a: Dragapult|41/100\n|-damage|p2a: Corviknight|4/100|[from] Recoil\n|\n|upkeep\n|turn|29\n|\n|t:|1695177423\n|move|p1a: Dragapult|Hydro Pump|p2a: Corviknight|[miss]\n|-miss|p1a: Dragapult|p2a: Corviknight\n|move|p2a: Corviknight|Brave Bird|p1a: Dragapult\n|-damage|p1a: Dragapult|0 fnt\n|faint|p1a: Dragapult\n|-damage|p2a: Corviknight|0 fnt|[from] Recoil\n|faint|p2a: Corviknight\n|\n|upkeep\n|\n|t:|1695177427\n|switch|p1a: Munkidori|Munkidori, M|100/100\n|switch|p2a: Fezandipiti|Fezandipiti, M|75/100\n|turn|30\n|\n|t:|1695177437\n|move|p1a: Munkidori|Psychic|p2a: Fezandipiti\n|-supereffective|p2a: Fezandipiti\n|-damage|p2a: Fezandipiti|21/100\n|-unboost|p2a: Fezandipiti|spd|1\n|move|p2a: Fezandipiti|Roost|p2a: Fezandipiti\n|-heal|p2a: Fezandipiti|71/100\n|-singleturn|p2a: Fezandipiti|move: Roost\n|\n|upkeep\n|turn|31\n|\n|t:|1695177446\n|move|p1a: Munkidori|Psychic|p2a: Fezandipiti\n|-supereffective|p2a: Fezandipiti\n|-damage|p2a: Fezandipiti|0 fnt\n|faint|p2a: Fezandipiti\n|\n|upkeep\n|\n|t:|1695177449\n|switch|p2a: Gliscor|Gliscor, M, shiny|100/100 tox\n|turn|32\n|\n|t:|1695177453\n|move|p1a: Munkidori|Psychic|p2a: Gliscor\n|-damage|p2a: Gliscor|36/100 tox\n|move|p2a: Gliscor|Earthquake|p1a: Munkidori\n|-supereffective|p1a: Munkidori\n|-damage|p1a: Munkidori|0 fnt\n|faint|p1a: Munkidori\n|\n|win|azure14\n|raw|ProvoX1's rating: 1260 &rarr; <strong>1234</strong><br />(-26 for losing)\n|raw|azure14's rating: 1248 &rarr; <strong>1274</strong><br />(+26 for winning)\n|l|\u2606ProvoX1\n", "uploadtime": 1695177482, "views": 6, "p1id": "provox1", "p2id": "azure14", "formatid": "gen9ou", "rating": 1234, "private": 0, "password": ""}