{"id": "gen9ou-1947686230", "p1": "Shashterpiece", "p2": "SpecsGastr0", "format": "gen9ou", "log": "|j|\u2606Shashterpiece\n|j|\u2606SpecsGastr0\n|t:|1695186964\n|gametype|singles\n|player|p1|Shashterpiece|volkner|\n|player|p2|SpecsGastr0|colress|\n|teamsize|p1|6\n|teamsize|p2|6\n|gen|9\n|tier|[Gen 9] OU\n|rule|Sleep Clause Mod: Limit one foe put to sleep\n|rule|Species Clause: Limit one of each Pok\u00e9mon\n|rule|OHKO Clause: OHKO moves are banned\n|rule|Evasion Items Clause: Evasion items are banned\n|rule|Evasion Moves Clause: Evasion moves are banned\n|rule|Endless Battle Clause: Forcing endless battles is banned\n|rule|HP Percentage Mod: HP is shown in percentages\n|clearpoke\n|poke|p1|Infernape, F|\n|poke|p1|Sinistcha|\n|poke|p1|Dragapult, F|\n|poke|p1|Great Tusk|\n|poke|p1|Gliscor, F|\n|poke|p1|Ogerpon-Hearthflame, F|\n|poke|p2|Ogerpon-Hearthflame, F|\n|poke|p2|Gholdengo|\n|poke|p2|Kingambit, M|\n|poke|p2|Zapdos|\n|poke|p2|Sinistcha-Masterpiece|\n|poke|p2|Great Tusk|\n|teampreview\n|inactive|Battle timer is ON: inactive players will automatically lose when time's up. (requested by Shashterpiece)\n|inactiveoff|Battle timer is now OFF.\n|\n|t:|1695186982\n|start\n|switch|p1a: Kaworu|Gliscor, F, shiny|100/100\n|switch|p2a: Kokoro|Ogerpon-Hearthflame, F|100/100\n|-ability|p2a: Kokoro|Mold Breaker\n|turn|1\n|\n|t:|1695186989\n|move|p2a: Kokoro|Knock Off|p1a: Kaworu\n|-damage|p1a: Kaworu|60/100\n|-enditem|p1a: Kaworu|Toxic Orb|[from] move: Knock Off|[of] p2a: Kokoro\n|move|p1a: Kaworu|Knock Off|p2a: Kokoro\n|-damage|p2a: Kokoro|77/100\n|\n|upkeep\n|turn|2\n|\n|t:|1695187005\n|switch|p2a: Pretty Good|Zapdos|100/100\n|move|p1a: Kaworu|Acrobatics|p2a: Pretty Good\n|-resisted|p2a: Pretty Good\n|-damage|p2a: Pretty Good|79/100\n|-status|p1a: Kaworu|par|[from] ability: Static|[of] p2a: Pretty Good\n|\n|upkeep\n|turn|3\n|\n|t:|1695187012\n|move|p2a: Pretty Good|Hurricane|p1a: Kaworu\n|-damage|p1a: Kaworu|0 fnt\n|faint|p1a: Kaworu\n|\n|upkeep\n|\n|t:|1695187031\n|switch|p1a: Asuka|Ogerpon-Hearthflame, F|100/100\n|-ability|p1a: Asuka|Mold Breaker\n|turn|4\n|\n|t:|1695187060\n|switch|p1a: Rei|Sinistcha|100/100\n|move|p2a: Pretty Good|Hurricane|p1a: Rei\n|-supereffective|p1a: Rei\n|-enditem|p1a: Rei|Focus Sash\n|-damage|p1a: Rei|1/100\n|\n|upkeep\n|turn|5\n|\n|t:|1695187077\n|move|p2a: Pretty Good|Volt Switch|p1a: Rei\n|-resisted|p1a: Rei\n|-damage|p1a: Rei|0 fnt\n|faint|p1a: Rei\n|\n|t:|1695187092\n|switch|p2a: Cawfee|Sinistcha-Masterpiece|100/100|[from] Volt Switch\n|\n|upkeep\n|\n|t:|1695187106\n|switch|p1a: Shinji|Infernape, F, shiny|100/100\n|turn|6\n|\n|t:|1695187118\n|move|p1a: Shinji|Knock Off|p2a: Cawfee\n|-supereffective|p2a: Cawfee\n|-damage|p2a: Cawfee|48/100\n|-enditem|p2a: Cawfee|Leftovers|[from] move: Knock Off|[of] p1a: Shinji\n|-damage|p1a: Shinji|91/100|[from] item: Life Orb\n|move|p2a: Cawfee|Strength Sap|p1a: Shinji\n|-unboost|p1a: Shinji|atk|1\n|-heal|p2a: Cawfee|100/100\n|\n|upkeep\n|turn|7\n|\n|t:|1695187128\n|move|p1a: Shinji|U-turn|p2a: Cawfee\n|-damage|p2a: Cawfee|88/100\n|-damage|p1a: Shinji|81/100|[from] item: Life Orb\n|\n|t:|1695187132\n|switch|p1a: Misato|Dragapult, F, shiny|100/100|[from] U-turn\n|move|p2a: Cawfee|Scald|p1a: Misato\n|-resisted|p1a: Misato\n|-damage|p1a: Misato|87/100\n|\n|upkeep\n|turn|8\n|\n|t:|1695187142\n|move|p1a: Misato|Draco Meteor|p2a: Cawfee\n|-damage|p2a: Cawfee|0 fnt\n|-unboost|p1a: Misato|spa|2\n|faint|p2a: Cawfee\n|\n|upkeep\n|\n|t:|1695187162\n|switch|p2a: Kokoro|Ogerpon-Hearthflame, F|77/100\n|-ability|p2a: Kokoro|Mold Breaker\n|turn|9\n|\n|t:|1695187169\n|switch|p1a: Shinji|Infernape, F, shiny|81/100\n|move|p2a: Kokoro|Trailblaze|p1a: Shinji\n|-resisted|p1a: Shinji\n|-damage|p1a: Shinji|54/100\n|-boost|p2a: Kokoro|spe|1\n|\n|upkeep\n|turn|10\n|\n|t:|1695187181\n|-terastallize|p2a: Kokoro|Fire\n|detailschange|p2a: Kokoro|Ogerpon-Hearthflame-Tera, F, tera:Fire\n|-ability|p2a: Kokoro|Embody Aspect (Hearthflame)|boost\n|-boost|p2a: Kokoro|atk|1\n|move|p2a: Kokoro|Ivy Cudgel|p1a: Shinji\n|-resisted|p1a: Shinji\n|-crit|p1a: Shinji\n|-damage|p1a: Shinji|0 fnt\n|faint|p1a: Shinji\n|\n|upkeep\n|\n|t:|1695187186\n|switch|p1a: Asuka|Ogerpon-Hearthflame, F|100/100\n|-ability|p1a: Asuka|Mold Breaker\n|turn|11\n|\n|t:|1695187191\n|-terastallize|p1a: Asuka|Fire\n|detailschange|p1a: Asuka|Ogerpon-Hearthflame-Tera, F, tera:Fire\n|-ability|p1a: Asuka|Embody Aspect (Hearthflame)|boost\n|-boost|p1a: Asuka|atk|1\n|move|p2a: Kokoro|Ivy Cudgel|p1a: Asuka\n|-resisted|p1a: Asuka\n|-damage|p1a: Asuka|14/100\n|move|p1a: Asuka|Ivy Cudgel|p2a: Kokoro\n|-resisted|p2a: Kokoro\n|-damage|p2a: Kokoro|0 fnt\n|faint|p2a: Kokoro\n|\n|upkeep\n|\n|t:|1695187223\n|switch|p2a: Sisyphus|Gholdengo|100/100\n|turn|12\n|\n|t:|1695187244\n|move|p2a: Sisyphus|Shadow Ball|p1a: Asuka\n|-damage|p1a: Asuka|0 fnt\n|faint|p1a: Asuka\n|\n|upkeep\n|\n|t:|1695187248\n|switch|p1a: Misato|Dragapult, F, shiny|87/100\n|turn|13\n|\n|t:|1695187261\n|switch|p2a: ACT IV|Great Tusk, shiny|100/100\n|move|p1a: Misato|Draco Meteor|p2a: ACT IV\n|-damage|p2a: ACT IV|23/100\n|-unboost|p1a: Misato|spa|2\n|\n|upkeep\n|turn|14\n|\n|t:|1695187270\n|move|p1a: Misato|Draco Meteor|p2a: ACT IV\n|-damage|p2a: ACT IV|0 fnt\n|-unboost|p1a: Misato|spa|2\n|faint|p2a: ACT IV\n|-end|p2a: ACT IV|Protosynthesis|[silent]\n|\n|upkeep\n|\n|t:|1695187282\n|switch|p2a: Sisyphus|Gholdengo|100/100\n|turn|15\n|\n|t:|1695187290\n|switch|p1a: Ritsuko|Great Tusk|100/100\n|move|p2a: Sisyphus|Dazzling Gleam|p1a: Ritsuko\n|-supereffective|p1a: Ritsuko\n|-damage|p1a: Ritsuko|40/100\n|\n|upkeep\n|turn|16\n|\n|t:|1695187305\n|move|p2a: Sisyphus|Dazzling Gleam|p1a: Ritsuko\n|-supereffective|p1a: Ritsuko\n|-damage|p1a: Ritsuko|0 fnt\n|faint|p1a: Ritsuko\n|-end|p1a: Ritsuko|Protosynthesis|[silent]\n|\n|upkeep\n|\n|t:|1695187307\n|switch|p1a: Misato|Dragapult, F, shiny|87/100\n|turn|17\n|\n|t:|1695187313\n|move|p2a: Sisyphus|Dazzling Gleam|p1a: Misato\n|-supereffective|p1a: Misato\n|-damage|p1a: Misato|3/100\n|move|p1a: Misato|Thunderbolt|p2a: Sisyphus\n|-damage|p2a: Sisyphus|58/100\n|\n|upkeep\n|turn|18\n|\n|t:|1695187319\n|move|p2a: Sisyphus|Dazzling Gleam|p1a: Misato\n|-supereffective|p1a: Misato\n|-damage|p1a: Misato|0 fnt\n|faint|p1a: Misato\n|\n|win|SpecsGastr0\n", "uploadtime": 1695187328, "views": 8, "p1id": "shashterpiece", "p2id": "specsgastr0", "formatid": "gen9ou", "rating": 0, "private": 0, "password": ""}