{"id": "gen9ou-1947617609", "p1": "Bandalo Salvaje", "p2": "dibssss", "format": "gen9ou", "log": "|j|\u2606Bandalo Salvaje\n|j|\u2606dibssss\n|t:|1695178372\n|gametype|singles\n|player|p1|Bandalo Salvaje|drayden|1212\n|player|p2|dibssss|2|1206\n|teamsize|p1|6\n|teamsize|p2|6\n|gen|9\n|tier|[Gen 9] OU\n|rated|\n|rule|Sleep Clause Mod: Limit one foe put to sleep\n|rule|Species Clause: Limit one of each Pok\u00e9mon\n|rule|OHKO Clause: OHKO moves are banned\n|rule|Evasion Items Clause: Evasion items are banned\n|rule|Evasion Moves Clause: Evasion moves are banned\n|rule|Endless Battle Clause: Forcing endless battles is banned\n|rule|HP Percentage Mod: HP is shown in percentages\n|clearpoke\n|poke|p1|Ogerpon-Hearthflame, F|\n|poke|p1|Sinistcha|\n|poke|p1|Kommo-o, M|\n|poke|p1|Toxapex, F|\n|poke|p1|Gliscor, M|\n|poke|p1|Ribombee, F|\n|poke|p2|Ursaluna-Bloodmoon, M|\n|poke|p2|Fezandipiti, M|\n|poke|p2|Rotom-Wash|\n|poke|p2|Cinderace, F|\n|poke|p2|Kingambit, M|\n|poke|p2|Dragonite, M|\n|teampreview\n|inactive|Battle timer is ON: inactive players will automatically lose when time's up. (requested by dibssss)\n|inactive|Bandalo Salvaje also wants the timer to be on.\n|\n|t:|1695178380\n|start\n|switch|p1a: Ribombee|Ribombee, F|100/100\n|switch|p2a: Cinderace|Cinderace, F|100/100\n|turn|1\n|\n|t:|1695178396\n|move|p1a: Ribombee|Sticky Web|p2a: Cinderace\n|-sidestart|p2: dibssss|move: Sticky Web\n|move|p2a: Cinderace|Pyro Ball|p1a: Ribombee\n|-supereffective|p1a: Ribombee\n|-damage|p1a: Ribombee|0 fnt\n|faint|p1a: Ribombee\n|\n|upkeep\n|\n|t:|1695178407\n|switch|p1a: Kommo-o|Kommo-o, M|100/100\n|turn|2\n|\n|t:|1695178414\n|move|p2a: Cinderace|Will-O-Wisp|p1a: Kommo-o\n|-status|p1a: Kommo-o|brn\n|move|p1a: Kommo-o|Clangorous Soul|p1a: Kommo-o\n|-boost|p1a: Kommo-o|atk|1\n|-boost|p1a: Kommo-o|def|1\n|-boost|p1a: Kommo-o|spa|1\n|-boost|p1a: Kommo-o|spd|1\n|-boost|p1a: Kommo-o|spe|1\n|-damage|p1a: Kommo-o|68/100 brn\n|-enditem|p1a: Kommo-o|Throat Spray\n|-boost|p1a: Kommo-o|spa|1|[from] item: Throat Spray\n|\n|-damage|p1a: Kommo-o|61/100 brn|[from] brn\n|upkeep\n|turn|3\n|\n|t:|1695178431\n|move|p1a: Kommo-o|Boomburst|p2a: Cinderace\n|-damage|p2a: Cinderace|4/100\n|move|p2a: Cinderace|Court Change|p2a: Cinderace\n|-swapsideconditions\n|-activate|p2a: Cinderace|move: Court Change\n|\n|-damage|p1a: Kommo-o|55/100 brn|[from] brn\n|upkeep\n|turn|4\n|\n|t:|1695178447\n|move|p1a: Kommo-o|Clanging Scales|p2a: Cinderace\n|-damage|p2a: Cinderace|0 fnt\n|faint|p2a: Cinderace\n|-unboost|p1a: Kommo-o|def|1\n|\n|-damage|p1a: Kommo-o|49/100 brn|[from] brn\n|upkeep\n|\n|t:|1695178475\n|switch|p2a: Rotom|Rotom-Wash|100/100\n|turn|5\n|\n|t:|1695178491\n|move|p1a: Kommo-o|Boomburst|p2a: Rotom\n|-damage|p2a: Rotom|19/100\n|move|p2a: Rotom|Volt Switch|p1a: Kommo-o\n|-resisted|p1a: Kommo-o\n|-damage|p1a: Kommo-o|40/100 brn\n|\n|t:|1695178501\n|switch|p2a: Ursaluna|Ursaluna-Bloodmoon, M|100/100|[from] Volt Switch\n|\n|-damage|p1a: Kommo-o|34/100 brn|[from] brn\n|upkeep\n|turn|6\n|\n|t:|1695178508\n|move|p2a: Ursaluna|Vacuum Wave|p1a: Kommo-o\n|-damage|p1a: Kommo-o|21/100 brn\n|move|p1a: Kommo-o|Clanging Scales|p2a: Ursaluna\n|-damage|p2a: Ursaluna|0 fnt\n|faint|p2a: Ursaluna\n|-unboost|p1a: Kommo-o|def|1\n|\n|-damage|p1a: Kommo-o|15/100 brn|[from] brn\n|upkeep\n|\n|t:|1695178518\n|switch|p2a: Rotom|Rotom-Wash|19/100\n|turn|7\n|\n|t:|1695178523\n|move|p2a: Rotom|Protect|p2a: Rotom\n|-singleturn|p2a: Rotom|Protect\n|move|p1a: Kommo-o|Boomburst|p2a: Rotom\n|-activate|p2a: Rotom|move: Protect\n|\n|-heal|p2a: Rotom|25/100|[from] item: Leftovers\n|-damage|p1a: Kommo-o|9/100 brn|[from] brn\n|upkeep\n|turn|8\n|\n|t:|1695178536\n|move|p2a: Rotom|Protect|p2a: Rotom\n|-singleturn|p2a: Rotom|Protect\n|move|p1a: Kommo-o|Clanging Scales|p2a: Rotom\n|-activate|p2a: Rotom|move: Protect\n|\n|-heal|p2a: Rotom|31/100|[from] item: Leftovers\n|-damage|p1a: Kommo-o|3/100 brn|[from] brn\n|upkeep\n|turn|9\n|\n|t:|1695178553\n|switch|p1a: Sinistcha|Sinistcha|100/100\n|-activate|p1a: Sinistcha|move: Sticky Web\n|-unboost|p1a: Sinistcha|spe|1\n|move|p2a: Rotom|Volt Switch|p1a: Sinistcha\n|-resisted|p1a: Sinistcha\n|-damage|p1a: Sinistcha|87/100\n|\n|t:|1695178559\n|switch|p2a: Fezandipiti|Fezandipiti, M|100/100|[from] Volt Switch\n|\n|-heal|p1a: Sinistcha|94/100|[from] item: Leftovers\n|upkeep\n|turn|10\n|\n|t:|1695178574\n|switch|p1a: Gliscor|Gliscor, M, shiny|100/100\n|move|p2a: Fezandipiti|Beat Up|p1a: Gliscor\n|-damage|p1a: Gliscor|98/100\n|-damage|p1a: Gliscor|97/100\n|-status|p1a: Gliscor|tox|[from] ability: Toxic Chain|[of] p2a: Fezandipiti\n|-damage|p1a: Gliscor|94/100 tox\n|-damage|p1a: Gliscor|91/100 tox\n|-hitcount|p1a: Gliscor|4\n|\n|-heal|p1a: Gliscor|100/100 tox|[from] ability: Poison Heal\n|upkeep\n|turn|11\n|\n|t:|1695178590\n|move|p2a: Fezandipiti|U-turn|p1a: Gliscor\n|-resisted|p1a: Gliscor\n|-damage|p1a: Gliscor|96/100 tox\n|\n|t:|1695178592\n|switch|p2a: Dragonite|Dragonite, M|100/100|[from] U-turn\n|move|p1a: Gliscor|Stealth Rock|p2a: Dragonite\n|-sidestart|p2: dibssss|move: Stealth Rock\n|\n|-heal|p1a: Gliscor|100/100 tox|[from] ability: Poison Heal\n|upkeep\n|turn|12\n|\n|t:|1695178602\n|move|p2a: Dragonite|Outrage|p1a: Gliscor\n|-damage|p1a: Gliscor|28/100 tox\n|move|p1a: Gliscor|Knock Off|p2a: Dragonite\n|-damage|p2a: Dragonite|90/100\n|-enditem|p2a: Dragonite|Choice Band|[from] move: Knock Off|[of] p1a: Gliscor\n|\n|-heal|p1a: Gliscor|41/100 tox|[from] ability: Poison Heal\n|upkeep\n|turn|13\n|\n|t:|1695178614\n|switch|p1a: Kommo-o|Kommo-o, M|3/100 brn\n|-activate|p1a: Kommo-o|move: Sticky Web\n|-unboost|p1a: Kommo-o|spe|1\n|move|p2a: Dragonite|Outrage|p1a: Kommo-o|[from]lockedmove\n|-supereffective|p1a: Kommo-o\n|-damage|p1a: Kommo-o|0 fnt\n|faint|p1a: Kommo-o\n|-start|p2a: Dragonite|confusion|[fatigue]\n|\n|upkeep\n|\n|t:|1695178639\n|switch|p1a: Toxapex|Toxapex, F|100/100\n|-activate|p1a: Toxapex|move: Sticky Web\n|-unboost|p1a: Toxapex|spe|1\n|turn|14\n|\n|t:|1695178645\n|switch|p2a: Rotom|Rotom-Wash|31/100\n|-damage|p2a: Rotom|19/100|[from] Stealth Rock\n|move|p1a: Toxapex|Infestation|p2a: Rotom\n|-damage|p2a: Rotom|14/100\n|-activate|p2a: Rotom|move: Infestation|[of] p1a: Toxapex\n|\n|-heal|p2a: Rotom|20/100|[from] item: Leftovers\n|-damage|p2a: Rotom|8/100|[from] move: Infestation|[partiallytrapped]\n|upkeep\n|turn|15\n|\n|t:|1695178660\n|switch|p1a: Gliscor|Gliscor, M, shiny|41/100 tox\n|move|p2a: Rotom|Volt Switch|p1a: Gliscor\n|-immune|p1a: Gliscor\n|\n|-heal|p2a: Rotom|14/100|[from] item: Leftovers\n|-heal|p1a: Gliscor|53/100 tox|[from] ability: Poison Heal\n|-end|p2a: Rotom|Infestation|[partiallytrapped]|[silent]\n|upkeep\n|turn|16\n|\n|t:|1695178672\n|switch|p1a: Sinistcha|Sinistcha|94/100\n|-activate|p1a: Sinistcha|move: Sticky Web\n|-unboost|p1a: Sinistcha|spe|1\n|move|p2a: Rotom|Hydro Pump|p1a: Sinistcha\n|-resisted|p1a: Sinistcha\n|-damage|p1a: Sinistcha|71/100\n|\n|-heal|p2a: Rotom|20/100|[from] item: Leftovers\n|-heal|p1a: Sinistcha|77/100|[from] item: Leftovers\n|upkeep\n|turn|17\n|\n|t:|1695178684\n|move|p2a: Rotom|Volt Switch|p1a: Sinistcha\n|-resisted|p1a: Sinistcha\n|-damage|p1a: Sinistcha|65/100\n|\n|t:|1695178688\n|switch|p2a: Fezandipiti|Fezandipiti, M|100/100|[from] Volt Switch\n|move|p1a: Sinistcha|Calm Mind|p1a: Sinistcha\n|-boost|p1a: Sinistcha|spa|1\n|-boost|p1a: Sinistcha|spd|1\n|\n|-heal|p1a: Sinistcha|71/100|[from] item: Leftovers\n|upkeep\n|turn|18\n|\n|t:|1695178701\n|switch|p1a: Gliscor|Gliscor, M, shiny|53/100 tox\n|move|p2a: Fezandipiti|Beat Up|p1a: Gliscor\n|-damage|p1a: Gliscor|51/100 tox\n|-damage|p1a: Gliscor|49/100 tox\n|-damage|p1a: Gliscor|46/100 tox\n|-damage|p1a: Gliscor|44/100 tox\n|-hitcount|p1a: Gliscor|4\n|\n|-heal|p1a: Gliscor|56/100 tox|[from] ability: Poison Heal\n|upkeep\n|turn|19\n|\n|t:|1695178715\n|move|p2a: Fezandipiti|Moonblast|p1a: Gliscor\n|-damage|p1a: Gliscor|34/100 tox\n|move|p1a: Gliscor|Stone Edge|p2a: Fezandipiti\n|-damage|p2a: Fezandipiti|79/100\n|\n|-heal|p1a: Gliscor|47/100 tox|[from] ability: Poison Heal\n|upkeep\n|turn|20\n|\n|t:|1695178726\n|move|p2a: Fezandipiti|Moonblast|p1a: Gliscor\n|-damage|p1a: Gliscor|25/100 tox\n|-unboost|p1a: Gliscor|spa|1\n|move|p1a: Gliscor|Earthquake|p2a: Fezandipiti\n|-supereffective|p2a: Fezandipiti\n|-damage|p2a: Fezandipiti|6/100\n|\n|-heal|p1a: Gliscor|37/100 tox|[from] ability: Poison Heal\n|upkeep\n|turn|21\n|\n|t:|1695178736\n|move|p2a: Fezandipiti|U-turn|p1a: Gliscor\n|-resisted|p1a: Gliscor\n|-damage|p1a: Gliscor|32/100 tox\n|\n|t:|1695178740\n|switch|p2a: Rotom|Rotom-Wash|20/100|[from] U-turn\n|-damage|p2a: Rotom|8/100|[from] Stealth Rock\n|move|p1a: Gliscor|Knock Off|p2a: Rotom\n|-damage|p2a: Rotom|0 fnt\n|-enditem|p2a: Rotom|Leftovers|[from] move: Knock Off|[of] p1a: Gliscor\n|faint|p2a: Rotom\n|\n|-heal|p1a: Gliscor|44/100 tox|[from] ability: Poison Heal\n|upkeep\n|\n|t:|1695178750\n|switch|p2a: Kingambit|Kingambit, M|100/100\n|-damage|p2a: Kingambit|94/100|[from] Stealth Rock\n|-activate|p2a: Kingambit|ability: Supreme Overlord\n|-start|p2a: Kingambit|fallen3|[silent]\n|-item|p2a: Kingambit|Air Balloon\n|turn|22\n|\n|t:|1695178758\n|move|p1a: Gliscor|Knock Off|p2a: Kingambit\n|-resisted|p2a: Kingambit\n|-damage|p2a: Kingambit|86/100\n|-enditem|p2a: Kingambit|Air Balloon\n|move|p2a: Kingambit|Kowtow Cleave|p1a: Gliscor\n|-damage|p1a: Gliscor|1/100 tox\n|\n|-heal|p1a: Gliscor|13/100 tox|[from] ability: Poison Heal\n|upkeep\n|turn|23\n|\n|t:|1695178776\n|move|p2a: Kingambit|Sucker Punch|p1a: Gliscor\n|-damage|p1a: Gliscor|0 fnt\n|faint|p1a: Gliscor\n|\n|upkeep\n|\n|t:|1695178783\n|switch|p1a: Toxapex|Toxapex, F|100/100\n|-activate|p1a: Toxapex|move: Sticky Web\n|-unboost|p1a: Toxapex|spe|1\n|turn|24\n|\n|t:|1695178788\n|-end|p2a: Kingambit|fallen3|[silent]\n|switch|p2a: Fezandipiti|Fezandipiti, M|6/100\n|move|p1a: Toxapex|Infestation|p2a: Fezandipiti\n|-resisted|p2a: Fezandipiti\n|-damage|p2a: Fezandipiti|5/100\n|-activate|p2a: Fezandipiti|move: Infestation|[of] p1a: Toxapex\n|\n|-damage|p2a: Fezandipiti|0 fnt|[from] move: Infestation|[partiallytrapped]\n|faint|p2a: Fezandipiti\n|upkeep\n|\n|t:|1695178791\n|switch|p2a: Dragonite|Dragonite, M|90/100\n|-damage|p2a: Dragonite|65/100|[from] Stealth Rock\n|turn|25\n|\n|t:|1695178803\n|switch|p1a: Sinistcha|Sinistcha|71/100\n|-activate|p1a: Sinistcha|move: Sticky Web\n|-unboost|p1a: Sinistcha|spe|1\n|move|p2a: Dragonite|Earthquake|p1a: Sinistcha\n|-resisted|p1a: Sinistcha\n|-damage|p1a: Sinistcha|56/100\n|\n|-heal|p1a: Sinistcha|62/100|[from] item: Leftovers\n|upkeep\n|turn|26\n|\n|t:|1695178814\n|move|p2a: Dragonite|Fire Punch|p1a: Sinistcha\n|-supereffective|p1a: Sinistcha\n|-damage|p1a: Sinistcha|42/100\n|move|p1a: Sinistcha|Strength Sap|p2a: Dragonite\n|-unboost|p2a: Dragonite|atk|1\n|-heal|p1a: Sinistcha|100/100\n|\n|upkeep\n|turn|27\n|\n|t:|1695178828\n|move|p2a: Dragonite|Fire Punch|p1a: Sinistcha\n|-supereffective|p1a: Sinistcha\n|-damage|p1a: Sinistcha|86/100\n|move|p1a: Sinistcha|Calm Mind|p1a: Sinistcha\n|-boost|p1a: Sinistcha|spa|1\n|-boost|p1a: Sinistcha|spd|1\n|\n|-heal|p1a: Sinistcha|92/100|[from] item: Leftovers\n|upkeep\n|turn|28\n|\n|t:|1695178838\n|switch|p2a: Kingambit|Kingambit, M|86/100\n|-damage|p2a: Kingambit|80/100|[from] Stealth Rock\n|-activate|p2a: Kingambit|ability: Supreme Overlord\n|-start|p2a: Kingambit|fallen4|[silent]\n|move|p1a: Sinistcha|Calm Mind|p1a: Sinistcha\n|-boost|p1a: Sinistcha|spa|1\n|-boost|p1a: Sinistcha|spd|1\n|\n|-heal|p1a: Sinistcha|98/100|[from] item: Leftovers\n|upkeep\n|turn|29\n|\n|t:|1695178851\n|-terastallize|p2a: Kingambit|Fairy\n|-terastallize|p1a: Sinistcha|Fighting\n|move|p2a: Kingambit|Kowtow Cleave|p1a: Sinistcha\n|-resisted|p1a: Sinistcha\n|-damage|p1a: Sinistcha|74/100\n|move|p1a: Sinistcha|Strength Sap|p2a: Kingambit\n|-unboost|p2a: Kingambit|atk|1\n|-heal|p1a: Sinistcha|100/100\n|\n|upkeep\n|turn|30\n|\n|t:|1695178865\n|move|p2a: Kingambit|Swords Dance|p2a: Kingambit\n|-boost|p2a: Kingambit|atk|2\n|move|p1a: Sinistcha|Strength Sap|p2a: Kingambit\n|-unboost|p2a: Kingambit|atk|1\n|\n|upkeep\n|turn|31\n|\n|t:|1695178874\n|move|p2a: Kingambit|Iron Head|p1a: Sinistcha\n|-damage|p1a: Sinistcha|54/100\n|move|p1a: Sinistcha|Matcha Gotcha|p2a: Kingambit\n|-damage|p2a: Kingambit|14/100\n|-heal|p1a: Sinistcha|92/100|[from] drain|[of] p2a: Kingambit\n|-status|p2a: Kingambit|brn\n|\n|-heal|p1a: Sinistcha|98/100|[from] item: Leftovers\n|-damage|p2a: Kingambit|8/100 brn|[from] brn\n|upkeep\n|turn|32\n|-message|dibssss forfeited.\n|\n|win|Bandalo Salvaje\n|raw|Bandalo Salvaje's rating: 1212 &rarr; <strong>1237</strong><br />(+25 for winning)\n|raw|dibssss's rating: 1206 &rarr; <strong>1181</strong><br />(-25 for losing)\n|l|\u2606dibssss\n", "uploadtime": 1695178934, "views": 4, "p1id": "bandalosalvaje", "p2id": "dibssss", "formatid": "gen9ou", "rating": 1181, "private": 0, "password": ""}