{"id": "gen9ou-1947639452", "p1": "Denzel Goat", "p2": "ezv88", "format": "gen9ou", "log": "|j|\u2606Denzel Goat\n|j|\u2606ezv88\n|t:|1695180761\n|gametype|singles\n|player|p1|Denzel Goat|cynthia-masters3|1493\n|player|p2|ezv88|volkner|1544\n|teamsize|p1|6\n|teamsize|p2|6\n|gen|9\n|tier|[Gen 9] OU\n|rated|\n|rule|Sleep Clause Mod: Limit one foe put to sleep\n|rule|Species Clause: Limit one of each Pok\u00e9mon\n|rule|OHKO Clause: OHKO moves are banned\n|rule|Evasion Items Clause: Evasion items are banned\n|rule|Evasion Moves Clause: Evasion moves are banned\n|rule|Endless Battle Clause: Forcing endless battles is banned\n|rule|HP Percentage Mod: HP is shown in percentages\n|clearpoke\n|poke|p1|Snorlax, F|\n|poke|p1|Moltres|\n|poke|p1|Empoleon, M|\n|poke|p1|Great Tusk|\n|poke|p1|Kingambit, M|\n|poke|p1|Iron Valiant|\n|poke|p2|Roaring Moon|\n|poke|p2|Walking Wake|\n|poke|p2|Ninetales, F|\n|poke|p2|Ogerpon-Hearthflame, F|\n|poke|p2|Great Tusk|\n|poke|p2|Munkidori, M|\n|teampreview\n|inactive|Battle timer is ON: inactive players will automatically lose when time's up. (requested by Denzel Goat)\n|\n|t:|1695180770\n|start\n|switch|p1a: Oswald|Empoleon, M|100/100\n|switch|p2a: Munkidori|Munkidori, M|100/100\n|turn|1\n|\n|t:|1695180773\n|move|p2a: Munkidori|Focus Blast|p1a: Oswald|[miss]\n|-miss|p2a: Munkidori|p1a: Oswald\n|move|p1a: Oswald|Stealth Rock|p2a: Munkidori\n|-sidestart|p2: ezv88|move: Stealth Rock\n|\n|upkeep\n|turn|2\n|\n|t:|1695180777\n|move|p2a: Munkidori|Focus Blast|p1a: Oswald|[miss]\n|-miss|p2a: Munkidori|p1a: Oswald\n|move|p1a: Oswald|Flip Turn|p2a: Munkidori\n|-damage|p2a: Munkidori|74/100\n|\n|t:|1695180782\n|switch|p1a: Molt Breaker|Moltres, shiny|100/100|[from] Flip Turn\n|\n|upkeep\n|turn|3\n|\n|t:|1695180790\n|switch|p2a: Walking Wake|Walking Wake|100/100\n|-damage|p2a: Walking Wake|88/100|[from] Stealth Rock\n|move|p1a: Molt Breaker|U-turn|p2a: Walking Wake\n|-damage|p2a: Walking Wake|73/100\n|\n|t:|1695180796\n|switch|p1a: Oswald|Empoleon, M|100/100|[from] U-turn\n|\n|upkeep\n|turn|4\n|\n|t:|1695180807\n|move|p2a: Walking Wake|Flip Turn|p1a: Oswald\n|-resisted|p1a: Oswald\n|-damage|p1a: Oswald|89/100\n|-damage|p2a: Walking Wake|63/100|[from] item: Life Orb\n|\n|t:|1695180808\n|-end|p2a: Walking Wake|Protosynthesis|[silent]\n|switch|p2a: Great Tusk|Great Tusk|100/100|[from] Flip Turn\n|-damage|p2a: Great Tusk|98/100|[from] Stealth Rock\n|move|p1a: Oswald|Knock Off|p2a: Great Tusk\n|-resisted|p2a: Great Tusk\n|-damage|p2a: Great Tusk|90/100\n|-enditem|p2a: Great Tusk|Leftovers|[from] move: Knock Off|[of] p1a: Oswald\n|\n|-heal|p1a: Oswald|95/100|[from] item: Leftovers\n|upkeep\n|turn|5\n|\n|t:|1695180813\n|move|p2a: Great Tusk|Rapid Spin|p1a: Oswald\n|-resisted|p1a: Oswald\n|-crit|p1a: Oswald\n|-damage|p1a: Oswald|82/100\n|-boost|p2a: Great Tusk|spe|1\n|-sideend|p2: ezv88|Stealth Rock|[from] move: Rapid Spin|[of] p2a: Great Tusk\n|move|p1a: Oswald|Flip Turn|p2a: Great Tusk\n|-supereffective|p2a: Great Tusk\n|-damage|p2a: Great Tusk|61/100\n|\n|t:|1695180816\n|switch|p1a: Molt Breaker|Moltres, shiny|100/100|[from] Flip Turn\n|\n|upkeep\n|turn|6\n|\n|t:|1695180820\n|move|p2a: Great Tusk|Stealth Rock|p1a: Molt Breaker\n|-sidestart|p1: Denzel Goat|move: Stealth Rock\n|move|p1a: Molt Breaker|Hurricane|p2a: Great Tusk\n|-supereffective|p2a: Great Tusk\n|-damage|p2a: Great Tusk|0 fnt\n|faint|p2a: Great Tusk\n|-end|p2a: Great Tusk|Protosynthesis|[silent]\n|\n|upkeep\n|\n|t:|1695180826\n|switch|p2a: Roaring Moon|Roaring Moon|100/100\n|turn|7\n|\n|t:|1695180829\n|move|p2a: Roaring Moon|U-turn|p1a: Molt Breaker\n|-resisted|p1a: Molt Breaker\n|-damage|p1a: Molt Breaker|94/100\n|\n|t:|1695180831\n|-end|p2a: Roaring Moon|Protosynthesis|[silent]\n|switch|p2a: Ninetales|Ninetales, F|100/100|[from] U-turn\n|-weather|SunnyDay|[from] ability: Drought|[of] p2a: Ninetales\n|move|p1a: Molt Breaker|Will-O-Wisp|p2a: Ninetales\n|-immune|p2a: Ninetales\n|\n|-weather|SunnyDay|[upkeep]\n|upkeep\n|turn|8\n|\n|t:|1695180839\n|move|p2a: Ninetales|Encore|p1a: Molt Breaker\n|-start|p1a: Molt Breaker|Encore\n|move|p1a: Molt Breaker|Will-O-Wisp|p2a: Ninetales|[miss]\n|-miss|p1a: Molt Breaker|p2a: Ninetales\n|\n|-weather|SunnyDay|[upkeep]\n|upkeep\n|turn|9\n|\n|t:|1695180845\n|switch|p2a: Ogerpon|Ogerpon-Hearthflame, F|100/100\n|-ability|p2a: Ogerpon|Mold Breaker\n|move|p1a: Molt Breaker|Will-O-Wisp|p2a: Ogerpon\n|-immune|p2a: Ogerpon\n|\n|-weather|SunnyDay|[upkeep]\n|upkeep\n|turn|10\n|inactive|ezv88 has 120 seconds left.\n|\n|t:|1695180876\n|-terastallize|p2a: Ogerpon|Fire\n|detailschange|p2a: Ogerpon|Ogerpon-Hearthflame-Tera, F, tera:Fire\n|-ability|p2a: Ogerpon|Embody Aspect (Hearthflame)|boost\n|-boost|p2a: Ogerpon|atk|1\n|move|p2a: Ogerpon|Ivy Cudgel|p1a: Molt Breaker\n|-resisted|p1a: Molt Breaker\n|-damage|p1a: Molt Breaker|37/100\n|move|p1a: Molt Breaker|Will-O-Wisp|p2a: Ogerpon|[miss]\n|-miss|p1a: Molt Breaker|p2a: Ogerpon\n|\n|-weather|SunnyDay|[upkeep]\n|-end|p1a: Molt Breaker|Encore\n|upkeep\n|turn|11\n|\n|t:|1695180885\n|move|p2a: Ogerpon|Ivy Cudgel|p1a: Molt Breaker\n|-resisted|p1a: Molt Breaker\n|-crit|p1a: Molt Breaker\n|-damage|p1a: Molt Breaker|0 fnt\n|faint|p1a: Molt Breaker\n|\n|-weather|SunnyDay|[upkeep]\n|upkeep\n|\n|t:|1695180887\n|switch|p1a: DJ Snorlax|Snorlax, F, shiny|100/100\n|-damage|p1a: DJ Snorlax|88/100|[from] Stealth Rock\n|turn|12\n|\n|t:|1695180905\n|move|p2a: Ogerpon|Ivy Cudgel|p1a: DJ Snorlax\n|-damage|p1a: DJ Snorlax|0 fnt\n|faint|p1a: DJ Snorlax\n|\n|-weather|SunnyDay|[upkeep]\n|upkeep\n|\n|t:|1695180912\n|switch|p1a: Iron Valorant|Iron Valiant, shiny|100/100\n|-damage|p1a: Iron Valorant|94/100|[from] Stealth Rock\n|-enditem|p1a: Iron Valorant|Booster Energy\n|-activate|p1a: Iron Valorant|ability: Quark Drive|[fromitem]\n|-start|p1a: Iron Valorant|quarkdrivespe\n|turn|13\n|\n|t:|1695180915\n|move|p1a: Iron Valorant|Focus Blast|p2a: Ogerpon\n|-damage|p2a: Ogerpon|36/100\n|move|p2a: Ogerpon|Ivy Cudgel|p1a: Iron Valorant\n|-damage|p1a: Iron Valorant|0 fnt\n|faint|p1a: Iron Valorant\n|-end|p1a: Iron Valorant|Quark Drive|[silent]\n|\n|-weather|SunnyDay|[upkeep]\n|upkeep\n|\n|t:|1695180923\n|switch|p1a: Grande D\u00e9fense|Great Tusk|100/100\n|-damage|p1a: Grande D\u00e9fense|97/100|[from] Stealth Rock\n|-activate|p1a: Grande D\u00e9fense|ability: Protosynthesis\n|-start|p1a: Grande D\u00e9fense|protosynthesisspe\n|turn|14\n|\n|t:|1695180942\n|-terastallize|p1a: Grande D\u00e9fense|Water\n|move|p1a: Grande D\u00e9fense|Earthquake|p2a: Ogerpon\n|-supereffective|p2a: Ogerpon\n|-damage|p2a: Ogerpon|0 fnt\n|faint|p2a: Ogerpon\n|\n|-weather|none\n|-end|p1a: Grande D\u00e9fense|Protosynthesis\n|-heal|p1a: Grande D\u00e9fense|100/100|[from] item: Leftovers\n|upkeep\n|\n|t:|1695180946\n|switch|p2a: Ninetales|Ninetales, F|100/100\n|-weather|SunnyDay|[from] ability: Drought|[of] p2a: Ninetales\n|-activate|p1a: Grande D\u00e9fense|ability: Protosynthesis\n|-start|p1a: Grande D\u00e9fense|protosynthesisspe\n|turn|15\n|\n|t:|1695180953\n|-end|p1a: Grande D\u00e9fense|Protosynthesis|[silent]\n|switch|p1a: Oswald|Empoleon, M|82/100\n|-damage|p1a: Oswald|75/100|[from] Stealth Rock\n|move|p2a: Ninetales|Solar Beam||[still]\n|-prepare|p2a: Ninetales|Solar Beam\n|-anim|p2a: Ninetales|Solar Beam|p1a: Oswald\n|-damage|p1a: Oswald|57/100\n|\n|-weather|SunnyDay|[upkeep]\n|-heal|p1a: Oswald|63/100|[from] item: Leftovers\n|upkeep\n|turn|16\n|\n|t:|1695180959\n|switch|p2a: Roaring Moon|Roaring Moon|100/100\n|-activate|p2a: Roaring Moon|ability: Protosynthesis\n|-start|p2a: Roaring Moon|protosynthesisatk\n|move|p1a: Oswald|Stealth Rock|p2a: Roaring Moon\n|-sidestart|p2: ezv88|move: Stealth Rock\n|\n|-weather|SunnyDay|[upkeep]\n|-heal|p1a: Oswald|70/100|[from] item: Leftovers\n|upkeep\n|turn|17\n|\n|t:|1695180964\n|move|p2a: Roaring Moon|Earthquake|p1a: Oswald\n|-supereffective|p1a: Oswald\n|-damage|p1a: Oswald|0 fnt\n|faint|p1a: Oswald\n|\n|-weather|SunnyDay|[upkeep]\n|upkeep\n|\n|t:|1695180967\n|switch|p1a: Grande D\u00e9fense|Great Tusk, tera:Water|100/100\n|-damage|p1a: Grande D\u00e9fense|88/100|[from] Stealth Rock\n|-activate|p1a: Grande D\u00e9fense|ability: Protosynthesis\n|-start|p1a: Grande D\u00e9fense|protosynthesisspe\n|turn|18\n|\n|t:|1695180983\n|move|p1a: Grande D\u00e9fense|Rapid Spin|p2a: Roaring Moon\n|-damage|p2a: Roaring Moon|80/100\n|-boost|p1a: Grande D\u00e9fense|spe|1\n|-sideend|p1: Denzel Goat|Stealth Rock|[from] move: Rapid Spin|[of] p1a: Grande D\u00e9fense\n|move|p2a: Roaring Moon|Earthquake|p1a: Grande D\u00e9fense\n|-damage|p1a: Grande D\u00e9fense|41/100\n|\n|-weather|SunnyDay|[upkeep]\n|-heal|p1a: Grande D\u00e9fense|47/100|[from] item: Leftovers\n|upkeep\n|turn|19\n|\n|t:|1695180992\n|move|p1a: Grande D\u00e9fense|Bulk Up|p1a: Grande D\u00e9fense\n|-boost|p1a: Grande D\u00e9fense|atk|1\n|-boost|p1a: Grande D\u00e9fense|def|1\n|move|p2a: Roaring Moon|Earthquake|p1a: Grande D\u00e9fense\n|-damage|p1a: Grande D\u00e9fense|17/100\n|\n|-weather|SunnyDay|[upkeep]\n|-heal|p1a: Grande D\u00e9fense|23/100|[from] item: Leftovers\n|upkeep\n|turn|20\n|\n|t:|1695180996\n|move|p1a: Grande D\u00e9fense|Ice Spinner|p2a: Roaring Moon\n|-supereffective|p2a: Roaring Moon\n|-damage|p2a: Roaring Moon|0 fnt\n|faint|p2a: Roaring Moon\n|-end|p2a: Roaring Moon|Protosynthesis|[silent]\n|\n|-weather|SunnyDay|[upkeep]\n|-heal|p1a: Grande D\u00e9fense|29/100|[from] item: Leftovers\n|upkeep\n|\n|t:|1695181005\n|switch|p2a: Walking Wake|Walking Wake|63/100\n|-damage|p2a: Walking Wake|51/100|[from] Stealth Rock\n|-activate|p2a: Walking Wake|ability: Protosynthesis\n|-start|p2a: Walking Wake|protosynthesisspe\n|turn|21\n|\n|t:|1695181009\n|move|p1a: Grande D\u00e9fense|Earthquake|p2a: Walking Wake\n|-damage|p2a: Walking Wake|0 fnt\n|faint|p2a: Walking Wake\n|-end|p2a: Walking Wake|Protosynthesis|[silent]\n|\n|-weather|SunnyDay|[upkeep]\n|-heal|p1a: Grande D\u00e9fense|35/100|[from] item: Leftovers\n|upkeep\n|\n|t:|1695181012\n|switch|p2a: Ninetales|Ninetales, F|100/100\n|-damage|p2a: Ninetales|76/100|[from] Stealth Rock\n|turn|22\n|\n|t:|1695181014\n|move|p1a: Grande D\u00e9fense|Earthquake|p2a: Ninetales\n|-supereffective|p2a: Ninetales\n|-damage|p2a: Ninetales|0 fnt\n|faint|p2a: Ninetales\n|\n|-weather|none\n|-end|p1a: Grande D\u00e9fense|Protosynthesis\n|-heal|p1a: Grande D\u00e9fense|42/100|[from] item: Leftovers\n|upkeep\n|\n|t:|1695181016\n|switch|p2a: Munkidori|Munkidori, M|74/100\n|-damage|p2a: Munkidori|62/100|[from] Stealth Rock\n|turn|23\n|\n|t:|1695181018\n|move|p2a: Munkidori|Focus Blast|p1a: Grande D\u00e9fense\n|-damage|p1a: Grande D\u00e9fense|0 fnt\n|faint|p1a: Grande D\u00e9fense\n|-end|p1a: Grande D\u00e9fense|Protosynthesis|[silent]\n|\n|upkeep\n|\n|t:|1695181021\n|switch|p1a: Lime Kingambit|Kingambit, M|100/100\n|-activate|p1a: Lime Kingambit|ability: Supreme Overlord\n|-start|p1a: Lime Kingambit|fallen5|[silent]\n|turn|24\n|\n|t:|1695181032\n|move|p1a: Lime Kingambit|Sucker Punch|p2a: Munkidori\n|-supereffective|p2a: Munkidori\n|-damage|p2a: Munkidori|0 fnt\n|faint|p2a: Munkidori\n|\n|win|Denzel Goat\n|raw|Denzel Goat's rating: 1493 &rarr; <strong>1516</strong><br />(+23 for winning)\n|raw|ezv88's rating: 1544 &rarr; <strong>1521</strong><br />(-23 for losing)\n", "uploadtime": 1695181035, "views": 2, "p1id": "denzelgoat", "p2id": "ezv88", "formatid": "gen9ou", "rating": 1516, "private": 0, "password": ""}