{"id": "gen9ou-1947660236", "p1": "changuich", "p2": "RaikouLoverTest3", "format": "gen9ou", "log": "|j|\u2606changuich\n|j|\u2606RaikouLoverTest3\n|t:|1695183333\n|gametype|singles\n|player|p1|changuich|bellelba|1109\n|player|p2|RaikouLoverTest3|marlon|1158\n|teamsize|p1|6\n|teamsize|p2|6\n|gen|9\n|tier|[Gen 9] OU\n|rated|\n|rule|Sleep Clause Mod: Limit one foe put to sleep\n|rule|Species Clause: Limit one of each Pok\u00e9mon\n|rule|OHKO Clause: OHKO moves are banned\n|rule|Evasion Items Clause: Evasion items are banned\n|rule|Evasion Moves Clause: Evasion moves are banned\n|rule|Endless Battle Clause: Forcing endless battles is banned\n|rule|HP Percentage Mod: HP is shown in percentages\n|clearpoke\n|poke|p1|Ninetales-Alola, M|\n|poke|p1|Dragapult, F|\n|poke|p1|Empoleon, M|\n|poke|p1|Great Tusk|\n|poke|p1|Kingambit, F|\n|poke|p1|Arcanine-Hisui, F|\n|poke|p2|Torkoal, M|\n|poke|p2|Milotic, F|\n|poke|p2|Sandy Shocks|\n|poke|p2|Great Tusk|\n|poke|p2|Bronzong|\n|poke|p2|Lilligant, F|\n|teampreview\n|inactive|Battle timer is ON: inactive players will automatically lose when time's up. (requested by RaikouLoverTest3)\n|\n|t:|1695183340\n|start\n|switch|p1a: Empoleon|Empoleon, M|100/100\n|switch|p2a: Torkoal|Torkoal, M|100/100\n|-weather|SunnyDay|[from] ability: Drought|[of] p2a: Torkoal\n|turn|1\n|\n|t:|1695183352\n|switch|p1a: Arcanine|Arcanine-Hisui, F|100/100\n|switch|p2a: Lilligant|Lilligant, F|100/100\n|\n|-weather|SunnyDay|[upkeep]\n|upkeep\n|turn|2\n|\n|t:|1695183362\n|-terastallize|p2a: Lilligant|Rock\n|move|p2a: Lilligant|Tera Blast|p1a: Arcanine\n|-supereffective|p1a: Arcanine\n|-damage|p1a: Arcanine|0 fnt\n|faint|p1a: Arcanine\n|-damage|p2a: Lilligant|91/100|[from] item: Life Orb\n|\n|-weather|SunnyDay|[upkeep]\n|upkeep\n|\n|t:|1695183369\n|switch|p1a: Ninetales|Ninetales-Alola, M|100/100\n|-weather|Snow|[from] ability: Snow Warning|[of] p1a: Ninetales\n|turn|3\n|\n|t:|1695183373\n|switch|p2a: Torkoal|Torkoal, M|100/100\n|-weather|SunnyDay|[from] ability: Drought|[of] p2a: Torkoal\n|move|p1a: Ninetales|Aurora Veil||[still]\n|-fail|p1a: Ninetales\n|\n|-weather|SunnyDay|[upkeep]\n|upkeep\n|turn|4\n|\n|t:|1695183381\n|switch|p1a: Great Tusk|Great Tusk|100/100\n|-activate|p1a: Great Tusk|ability: Protosynthesis\n|-start|p1a: Great Tusk|protosynthesisatk\n|move|p2a: Torkoal|Stealth Rock|p1a: Great Tusk\n|-sidestart|p1: changuich|move: Stealth Rock\n|\n|-weather|SunnyDay|[upkeep]\n|upkeep\n|turn|5\n|\n|t:|1695183388\n|switch|p2a: Bronzong|Bronzong|100/100\n|move|p1a: Great Tusk|Stealth Rock|p2a: Bronzong\n|-sidestart|p2: RaikouLoverTest3|move: Stealth Rock\n|\n|-weather|SunnyDay|[upkeep]\n|upkeep\n|turn|6\n|\n|t:|1695183393\n|move|p1a: Great Tusk|Rapid Spin|p2a: Bronzong\n|-resisted|p2a: Bronzong\n|-damage|p2a: Bronzong|90/100\n|-boost|p1a: Great Tusk|spe|1\n|-sideend|p1: changuich|Stealth Rock|[from] move: Rapid Spin|[of] p1a: Great Tusk\n|move|p2a: Bronzong|Grass Knot|p1a: Great Tusk\n|-supereffective|p1a: Great Tusk\n|-damage|p1a: Great Tusk|0 fnt\n|faint|p1a: Great Tusk\n|-end|p1a: Great Tusk|Protosynthesis|[silent]\n|-damage|p2a: Bronzong|80/100|[from] item: Life Orb\n|\n|-weather|SunnyDay|[upkeep]\n|upkeep\n|\n|t:|1695183402\n|switch|p1a: Kingambit|Kingambit, F|100/100\n|-activate|p1a: Kingambit|ability: Supreme Overlord\n|-start|p1a: Kingambit|fallen2|[silent]\n|turn|7\n|\n|t:|1695183406\n|move|p1a: Kingambit|Swords Dance|p1a: Kingambit\n|-boost|p1a: Kingambit|atk|2\n|move|p2a: Bronzong|Weather Ball|p1a: Kingambit\n|-supereffective|p1a: Kingambit\n|-damage|p1a: Kingambit|0 fnt\n|faint|p1a: Kingambit\n|-end|p1a: Kingambit|fallen2|[silent]\n|-damage|p2a: Bronzong|71/100|[from] item: Life Orb\n|\n|-weather|SunnyDay|[upkeep]\n|upkeep\n|-message|changuich forfeited.\n|\n|win|RaikouLoverTest3\n|raw|changuich's rating: 1109 &rarr; <strong>1088</strong><br />(-21 for losing)\n|raw|RaikouLoverTest3's rating: 1158 &rarr; <strong>1179</strong><br />(+21 for winning)\n|l|\u2606changuich\n|c|\u2606RaikouLoverTest3|lmaooo\n", "uploadtime": 1695183420, "views": 6, "p1id": "changuich", "p2id": "raikoulovertest3", "formatid": "gen9ou", "rating": 1088, "private": 0, "password": ""}