{"id": "gen9ou-1947666104", "p1": "umber_2891", "p2": "ManicDrake", "format": "gen9ou", "log": "|j|\u2606umber_2891\n|j|\u2606ManicDrake\n|t:|1695184118\n|gametype|singles\n|player|p1|umber_2891|ingo|1245\n|player|p2|ManicDrake|aaron|1326\n|teamsize|p1|6\n|teamsize|p2|6\n|gen|9\n|tier|[Gen 9] OU\n|rated|\n|rule|Sleep Clause Mod: Limit one foe put to sleep\n|rule|Species Clause: Limit one of each Pok\u00e9mon\n|rule|OHKO Clause: OHKO moves are banned\n|rule|Evasion Items Clause: Evasion items are banned\n|rule|Evasion Moves Clause: Evasion moves are banned\n|rule|Endless Battle Clause: Forcing endless battles is banned\n|rule|HP Percentage Mod: HP is shown in percentages\n|clearpoke\n|poke|p1|Pawmot, M|\n|poke|p1|Corviknight, M|\n|poke|p1|Garganacl, M|\n|poke|p1|Ninetales-Alola, M|\n|poke|p1|Kommo-o, M|\n|poke|p1|Torterra, M|\n|poke|p2|Ribombee, M|\n|poke|p2|Chandelure, M|\n|poke|p2|Mamoswine, M|\n|poke|p2|Kommo-o, F|\n|poke|p2|Gholdengo|\n|poke|p2|Samurott-Hisui, M|\n|teampreview\n|c|\u2606ManicDrake|glhf\n|\n|t:|1695184126\n|start\n|switch|p1a: Ninetales|Ninetales-Alola, M|100/100\n|switch|p2a: Ribombee|Ribombee, M|100/100\n|-weather|Snow|[from] ability: Snow Warning|[of] p1a: Ninetales\n|turn|1\n|\n|t:|1695184136\n|move|p2a: Ribombee|Stun Spore|p1a: Ninetales\n|-status|p1a: Ninetales|par\n|move|p1a: Ninetales|Aurora Veil|p1a: Ninetales\n|-sidestart|p1: umber_2891|move: Aurora Veil\n|\n|-weather|Snow|[upkeep]\n|upkeep\n|turn|2\n|\n|t:|1695184146\n|switch|p1a: Torterra|Torterra, M|100/100\n|move|p2a: Ribombee|Sticky Web|p1a: Torterra\n|-sidestart|p1: umber_2891|move: Sticky Web\n|\n|-weather|Snow|[upkeep]\n|upkeep\n|turn|3\n|\n|t:|1695184153\n|-terastallize|p1a: Torterra|Rock\n|move|p2a: Ribombee|Quiver Dance|p2a: Ribombee\n|-boost|p2a: Ribombee|spa|1\n|-boost|p2a: Ribombee|spd|1\n|-boost|p2a: Ribombee|spe|1\n|move|p1a: Torterra|Shell Smash|p1a: Torterra\n|-unboost|p1a: Torterra|def|1\n|-unboost|p1a: Torterra|spd|1\n|-boost|p1a: Torterra|atk|2\n|-boost|p1a: Torterra|spa|2\n|-boost|p1a: Torterra|spe|2\n|\n|-weather|Snow|[upkeep]\n|upkeep\n|turn|4\n|\n|t:|1695184164\n|move|p2a: Ribombee|Moonblast|p1a: Torterra\n|-damage|p1a: Torterra|60/100\n|move|p1a: Torterra|Rock Blast|p2a: Ribombee|[miss]\n|-miss|p1a: Torterra|p2a: Ribombee\n|\n|-weather|Snow|[upkeep]\n|upkeep\n|turn|5\n|\n|t:|1695184170\n|move|p2a: Ribombee|Stun Spore|p1a: Torterra|[miss]\n|-miss|p2a: Ribombee|p1a: Torterra\n|move|p1a: Torterra|Rock Blast|p2a: Ribombee\n|-supereffective|p2a: Ribombee\n|-damage|p2a: Ribombee|17/100\n|-supereffective|p2a: Ribombee\n|-damage|p2a: Ribombee|0 fnt\n|faint|p2a: Ribombee\n|-hitcount|p2: Ribombee|2\n|\n|-weather|none\n|upkeep\n|\n|t:|1695184177\n|switch|p2a: Goldie|Gholdengo|100/100\n|turn|6\n|\n|t:|1695184181\n|move|p1a: Torterra|Headlong Rush|p2a: Goldie\n|-supereffective|p2a: Goldie\n|-damage|p2a: Goldie|0 fnt\n|-unboost|p1a: Torterra|def|1\n|-unboost|p1a: Torterra|spd|1\n|faint|p2a: Goldie\n|\n|upkeep\n|\n|t:|1695184195\n|switch|p2a: Kommo-o|Kommo-o, F|100/100\n|turn|7\n|\n|t:|1695184210\n|move|p1a: Torterra|Headlong Rush|p2a: Kommo-o\n|-damage|p2a: Kommo-o|0 fnt\n|-unboost|p1a: Torterra|def|1\n|-unboost|p1a: Torterra|spd|1\n|faint|p2a: Kommo-o\n|\n|upkeep\n|\n|t:|1695184219\n|switch|p2a: Mamoswine|Mamoswine, M|100/100\n|turn|8\n|\n|t:|1695184227\n|move|p1a: Torterra|Bullet Seed|p2a: Mamoswine\n|-supereffective|p2a: Mamoswine\n|-damage|p2a: Mamoswine|43/100\n|-supereffective|p2a: Mamoswine\n|-damage|p2a: Mamoswine|0 fnt\n|faint|p2a: Mamoswine\n|-hitcount|p2: Mamoswine|2\n|\n|-sideend|p1: umber_2891|move: Aurora Veil\n|upkeep\n|-message|ManicDrake forfeited.\n|\n|win|umber_2891\n|raw|umber_2891's rating: 1245 &rarr; <strong>1276</strong><br />(+31 for winning)\n|raw|ManicDrake's rating: 1326 &rarr; <strong>1301</strong><br />(-25 for losing)\n|l|\u2606ManicDrake\n", "uploadtime": 1695184237, "views": 5, "p1id": "umber2891", "p2id": "manicdrake", "formatid": "gen9ou", "rating": 1276, "private": 0, "password": ""}