{"id": "gen9ou-1947482489", "p1": "EVE09", "p2": "arana blanca", "format": "gen9ou", "log": "|j|\u2606EVE09\n|j|\u2606arana blanca\n|t:|1695164964\n|gametype|singles\n|player|p1|EVE09|169|1078\n|player|p2|arana blanca|266|1121\n|teamsize|p1|6\n|teamsize|p2|6\n|gen|9\n|tier|[Gen 9] OU\n|rated|\n|rule|Sleep Clause Mod: Limit one foe put to sleep\n|rule|Species Clause: Limit one of each Pok\u00e9mon\n|rule|OHKO Clause: OHKO moves are banned\n|rule|Evasion Items Clause: Evasion items are banned\n|rule|Evasion Moves Clause: Evasion moves are banned\n|rule|Endless Battle Clause: Forcing endless battles is banned\n|rule|HP Percentage Mod: HP is shown in percentages\n|clearpoke\n|poke|p1|Hatterene, F|\n|poke|p1|Cresselia, F|\n|poke|p1|Ursaluna, F|\n|poke|p1|Torkoal, F|\n|poke|p1|Camerupt, M|\n|poke|p1|Dusclops, F|\n|poke|p2|Ursaluna-Bloodmoon, M|\n|poke|p2|Ambipom, F|\n|poke|p2|Garchomp, M|\n|poke|p2|Amoonguss, F|\n|poke|p2|Garganacl, M|\n|poke|p2|Conkeldurr, M|\n|teampreview\n|inactive|Battle timer is ON: inactive players will automatically lose when time's up. (requested by arana blanca)\n|\n|t:|1695164993\n|start\n|switch|p1a: Hatterene|Hatterene, F|100/100\n|switch|p2a: Conkeldurr|Conkeldurr, M|100/100\n|turn|1\n|\n|t:|1695165001\n|move|p2a: Conkeldurr|Knock Off|p1a: Hatterene\n|-damage|p1a: Hatterene|58/100\n|-enditem|p1a: Hatterene|Focus Sash|[from] move: Knock Off|[of] p2a: Conkeldurr\n|move|p1a: Hatterene|Trick Room|p1a: Hatterene\n|-fieldstart|move: Trick Room|[of] p1a: Hatterene\n|\n|-status|p2a: Conkeldurr|brn|[from] item: Flame Orb\n|upkeep\n|turn|2\n|\n|t:|1695165014\n|move|p1a: Hatterene|Psychic|p2a: Conkeldurr\n|-supereffective|p2a: Conkeldurr\n|-damage|p2a: Conkeldurr|0 fnt\n|faint|p2a: Conkeldurr\n|\n|upkeep\n|\n|t:|1695165024\n|switch|p2a: Ursaluna|Ursaluna-Bloodmoon, M|100/100\n|turn|3\n|\n|t:|1695165029\n|move|p1a: Hatterene|Psychic|p2a: Ursaluna\n|-damage|p2a: Ursaluna|44/100\n|move|p2a: Ursaluna|Blood Moon|p1a: Hatterene\n|-damage|p1a: Hatterene|0 fnt\n|faint|p1a: Hatterene\n|\n|-heal|p2a: Ursaluna|50/100|[from] item: Leftovers\n|upkeep\n|\n|t:|1695165038\n|switch|p1a: Torkoal|Torkoal, F|100/100\n|-weather|SunnyDay|[from] ability: Drought|[of] p1a: Torkoal\n|turn|4\n|\n|t:|1695165044\n|move|p1a: Torkoal|Solar Beam||[still]\n|-prepare|p1a: Torkoal|Solar Beam\n|-anim|p1a: Torkoal|Solar Beam|p2a: Ursaluna\n|-supereffective|p2a: Ursaluna\n|-damage|p2a: Ursaluna|0 fnt\n|faint|p2a: Ursaluna\n|\n|-weather|SunnyDay|[upkeep]\n|upkeep\n|\n|t:|1695165055\n|switch|p2a: Garganacl|Garganacl, M|100/100\n|turn|5\n|\n|t:|1695165062\n|-terastallize|p1a: Torkoal|Grass\n|-terastallize|p2a: Garganacl|Ghost\n|move|p1a: Torkoal|Solar Beam||[still]\n|-prepare|p1a: Torkoal|Solar Beam\n|-anim|p1a: Torkoal|Solar Beam|p2a: Garganacl\n|-damage|p2a: Garganacl|66/100\n|move|p2a: Garganacl|Salt Cure|p1a: Torkoal\n|-damage|p1a: Torkoal|90/100\n|-start|p1a: Torkoal|Salt Cure\n|\n|-weather|SunnyDay|[upkeep]\n|-heal|p2a: Garganacl|72/100|[from] item: Leftovers\n|-damage|p1a: Torkoal|78/100|[from] Salt Cure\n|-fieldend|move: Trick Room\n|upkeep\n|turn|6\n|\n|t:|1695165071\n|move|p2a: Garganacl|Iron Defense|p2a: Garganacl\n|-boost|p2a: Garganacl|def|2\n|move|p1a: Torkoal|Overheat|p2a: Garganacl\n|-damage|p2a: Garganacl|16/100\n|-unboost|p1a: Torkoal|spa|2\n|-enditem|p1a: Torkoal|Eject Pack\n|inactive|EVE09 has 120 seconds left.\n|-message|arana blanca forfeited.\n|\n|win|EVE09\n|raw|EVE09's rating: 1078 &rarr; <strong>1110</strong><br />(+32 for winning)\n|raw|arana blanca's rating: 1121 &rarr; <strong>1093</strong><br />(-28 for losing)\n|l|\u2606arana blanca\n", "uploadtime": 1695165129, "views": 1, "p1id": "eve09", "p2id": "aranablanca", "formatid": "gen9ou", "rating": 1093, "private": 0, "password": ""}