{"id": "gen9ou-1947572878", "p1": "Franky en esprit", "p2": "jamcert", "format": "gen9ou", "log": "|j|\u2606Franky en esprit\n|j|\u2606jamcert\n|t:|1695173819\n|gametype|singles\n|player|p1|Franky en esprit|266|1304\n|player|p2|jamcert|elesa-masters|1369\n|teamsize|p1|6\n|teamsize|p2|6\n|gen|9\n|tier|[Gen 9] OU\n|rated|\n|rule|Sleep Clause Mod: Limit one foe put to sleep\n|rule|Species Clause: Limit one of each Pok\u00e9mon\n|rule|OHKO Clause: OHKO moves are banned\n|rule|Evasion Items Clause: Evasion items are banned\n|rule|Evasion Moves Clause: Evasion moves are banned\n|rule|Endless Battle Clause: Forcing endless battles is banned\n|rule|HP Percentage Mod: HP is shown in percentages\n|clearpoke\n|poke|p1|Landorus-Therian, M|\n|poke|p1|Toxapex, F|\n|poke|p1|Dragapult, F|\n|poke|p1|Jirachi|\n|poke|p1|Ogerpon-Hearthflame, F|\n|poke|p1|Great Tusk|\n|poke|p2|Slowbro-Galar, M|\n|poke|p2|Iron Hands|\n|poke|p2|Kingambit, F|\n|poke|p2|Ursaluna-Bloodmoon, M|\n|poke|p2|Enamorus-Therian, F|\n|poke|p2|Ninetales-Alola, F|\n|teampreview\n|\n|t:|1695173834\n|start\n|switch|p1a: Landorus|Landorus-Therian, M|100/100\n|switch|p2a: Ninetales|Ninetales-Alola, F|100/100\n|-weather|Snow|[from] ability: Snow Warning|[of] p2a: Ninetales\n|-ability|p1a: Landorus|Intimidate|boost\n|-unboost|p2a: Ninetales|atk|1\n|turn|1\n|\n|t:|1695173844\n|-terastallize|p1a: Landorus|Water\n|move|p2a: Ninetales|Aurora Veil|p2a: Ninetales\n|-sidestart|p2: jamcert|move: Aurora Veil\n|move|p1a: Landorus|Stealth Rock|p2a: Ninetales\n|-sidestart|p2: jamcert|move: Stealth Rock\n|\n|-weather|Snow|[upkeep]\n|upkeep\n|turn|2\n|\n|t:|1695173881\n|move|p2a: Ninetales|Encore|p1a: Landorus\n|-start|p1a: Landorus|Encore\n|move|p1a: Landorus|Stealth Rock||[still]\n|-fail|p1a: Landorus\n|\n|-weather|Snow|[upkeep]\n|upkeep\n|turn|3\n|\n|t:|1695173887\n|switch|p2a: The Mad Titan|Slowbro-Galar, M, shiny|100/100\n|-damage|p2a: The Mad Titan|88/100|[from] Stealth Rock\n|switch|p1a: Jirachi|Jirachi|100/100\n|\n|-weather|Snow|[upkeep]\n|upkeep\n|turn|4\n|\n|t:|1695173898\n|-terastallize|p2a: The Mad Titan|Water\n|move|p1a: Jirachi|Iron Head|p2a: The Mad Titan\n|-resisted|p2a: The Mad Titan\n|-damage|p2a: The Mad Titan|80/100\n|move|p2a: The Mad Titan|Nasty Plot|p2a: The Mad Titan\n|-boost|p2a: The Mad Titan|spa|2\n|\n|-weather|Snow|[upkeep]\n|upkeep\n|turn|5\n|c|\u2606jamcert|Ah. Serene Grace.\n|c|\u2606jamcert|if it isn\u2019t my old friend\n|\n|t:|1695173917\n|switch|p1a: Toxapex|Toxapex, F|100/100\n|move|p2a: The Mad Titan|Surf|p1a: Toxapex\n|-resisted|p1a: Toxapex\n|-damage|p1a: Toxapex|64/100\n|\n|-weather|none\n|-heal|p1a: Toxapex|70/100|[from] item: Black Sludge\n|upkeep\n|turn|6\n|c|\u2606jamcert|tell me\n|c|\u2606jamcert|do you bleed?\n|-activate|p2a: The Mad Titan|ability: Quick Draw\n|\n|t:|1695173926\n|move|p2a: The Mad Titan|Psyshock|p1a: Toxapex\n|-supereffective|p1a: Toxapex\n|-damage|p1a: Toxapex|0 fnt\n|faint|p1a: Toxapex\n|\n|upkeep\n|\n|t:|1695173934\n|switch|p1a: Ogerpon|Ogerpon-Hearthflame, F|100/100\n|-ability|p1a: Ogerpon|Mold Breaker\n|turn|7\n|-activate|p2a: The Mad Titan|ability: Quick Draw\n|\n|t:|1695173938\n|move|p2a: The Mad Titan|Surf|p1a: Ogerpon\n|-damage|p1a: Ogerpon|0 fnt\n|faint|p1a: Ogerpon\n|\n|upkeep\n|-message|Franky en esprit forfeited.\n|\n|win|jamcert\n|raw|Franky en esprit's rating: 1304 &rarr; <strong>1288</strong><br />(-16 for losing)\n|raw|jamcert's rating: 1369 &rarr; <strong>1385</strong><br />(+16 for winning)\n|l|\u2606Franky en esprit\n", "uploadtime": 1695173945, "views": 3, "p1id": "frankyenesprit", "p2id": "jamcert", "formatid": "gen9ou", "rating": 1288, "private": 0, "password": ""}