{"id": "gen9ou-1947656826", "p1": "JAADragon", "p2": "MrSheep12", "format": "gen9ou", "log": "|j|\u2606JAADragon\n|j|\u2606MrSheep12\n|t:|1695182880\n|gametype|singles\n|player|p1|JAADragon|ethan|1180\n|player|p2|MrSheep12|drayden|1208\n|teamsize|p1|6\n|teamsize|p2|6\n|gen|9\n|tier|[Gen 9] OU\n|rated|\n|rule|Sleep Clause Mod: Limit one foe put to sleep\n|rule|Species Clause: Limit one of each Pok\u00e9mon\n|rule|OHKO Clause: OHKO moves are banned\n|rule|Evasion Items Clause: Evasion items are banned\n|rule|Evasion Moves Clause: Evasion moves are banned\n|rule|Endless Battle Clause: Forcing endless battles is banned\n|rule|HP Percentage Mod: HP is shown in percentages\n|clearpoke\n|poke|p1|Ceruledge, M|\n|poke|p1|Ampharos, F|\n|poke|p1|Lokix, F|\n|poke|p1|Espeon, M|\n|poke|p1|Hawlucha, F|\n|poke|p1|Ogerpon-Hearthflame, F|\n|poke|p2|Kommo-o, F|\n|poke|p2|Ting-Lu|\n|poke|p2|Iron Treads|\n|poke|p2|Ursaluna-Bloodmoon, M|\n|poke|p2|Okidogi, M|\n|poke|p2|Iron Valiant|\n|teampreview\n|inactive|Battle timer is ON: inactive players will automatically lose when time's up. (requested by JAADragon)\n|\n|t:|1695182895\n|start\n|switch|p1a: Amp!|Ampharos, F|100/100\n|switch|p2a: Iron Treads|Iron Treads|100/100\n|-enditem|p2a: Iron Treads|Booster Energy\n|-activate|p2a: Iron Treads|ability: Quark Drive|[fromitem]\n|-start|p2a: Iron Treads|quarkdrivespe\n|turn|1\n|\n|t:|1695182905\n|switch|p1a: Megumi|Espeon, M|100/100\n|move|p2a: Iron Treads|Earthquake|p1a: Megumi\n|-damage|p1a: Megumi|7/100\n|\n|upkeep\n|turn|2\n|\n|t:|1695182924\n|switch|p1a: Ghost|Hawlucha, F, shiny|100/100\n|-ability|p1a: Ghost|Mold Breaker\n|move|p2a: Iron Treads|Rapid Spin|p1a: Ghost\n|-damage|p1a: Ghost|76/100\n|-boost|p2a: Iron Treads|spe|1\n|\n|upkeep\n|turn|3\n|\n|t:|1695182934\n|move|p2a: Iron Treads|Ice Spinner|p1a: Ghost\n|-supereffective|p1a: Ghost\n|-damage|p1a: Ghost|4/100\n|move|p1a: Ghost|Swords Dance|p1a: Ghost\n|-boost|p1a: Ghost|atk|2\n|\n|upkeep\n|turn|4\n|\n|t:|1695182942\n|switch|p1a: Amp!|Ampharos, F|100/100\n|move|p2a: Iron Treads|Rapid Spin|p1a: Amp!\n|-damage|p1a: Amp!|86/100\n|-boost|p2a: Iron Treads|spe|1\n|-status|p2a: Iron Treads|par|[from] ability: Static|[of] p1a: Amp!\n|\n|upkeep\n|turn|5\n|\n|t:|1695182952\n|move|p2a: Iron Treads|Earthquake|p1a: Amp!\n|-supereffective|p1a: Amp!\n|-damage|p1a: Amp!|0 fnt\n|faint|p1a: Amp!\n|\n|upkeep\n|\n|t:|1695182960\n|switch|p1a: Loki|Lokix, F|100/100\n|turn|6\n|\n|t:|1695182971\n|move|p2a: Iron Treads|Iron Head|p1a: Loki\n|-damage|p1a: Loki|40/100\n|cant|p1a: Loki|flinch\n|\n|upkeep\n|turn|7\n|\n|t:|1695182977\n|move|p2a: Iron Treads|Iron Head|p1a: Loki\n|-damage|p1a: Loki|0 fnt\n|faint|p1a: Loki\n|\n|upkeep\n|\n|t:|1695182981\n|switch|p1a: Ogerpon|Ogerpon-Hearthflame, F|100/100\n|-ability|p1a: Ogerpon|Mold Breaker\n|turn|8\n|\n|t:|1695182986\n|cant|p2a: Iron Treads|par\n|move|p1a: Ogerpon|Swords Dance|p1a: Ogerpon\n|-boost|p1a: Ogerpon|atk|2\n|\n|upkeep\n|turn|9\n|\n|t:|1695182989\n|move|p2a: Iron Treads|Earthquake|p1a: Ogerpon\n|-damage|p1a: Ogerpon|55/100\n|move|p1a: Ogerpon|Trailblaze|p2a: Iron Treads\n|-damage|p2a: Iron Treads|48/100 par\n|-boost|p1a: Ogerpon|spe|1\n|\n|upkeep\n|turn|10\n|\n|t:|1695182997\n|cant|p2a: Iron Treads|par\n|move|p1a: Ogerpon|Horn Leech|p2a: Iron Treads\n|-crit|p2a: Iron Treads\n|-damage|p2a: Iron Treads|0 fnt\n|-heal|p1a: Ogerpon|78/100|[from] drain|[of] p2a: Iron Treads\n|faint|p2a: Iron Treads\n|-end|p2a: Iron Treads|Quark Drive|[silent]\n|\n|upkeep\n|\n|t:|1695183008\n|switch|p2a: Okidogi|Okidogi, M|100/100\n|turn|11\n|\n|t:|1695183018\n|-terastallize|p1a: Ogerpon|Fire\n|detailschange|p1a: Ogerpon|Ogerpon-Hearthflame-Tera, F, tera:Fire\n|-ability|p1a: Ogerpon|Embody Aspect (Hearthflame)|boost\n|-boost|p1a: Ogerpon|atk|1\n|move|p1a: Ogerpon|Ivy Cudgel|p2a: Okidogi\n|-damage|p2a: Okidogi|0 fnt\n|faint|p2a: Okidogi\n|\n|upkeep\n|\n|t:|1695183029\n|switch|p2a: Ursaluna|Ursaluna-Bloodmoon, M, shiny|100/100\n|turn|12\n|\n|t:|1695183036\n|-terastallize|p2a: Ursaluna|Fighting\n|move|p2a: Ursaluna|Vacuum Wave|p1a: Ogerpon\n|-crit|p1a: Ogerpon\n|-damage|p1a: Ogerpon|40/100\n|move|p1a: Ogerpon|Horn Leech|p2a: Ursaluna\n|-damage|p2a: Ursaluna|32/100\n|-heal|p1a: Ogerpon|84/100|[from] drain|[of] p2a: Ursaluna\n|\n|upkeep\n|turn|13\n|\n|t:|1695183056\n|move|p2a: Ursaluna|Vacuum Wave|p1a: Ogerpon\n|-damage|p1a: Ogerpon|59/100\n|move|p1a: Ogerpon|Horn Leech|p2a: Ursaluna\n|-damage|p2a: Ursaluna|0 fnt\n|-heal|p1a: Ogerpon|80/100|[from] drain|[of] p2a: Ursaluna\n|faint|p2a: Ursaluna\n|\n|upkeep\n|\n|t:|1695183062\n|switch|p2a: Ting-Lu|Ting-Lu|100/100\n|-ability|p2a: Ting-Lu|Vessel of Ruin\n|turn|14\n|\n|t:|1695183065\n|move|p1a: Ogerpon|Swords Dance|p1a: Ogerpon\n|-boost|p1a: Ogerpon|atk|2\n|move|p2a: Ting-Lu|Ruination|p1a: Ogerpon\n|-damage|p1a: Ogerpon|40/100\n|\n|upkeep\n|turn|15\n|\n|t:|1695183070\n|move|p1a: Ogerpon|Horn Leech|p2a: Ting-Lu\n|-supereffective|p2a: Ting-Lu\n|-damage|p2a: Ting-Lu|0 fnt\n|-heal|p1a: Ogerpon|100/100|[from] drain|[of] p2a: Ting-Lu\n|faint|p2a: Ting-Lu\n|\n|upkeep\n|\n|t:|1695183074\n|switch|p2a: Kommo-o|Kommo-o, F, shiny|100/100\n|turn|16\n|\n|t:|1695183078\n|move|p1a: Ogerpon|Ivy Cudgel|p2a: Kommo-o\n|-resisted|p2a: Kommo-o\n|-damage|p2a: Kommo-o|0 fnt\n|faint|p2a: Kommo-o\n|\n|upkeep\n|-message|MrSheep12 forfeited.\n|\n|win|JAADragon\n|raw|JAADragon's rating: 1180 &rarr; <strong>1207</strong><br />(+27 for winning)\n|raw|MrSheep12's rating: 1208 &rarr; <strong>1181</strong><br />(-27 for losing)\n|l|\u2606MrSheep12\n", "uploadtime": 1695183114, "views": 5, "p1id": "jaadragon", "p2id": "mrsheep12", "formatid": "gen9ou", "rating": 1181, "private": 0, "password": ""}