{"id": "gen9ou-1947664723", "p1": "im baked bread", "p2": "SSSSSSlizardr", "format": "gen9ou", "log": "|j|\u2606im baked bread\n|j|\u2606SSSSSSlizardr\n|t:|1695183931\n|gametype|singles\n|player|p1|im baked bread|cynthia-gen4|1338\n|player|p2|SSSSSSlizardr|irida|1357\n|teamsize|p1|6\n|teamsize|p2|6\n|gen|9\n|tier|[Gen 9] OU\n|rated|\n|rule|Sleep Clause Mod: Limit one foe put to sleep\n|rule|Species Clause: Limit one of each Pok\u00e9mon\n|rule|OHKO Clause: OHKO moves are banned\n|rule|Evasion Items Clause: Evasion items are banned\n|rule|Evasion Moves Clause: Evasion moves are banned\n|rule|Endless Battle Clause: Forcing endless battles is banned\n|rule|HP Percentage Mod: HP is shown in percentages\n|clearpoke\n|poke|p1|Kingambit, F|\n|poke|p1|Glimmora, F|\n|poke|p1|Zamazenta-*|\n|poke|p1|Iron Valiant|\n|poke|p1|Iron Moth|\n|poke|p1|Ogerpon-Wellspring, F|\n|poke|p2|Ninetales-Alola, F|\n|poke|p2|Alomomola, F|\n|poke|p2|Cresselia, F|\n|poke|p2|Ursaluna-Bloodmoon, M|\n|poke|p2|Jirachi|\n|poke|p2|Pawmot, M|\n|teampreview\n|inactive|Battle timer is ON: inactive players will automatically lose when time's up. (requested by im baked bread)\n|\n|t:|1695183938\n|start\n|switch|p1a: Zamazenta|Zamazenta|100/100\n|switch|p2a: Ursaluna|Ursaluna-Bloodmoon, M|100/100\n|-ability|p1a: Zamazenta|Dauntless Shield|boost\n|-boost|p1a: Zamazenta|def|1\n|turn|1\n|\n|t:|1695183945\n|-terastallize|p2a: Ursaluna|Fighting\n|move|p1a: Zamazenta|Body Press|p2a: Ursaluna\n|-damage|p2a: Ursaluna|64/100\n|move|p2a: Ursaluna|Blood Moon|p1a: Zamazenta\n|-damage|p1a: Zamazenta|21/100\n|\n|-heal|p1a: Zamazenta|27/100|[from] item: Leftovers\n|upkeep\n|turn|2\n|\n|t:|1695183952\n|move|p1a: Zamazenta|Body Press|p2a: Ursaluna\n|-damage|p2a: Ursaluna|26/100\n|move|p2a: Ursaluna|Earth Power|p1a: Zamazenta\n|-damage|p1a: Zamazenta|0 fnt\n|faint|p1a: Zamazenta\n|\n|upkeep\n|\n|t:|1695183959\n|switch|p1a: Iron Valiant|Iron Valiant|100/100\n|-enditem|p1a: Iron Valiant|Booster Energy\n|-activate|p1a: Iron Valiant|ability: Quark Drive|[fromitem]\n|-start|p1a: Iron Valiant|quarkdrivespe\n|turn|3\n|\n|t:|1695183966\n|switch|p2a: Cresselia|Cresselia, F|100/100\n|move|p1a: Iron Valiant|Moonblast|p2a: Cresselia\n|-damage|p2a: Cresselia|69/100\n|-unboost|p2a: Cresselia|spa|1\n|\n|-heal|p2a: Cresselia|75/100|[from] item: Leftovers\n|upkeep\n|turn|4\n|\n|t:|1695183971\n|move|p1a: Iron Valiant|Moonblast|p2a: Cresselia\n|-damage|p2a: Cresselia|47/100\n|move|p2a: Cresselia|Psychic|p1a: Iron Valiant\n|-supereffective|p1a: Iron Valiant\n|-damage|p1a: Iron Valiant|34/100\n|\n|-heal|p2a: Cresselia|53/100|[from] item: Leftovers\n|upkeep\n|turn|5\n|\n|t:|1695183976\n|move|p1a: Iron Valiant|Moonblast|p2a: Cresselia\n|-damage|p2a: Cresselia|25/100\n|-unboost|p2a: Cresselia|spa|1\n|move|p2a: Cresselia|Trick Room|p2a: Cresselia\n|-fieldstart|move: Trick Room|[of] p2a: Cresselia\n|\n|-heal|p2a: Cresselia|31/100|[from] item: Leftovers\n|upkeep\n|turn|6\n|\n|t:|1695183988\n|move|p2a: Cresselia|Psychic|p1a: Iron Valiant\n|-supereffective|p1a: Iron Valiant\n|-damage|p1a: Iron Valiant|0 fnt\n|faint|p1a: Iron Valiant\n|-end|p1a: Iron Valiant|Quark Drive|[silent]\n|\n|-heal|p2a: Cresselia|37/100|[from] item: Leftovers\n|upkeep\n|\n|t:|1695183997\n|switch|p1a: Kingambit|Kingambit, F|100/100\n|-activate|p1a: Kingambit|ability: Supreme Overlord\n|-start|p1a: Kingambit|fallen2|[silent]\n|turn|7\n|\n|t:|1695184000\n|move|p2a: Cresselia|Lunar Dance|p2a: Cresselia\n|faint|p2a: Cresselia\n|move|p1a: Kingambit|Kowtow Cleave|p2: Cresselia|[notarget]\n|-fail|p1a: Kingambit\n|\n|upkeep\n|\n|t:|1695184002\n|switch|p2a: Ursaluna|Ursaluna-Bloodmoon, M, tera:Fighting|26/100\n|-heal|p2a: Ursaluna|100/100|[from] move: Lunar Dance\n|turn|8\n|\n|t:|1695184015\n|-end|p1a: Kingambit|fallen2|[silent]\n|switch|p1a: Glimmora|Glimmora, F|100/100\n|move|p2a: Ursaluna|Earth Power|p1a: Glimmora\n|-supereffective|p1a: Glimmora\n|-enditem|p1a: Glimmora|Focus Sash\n|-damage|p1a: Glimmora|1/100\n|\n|upkeep\n|turn|9\n|\n|t:|1695184022\n|move|p2a: Ursaluna|Earth Power|p1a: Glimmora\n|-supereffective|p1a: Glimmora\n|-damage|p1a: Glimmora|0 fnt\n|faint|p1a: Glimmora\n|\n|-fieldend|move: Trick Room\n|upkeep\n|\n|t:|1695184029\n|switch|p1a: Iron Moth|Iron Moth|100/100\n|-enditem|p1a: Iron Moth|Booster Energy\n|-activate|p1a: Iron Moth|ability: Quark Drive|[fromitem]\n|-start|p1a: Iron Moth|quarkdrivespe\n|turn|10\n|\n|t:|1695184031\n|move|p1a: Iron Moth|Dazzling Gleam|p2a: Ursaluna\n|-supereffective|p2a: Ursaluna\n|-damage|p2a: Ursaluna|59/100\n|move|p2a: Ursaluna|Earth Power|p1a: Iron Moth\n|-supereffective|p1a: Iron Moth\n|-damage|p1a: Iron Moth|0 fnt\n|faint|p1a: Iron Moth\n|-end|p1a: Iron Moth|Quark Drive|[silent]\n|\n|upkeep\n|\n|t:|1695184035\n|switch|p1a: Ogerpon|Ogerpon-Wellspring, F|100/100\n|turn|11\n|\n|t:|1695184039\n|switch|p2a: Alomomola|Alomomola, F|100/100\n|-terastallize|p1a: Ogerpon|Water\n|detailschange|p1a: Ogerpon|Ogerpon-Wellspring-Tera, F, tera:Water\n|-ability|p1a: Ogerpon|Embody Aspect (Wellspring)|boost\n|-boost|p1a: Ogerpon|spd|1\n|move|p1a: Ogerpon|Ivy Cudgel|p2a: Alomomola\n|-resisted|p2a: Alomomola\n|-damage|p2a: Alomomola|81/100\n|\n|upkeep\n|turn|12\n|\n|t:|1695184044\n|move|p1a: Ogerpon|Power Whip|p2a: Alomomola\n|-supereffective|p2a: Alomomola\n|-damage|p2a: Alomomola|3/100\n|-damage|p1a: Ogerpon|84/100|[from] item: Rocky Helmet|[of] p2a: Alomomola\n|move|p2a: Alomomola|Wish|p2a: Alomomola\n|\n|upkeep\n|turn|13\n|\n|t:|1695184051\n|switch|p2a: Ursaluna|Ursaluna-Bloodmoon, M, tera:Fighting|59/100\n|move|p1a: Ogerpon|Knock Off|p2a: Ursaluna\n|-resisted|p2a: Ursaluna\n|-crit|p2a: Ursaluna\n|-damage|p2a: Ursaluna|39/100\n|-enditem|p2a: Ursaluna|Assault Vest|[from] move: Knock Off|[of] p1a: Ogerpon\n|\n|-heal|p2a: Ursaluna|100/100|[from] move: Wish|[wisher] Alomomola\n|upkeep\n|turn|14\n|\n|t:|1695184056\n|move|p1a: Ogerpon|Ivy Cudgel|p2a: Ursaluna\n|-crit|p2a: Ursaluna\n|-damage|p2a: Ursaluna|25/100\n|move|p2a: Ursaluna|Blood Moon|p1a: Ogerpon\n|-damage|p1a: Ogerpon|17/100\n|\n|upkeep\n|turn|15\n|\n|t:|1695184059\n|move|p2a: Ursaluna|Vacuum Wave|p1a: Ogerpon\n|-damage|p1a: Ogerpon|0 fnt\n|faint|p1a: Ogerpon\n|\n|upkeep\n|-message|im baked bread forfeited.\n|\n|win|SSSSSSlizardr\n|raw|im baked bread's rating: 1338 &rarr; <strong>1319</strong><br />(-19 for losing)\n|raw|SSSSSSlizardr's rating: 1357 &rarr; <strong>1376</strong><br />(+19 for winning)\n|l|\u2606im baked bread\n", "uploadtime": 1695184066, "views": 3, "p1id": "imbakedbread", "p2id": "sssssslizardr", "formatid": "gen9ou", "rating": 1319, "private": 0, "password": ""}