{"id": "gen9ou-1947585303", "p1": "Bandalo Salvaje", "p2": "v1n001", "format": "gen9ou", "log": "|j|\u2606Bandalo Salvaje\n|j|\u2606v1n001\n|t:|1695175044\n|gametype|singles\n|player|p1|Bandalo Salvaje|drayden|1235\n|player|p2|v1n001|265|1177\n|teamsize|p1|6\n|teamsize|p2|6\n|gen|9\n|tier|[Gen 9] OU\n|rated|\n|rule|Sleep Clause Mod: Limit one foe put to sleep\n|rule|Species Clause: Limit one of each Pok\u00e9mon\n|rule|OHKO Clause: OHKO moves are banned\n|rule|Evasion Items Clause: Evasion items are banned\n|rule|Evasion Moves Clause: Evasion moves are banned\n|rule|Endless Battle Clause: Forcing endless battles is banned\n|rule|HP Percentage Mod: HP is shown in percentages\n|clearpoke\n|poke|p1|Weezing-Galar, F|\n|poke|p1|Alomomola, M|\n|poke|p1|Garganacl, F|\n|poke|p1|Gliscor, M|\n|poke|p1|Blissey, F|\n|poke|p1|Skeledirge, M|\n|poke|p2|Sneasler, F|\n|poke|p2|Ogerpon-Wellspring, F|\n|poke|p2|Gliscor, F|\n|poke|p2|Heatran, F|\n|poke|p2|Corviknight, F|\n|poke|p2|Rillaboom, F|\n|teampreview\n|inactive|Battle timer is ON: inactive players will automatically lose when time's up. (requested by Bandalo Salvaje)\n|inactive|v1n001 also wants the timer to be on.\n|\n|t:|1695175059\n|start\n|switch|p1a: Gliscor|Gliscor, M|100/100\n|switch|p2a: Gliscor|Gliscor, F, shiny|100/100\n|turn|1\n|\n|t:|1695175065\n|move|p2a: Gliscor|Protect|p2a: Gliscor\n|-singleturn|p2a: Gliscor|Protect\n|move|p1a: Gliscor|Knock Off|p2a: Gliscor\n|-activate|p2a: Gliscor|move: Protect\n|\n|-status|p2a: Gliscor|tox|[from] item: Toxic Orb\n|-status|p1a: Gliscor|tox|[from] item: Toxic Orb\n|upkeep\n|turn|2\n|\n|t:|1695175075\n|move|p2a: Gliscor|Spikes|p1a: Gliscor\n|-sidestart|p1: Bandalo Salvaje|Spikes\n|move|p1a: Gliscor|Stealth Rock|p2a: Gliscor\n|-sidestart|p2: v1n001|move: Stealth Rock\n|\n|upkeep\n|turn|3\n|\n|t:|1695175080\n|move|p2a: Gliscor|Spikes|p1a: Gliscor\n|-sidestart|p1: Bandalo Salvaje|Spikes\n|move|p1a: Gliscor|Spikes|p2a: Gliscor\n|-sidestart|p2: v1n001|Spikes\n|\n|upkeep\n|turn|4\n|\n|t:|1695175085\n|move|p2a: Gliscor|Spikes|p1a: Gliscor\n|-sidestart|p1: Bandalo Salvaje|Spikes\n|move|p1a: Gliscor|Spikes|p2a: Gliscor\n|-sidestart|p2: v1n001|Spikes\n|\n|upkeep\n|turn|5\n|\n|t:|1695175092\n|switch|p2a: Corviknight|Corviknight, F, shiny|100/100\n|-damage|p2a: Corviknight|88/100|[from] Stealth Rock\n|-ability|p2a: Corviknight|Pressure\n|move|p1a: Gliscor|Spikes|p2a: Corviknight\n|-sidestart|p2: v1n001|Spikes\n|\n|upkeep\n|turn|6\n|\n|t:|1695175100\n|move|p1a: Gliscor|Knock Off|p2a: Corviknight\n|-damage|p2a: Corviknight|75/100\n|-damage|p1a: Gliscor|84/100 tox|[from] item: Rocky Helmet|[of] p2a: Corviknight\n|-enditem|p2a: Corviknight|Rocky Helmet|[from] move: Knock Off|[of] p1a: Gliscor\n|move|p2a: Corviknight|Defog|p1a: Gliscor\n|-unboost|p1a: Gliscor|evasion|1\n|-sideend|p1: Bandalo Salvaje|Spikes|[from] move: Defog|[of] p2a: Corviknight\n|-sideend|p2: v1n001|Spikes|[from] move: Defog|[of] p2a: Corviknight\n|-sideend|p2: v1n001|Stealth Rock|[from] move: Defog|[of] p2a: Corviknight\n|\n|-heal|p1a: Gliscor|96/100 tox|[from] ability: Poison Heal\n|upkeep\n|turn|7\n|\n|t:|1695175114\n|switch|p2a: Ogerpon|Ogerpon-Wellspring, F, shiny|100/100\n|move|p1a: Gliscor|Stealth Rock|p2a: Ogerpon\n|-sidestart|p2: v1n001|move: Stealth Rock\n|\n|-heal|p1a: Gliscor|100/100 tox|[from] ability: Poison Heal\n|upkeep\n|turn|8\n|\n|t:|1695175126\n|switch|p1a: Alomomola|Alomomola, M|100/100\n|-terastallize|p2a: Ogerpon|Water\n|detailschange|p2a: Ogerpon|Ogerpon-Wellspring-Tera, F, shiny, tera:Water\n|-ability|p2a: Ogerpon|Embody Aspect (Wellspring)|boost\n|-boost|p2a: Ogerpon|spd|1\n|move|p2a: Ogerpon|Ivy Cudgel|p1a: Alomomola\n|-resisted|p1a: Alomomola\n|-damage|p1a: Alomomola|81/100\n|\n|upkeep\n|turn|9\n|\n|t:|1695175137\n|move|p2a: Ogerpon|Swords Dance|p2a: Ogerpon\n|-boost|p2a: Ogerpon|atk|2\n|move|p1a: Alomomola|Whirlpool|p2a: Ogerpon\n|-resisted|p2a: Ogerpon\n|-damage|p2a: Ogerpon|98/100\n|-activate|p2a: Ogerpon|move: Whirlpool|[of] p1a: Alomomola\n|\n|-damage|p2a: Ogerpon|86/100|[from] move: Whirlpool|[partiallytrapped]\n|upkeep\n|turn|10\n|\n|t:|1695175146\n|move|p2a: Ogerpon|Swords Dance|p2a: Ogerpon\n|-boost|p2a: Ogerpon|atk|2\n|move|p1a: Alomomola|Scald|p2a: Ogerpon\n|-resisted|p2a: Ogerpon\n|-damage|p2a: Ogerpon|81/100\n|-status|p2a: Ogerpon|brn\n|\n|-damage|p2a: Ogerpon|75/100 brn|[from] brn\n|-damage|p2a: Ogerpon|62/100 brn|[from] move: Whirlpool|[partiallytrapped]\n|upkeep\n|turn|11\n|\n|t:|1695175159\n|move|p2a: Ogerpon|Knock Off|p1a: Alomomola\n|-damage|p1a: Alomomola|48/100\n|-enditem|p1a: Alomomola|Heavy-Duty Boots|[from] move: Knock Off|[of] p2a: Ogerpon\n|move|p1a: Alomomola|Wish|p1a: Alomomola\n|\n|-damage|p2a: Ogerpon|56/100 brn|[from] brn\n|-damage|p2a: Ogerpon|44/100 brn|[from] move: Whirlpool|[partiallytrapped]\n|upkeep\n|turn|12\n|\n|t:|1695175168\n|move|p1a: Alomomola|Protect|p1a: Alomomola\n|-singleturn|p1a: Alomomola|Protect\n|move|p2a: Ogerpon|Swords Dance|p2a: Ogerpon\n|-boost|p2a: Ogerpon|atk|2\n|\n|-heal|p1a: Alomomola|98/100|[from] move: Wish|[wisher] Alomomola\n|-damage|p2a: Ogerpon|38/100 brn|[from] brn\n|-damage|p2a: Ogerpon|26/100 brn|[from] move: Whirlpool|[partiallytrapped]\n|upkeep\n|turn|13\n|\n|t:|1695175178\n|move|p2a: Ogerpon|Ivy Cudgel|p1a: Alomomola\n|-resisted|p1a: Alomomola\n|-damage|p1a: Alomomola|58/100\n|move|p1a: Alomomola|Wish|p1a: Alomomola\n|\n|-damage|p2a: Ogerpon|20/100 brn|[from] brn\n|-end|p2a: Ogerpon|Whirlpool|[partiallytrapped]\n|upkeep\n|turn|14\n|\n|t:|1695175188\n|move|p1a: Alomomola|Protect|p1a: Alomomola\n|-singleturn|p1a: Alomomola|Protect\n|move|p2a: Ogerpon|U-turn|p1a: Alomomola\n|-activate|p1a: Alomomola|move: Protect\n|\n|-heal|p1a: Alomomola|100/100|[from] move: Wish|[wisher] Alomomola\n|-damage|p2a: Ogerpon|14/100 brn|[from] brn\n|upkeep\n|turn|15\n|\n|t:|1695175199\n|move|p2a: Ogerpon|U-turn|p1a: Alomomola\n|-damage|p1a: Alomomola|71/100\n|\n|t:|1695175204\n|switch|p2a: Gliscor|Gliscor, F, shiny|100/100 tox|[from] U-turn\n|-damage|p2a: Gliscor|88/100 tox|[from] Stealth Rock\n|move|p1a: Alomomola|Whirlpool|p2a: Gliscor\n|-supereffective|p2a: Gliscor\n|-damage|p2a: Gliscor|77/100 tox\n|-activate|p2a: Gliscor|move: Whirlpool|[of] p1a: Alomomola\n|\n|-heal|p2a: Gliscor|90/100 tox|[from] ability: Poison Heal\n|-damage|p2a: Gliscor|77/100 tox|[from] move: Whirlpool|[partiallytrapped]\n|upkeep\n|turn|16\n|\n|t:|1695175225\n|switch|p1a: Gliscor|Gliscor, M|100/100 tox\n|move|p2a: Gliscor|Toxic|p1a: Gliscor\n|-fail|p1a: Gliscor|tox\n|\n|-heal|p2a: Gliscor|90/100 tox|[from] ability: Poison Heal\n|-end|p2a: Gliscor|Whirlpool|[partiallytrapped]|[silent]\n|upkeep\n|turn|17\n|\n|t:|1695175234\n|move|p2a: Gliscor|Spikes|p1a: Gliscor\n|-sidestart|p1: Bandalo Salvaje|Spikes\n|move|p1a: Gliscor|Spikes|p2a: Gliscor\n|-sidestart|p2: v1n001|Spikes\n|\n|-heal|p2a: Gliscor|100/100 tox|[from] ability: Poison Heal\n|upkeep\n|turn|18\n|\n|t:|1695175242\n|move|p2a: Gliscor|Spikes|p1a: Gliscor\n|-sidestart|p1: Bandalo Salvaje|Spikes\n|move|p1a: Gliscor|Spikes|p2a: Gliscor\n|-sidestart|p2: v1n001|Spikes\n|\n|upkeep\n|turn|19\n|\n|t:|1695175247\n|move|p2a: Gliscor|Spikes|p1a: Gliscor\n|-sidestart|p1: Bandalo Salvaje|Spikes\n|move|p1a: Gliscor|Spikes|p2a: Gliscor\n|-sidestart|p2: v1n001|Spikes\n|\n|upkeep\n|turn|20\n|\n|t:|1695175257\n|switch|p2a: Corviknight|Corviknight, F, shiny|75/100\n|-damage|p2a: Corviknight|62/100|[from] Stealth Rock\n|-ability|p2a: Corviknight|Pressure\n|switch|p1a: Garganacl|Garganacl, F|100/100\n|-damage|p1a: Garganacl|75/100|[from] Spikes\n|\n|-heal|p1a: Garganacl|82/100|[from] item: Leftovers\n|upkeep\n|turn|21\n|\n|t:|1695175269\n|move|p2a: Corviknight|Roost|p2a: Corviknight\n|-heal|p2a: Corviknight|100/100\n|-singleturn|p2a: Corviknight|move: Roost\n|move|p1a: Garganacl|Salt Cure|p2a: Corviknight\n|-resisted|p2a: Corviknight\n|-damage|p2a: Corviknight|97/100\n|-start|p2a: Corviknight|Salt Cure\n|\n|-heal|p1a: Garganacl|88/100|[from] item: Leftovers\n|-damage|p2a: Corviknight|72/100|[from] Salt Cure\n|upkeep\n|turn|22\n|\n|t:|1695175281\n|move|p2a: Corviknight|U-turn|p1a: Garganacl\n|-damage|p1a: Garganacl|77/100\n|\n|t:|1695175282\n|switch|p2a: Rillaboom|Rillaboom, F, shiny|100/100|[from] U-turn\n|-damage|p2a: Rillaboom|88/100|[from] Stealth Rock\n|-damage|p2a: Rillaboom|63/100|[from] Spikes\n|-fieldstart|move: Grassy Terrain|[from] ability: Grassy Surge|[of] p2a: Rillaboom\n|move|p1a: Garganacl|Curse|p1a: Garganacl\n|-unboost|p1a: Garganacl|spe|1\n|-boost|p1a: Garganacl|atk|1\n|-boost|p1a: Garganacl|def|1\n|\n|-heal|p2a: Rillaboom|69/100|[from] Grassy Terrain\n|-heal|p1a: Garganacl|84/100|[from] Grassy Terrain\n|-heal|p1a: Garganacl|90/100|[from] item: Leftovers\n|upkeep\n|turn|23\n|\n|t:|1695175301\n|-terastallize|p1a: Garganacl|Ghost\n|move|p2a: Rillaboom|Knock Off|p1a: Garganacl\n|-supereffective|p1a: Garganacl\n|-damage|p1a: Garganacl|39/100\n|-enditem|p1a: Garganacl|Leftovers|[from] move: Knock Off|[of] p2a: Rillaboom\n|move|p1a: Garganacl|Body Press|p2a: Rillaboom\n|-damage|p2a: Rillaboom|32/100\n|\n|-heal|p2a: Rillaboom|38/100|[from] Grassy Terrain\n|-heal|p1a: Garganacl|45/100|[from] Grassy Terrain\n|upkeep\n|turn|24\n|\n|t:|1695175316\n|move|p2a: Rillaboom|Knock Off|p1a: Garganacl\n|-supereffective|p1a: Garganacl\n|-damage|p1a: Garganacl|10/100\n|move|p1a: Garganacl|Recover|p1a: Garganacl\n|-heal|p1a: Garganacl|60/100\n|\n|-heal|p2a: Rillaboom|44/100|[from] Grassy Terrain\n|-heal|p1a: Garganacl|67/100|[from] Grassy Terrain\n|upkeep\n|turn|25\n|\n|t:|1695175326\n|move|p2a: Rillaboom|Knock Off|p1a: Garganacl\n|-supereffective|p1a: Garganacl\n|-damage|p1a: Garganacl|33/100\n|move|p1a: Garganacl|Salt Cure|p2a: Rillaboom\n|-damage|p2a: Rillaboom|22/100\n|-start|p2a: Rillaboom|Salt Cure\n|\n|-heal|p2a: Rillaboom|28/100|[from] Grassy Terrain\n|-heal|p1a: Garganacl|39/100|[from] Grassy Terrain\n|-damage|p2a: Rillaboom|15/100|[from] Salt Cure\n|upkeep\n|turn|26\n|\n|t:|1695175338\n|move|p2a: Rillaboom|Knock Off|p1a: Garganacl\n|-supereffective|p1a: Garganacl\n|-damage|p1a: Garganacl|8/100\n|move|p1a: Garganacl|Recover|p1a: Garganacl\n|-heal|p1a: Garganacl|58/100\n|\n|-heal|p2a: Rillaboom|22/100|[from] Grassy Terrain\n|-heal|p1a: Garganacl|64/100|[from] Grassy Terrain\n|-damage|p2a: Rillaboom|9/100|[from] Salt Cure\n|-fieldend|move: Grassy Terrain\n|upkeep\n|turn|27\n|\n|t:|1695175350\n|switch|p2a: Heatran|Heatran, F, shiny|100/100\n|-damage|p2a: Heatran|88/100|[from] Stealth Rock\n|-damage|p2a: Heatran|63/100|[from] Spikes\n|move|p1a: Garganacl|Recover|p1a: Garganacl\n|-heal|p1a: Garganacl|100/100\n|\n|-heal|p2a: Heatran|69/100|[from] item: Leftovers\n|upkeep\n|turn|28\n|\n|t:|1695175361\n|move|p2a: Heatran|Magma Storm|p1a: Garganacl\n|-damage|p1a: Garganacl|72/100\n|-activate|p1a: Garganacl|move: Magma Storm|[of] p2a: Heatran\n|move|p1a: Garganacl|Salt Cure|p2a: Heatran\n|-damage|p2a: Heatran|52/100\n|-start|p2a: Heatran|Salt Cure\n|\n|-heal|p2a: Heatran|58/100|[from] item: Leftovers\n|-damage|p2a: Heatran|33/100|[from] Salt Cure\n|-damage|p1a: Garganacl|60/100|[from] move: Magma Storm|[partiallytrapped]\n|upkeep\n|turn|29\n|\n|t:|1695175375\n|move|p2a: Heatran|Stealth Rock|p1a: Garganacl\n|-sidestart|p1: Bandalo Salvaje|move: Stealth Rock\n|move|p1a: Garganacl|Recover|p1a: Garganacl\n|-heal|p1a: Garganacl|100/100\n|\n|-heal|p2a: Heatran|39/100|[from] item: Leftovers\n|-damage|p2a: Heatran|14/100|[from] Salt Cure\n|-damage|p1a: Garganacl|88/100|[from] move: Magma Storm|[partiallytrapped]\n|upkeep\n|turn|30\n|\n|t:|1695175388\n|move|p2a: Heatran|Taunt|p1a: Garganacl\n|-start|p1a: Garganacl|move: Taunt\n|move|p1a: Garganacl|Salt Cure|p2a: Heatran\n|-damage|p2a: Heatran|0 fnt\n|faint|p2a: Heatran\n|\n|-end|p1a: Garganacl|Magma Storm|[partiallytrapped]|[silent]\n|upkeep\n|-message|v1n001 forfeited.\n|\n|win|Bandalo Salvaje\n|raw|Bandalo Salvaje's rating: 1235 &rarr; <strong>1256</strong><br />(+21 for winning)\n|raw|v1n001's rating: 1177 &rarr; <strong>1156</strong><br />(-21 for losing)\n|l|\u2606v1n001\n", "uploadtime": 1695175402, "views": 3, "p1id": "bandalosalvaje", "p2id": "v1n001", "formatid": "gen9ou", "rating": 1156, "private": 0, "password": ""}