{"id": "gen9ou-1947674440", "p1": "Vedakville", "p2": "SSSSSSlizardr", "format": "gen9ou", "log": "|j|\u2606Vedakville\n|j|\u2606SSSSSSlizardr\n|t:|1695185286\n|gametype|singles\n|player|p1|Vedakville|170|1428\n|player|p2|SSSSSSlizardr|irida|1378\n|teamsize|p1|6\n|teamsize|p2|6\n|gen|9\n|tier|[Gen 9] OU\n|rated|\n|rule|Sleep Clause Mod: Limit one foe put to sleep\n|rule|Species Clause: Limit one of each Pok\u00e9mon\n|rule|OHKO Clause: OHKO moves are banned\n|rule|Evasion Items Clause: Evasion items are banned\n|rule|Evasion Moves Clause: Evasion moves are banned\n|rule|Endless Battle Clause: Forcing endless battles is banned\n|rule|HP Percentage Mod: HP is shown in percentages\n|clearpoke\n|poke|p1|Infernape, M|\n|poke|p1|Mamoswine, M|\n|poke|p1|Ursaluna-Bloodmoon, M|\n|poke|p1|Ogerpon-Wellspring, F|\n|poke|p1|Okidogi, M|\n|poke|p1|Munkidori, M|\n|poke|p2|Ninetales-Alola, M|\n|poke|p2|Alomomola, F|\n|poke|p2|Cresselia, F|\n|poke|p2|Ursaluna-Bloodmoon, M|\n|poke|p2|Jirachi|\n|poke|p2|Pawmot, M|\n|teampreview\n|\n|t:|1695185300\n|start\n|switch|p1a: Infernape|Infernape, M|100/100\n|switch|p2a: Ursaluna|Ursaluna-Bloodmoon, M|100/100\n|turn|1\n|\n|t:|1695185311\n|-terastallize|p1a: Infernape|Grass\n|move|p1a: Infernape|Grass Knot|p2a: Ursaluna\n|-supereffective|p2a: Ursaluna\n|-damage|p2a: Ursaluna|0 fnt\n|faint|p2a: Ursaluna\n|\n|upkeep\n|\n|t:|1695185319\n|switch|p2a: Pawmot|Pawmot, M|100/100\n|turn|2\n|l|\u2606Vedakville\n|player|p1|\n|inactive|Battle timer is ON: inactive players will automatically lose when time's up. (requested by SSSSSSlizardr)\n|l|\u2606SSSSSSlizardr\n|inactive|SSSSSSlizardr disconnected and has a minute to reconnect!\n|player|p2|\n|j|\u2606SSSSSSlizardr\n|inactive|SSSSSSlizardr reconnected and has 140 seconds left.\n|player|p2|SSSSSSlizardr|irida\n|j|\u2606Vedakville\n|inactive|Vedakville reconnected and has 130 seconds left.\n|player|p1|Vedakville|170\n|\n|t:|1695185354\n|switch|p1a: Mamoswine|Mamoswine, M|100/100\n|move|p2a: Pawmot|Revival Blessing|p2a: Pawmot\n|-enditem|p2a: Pawmot|Leppa Berry|[eat]\n|-activate|p2a: Pawmot|item: Leppa Berry|Revival Blessing|[consumed]\n|\n|t:|1695185357\n|-heal|p2: Ursaluna|50/100|[from] move: Revival Blessing\n|\n|upkeep\n|turn|3\n|\n|t:|1695185381\n|switch|p2a: Alomomola|Alomomola, F|100/100\n|move|p1a: Mamoswine|Icicle Spear|p2a: Alomomola\n|-resisted|p2a: Alomomola\n|-damage|p2a: Alomomola|97/100\n|-resisted|p2a: Alomomola\n|-damage|p2a: Alomomola|93/100\n|-hitcount|p2a: Alomomola|2\n|\n|upkeep\n|turn|4\n|\n|t:|1695185395\n|switch|p1a: Munkidori|Munkidori, M|100/100\n|move|p2a: Alomomola|Wish|p2a: Alomomola\n|\n|upkeep\n|turn|5\n|\n|t:|1695185411\n|switch|p2a: Ursaluna|Ursaluna-Bloodmoon, M|50/100\n|move|p1a: Munkidori|Future Sight|p2a: Ursaluna\n|-start|p1a: Munkidori|move: Future Sight\n|\n|-heal|p2a: Ursaluna|100/100|[from] move: Wish|[wisher] Alomomola\n|upkeep\n|turn|6\n|\n|t:|1695185418\n|move|p1a: Munkidori|Focus Blast|p2a: Ursaluna\n|-supereffective|p2a: Ursaluna\n|-damage|p2a: Ursaluna|25/100\n|-damage|p1a: Munkidori|91/100|[from] item: Life Orb\n|move|p2a: Ursaluna|Blood Moon|p1a: Munkidori\n|-damage|p1a: Munkidori|0 fnt\n|faint|p1a: Munkidori\n|\n|upkeep\n|\n|t:|1695185427\n|switch|p1a: Infernape|Infernape, M, tera:Grass|100/100\n|turn|7\n|\n|t:|1695185430\n|switch|p2a: Cresselia|Cresselia, F|100/100\n|move|p1a: Infernape|Aura Sphere|p2a: Cresselia\n|-resisted|p2a: Cresselia\n|-damage|p2a: Cresselia|82/100\n|\n|-end|p2a: Cresselia|move: Future Sight\n|-resisted|p2a: Cresselia\n|-damage|p2a: Cresselia|63/100\n|-heal|p2a: Cresselia|69/100|[from] item: Leftovers\n|upkeep\n|turn|8\n|\n|t:|1695185436\n|switch|p1a: Ogerpon|Ogerpon-Wellspring, F|100/100\n|move|p2a: Cresselia|Trick Room|p2a: Cresselia\n|-fieldstart|move: Trick Room|[of] p2a: Cresselia\n|\n|-heal|p2a: Cresselia|75/100|[from] item: Leftovers\n|upkeep\n|turn|9\n|\n|t:|1695185439\n|move|p2a: Cresselia|Lunar Dance|p2a: Cresselia\n|faint|p2a: Cresselia\n|move|p1a: Ogerpon|Knock Off|p2: Cresselia|[notarget]\n|-fail|p1a: Ogerpon\n|\n|upkeep\n|\n|t:|1695185440\n|switch|p2a: Ursaluna|Ursaluna-Bloodmoon, M|25/100\n|-heal|p2a: Ursaluna|100/100|[from] move: Lunar Dance\n|turn|10\n|\n|t:|1695185460\n|move|p2a: Ursaluna|Blood Moon|p1a: Ogerpon\n|-damage|p1a: Ogerpon|0 fnt\n|faint|p1a: Ogerpon\n|\n|upkeep\n|\n|t:|1695185463\n|switch|p1a: Okidogi|Okidogi, M|100/100\n|turn|11\n|\n|t:|1695185466\n|move|p2a: Ursaluna|Earth Power|p1a: Okidogi\n|-supereffective|p1a: Okidogi\n|-damage|p1a: Okidogi|0 fnt\n|faint|p1a: Okidogi\n|\n|upkeep\n|\n|t:|1695185470\n|switch|p1a: Mamoswine|Mamoswine, M|100/100\n|turn|12\n|\n|t:|1695185475\n|-terastallize|p2a: Ursaluna|Fighting\n|move|p2a: Ursaluna|Tera Blast|p1a: Mamoswine\n|-supereffective|p1a: Mamoswine\n|-damage|p1a: Mamoswine|0 fnt\n|faint|p1a: Mamoswine\n|\n|-fieldend|move: Trick Room\n|upkeep\n|\n|t:|1695185481\n|switch|p1a: Infernape|Infernape, M, tera:Grass|100/100\n|turn|13\n|\n|t:|1695185485\n|move|p1a: Infernape|Grass Knot|p2a: Ursaluna\n|-damage|p2a: Ursaluna|40/100\n|move|p2a: Ursaluna|Blood Moon|p1a: Infernape\n|-damage|p1a: Infernape|0 fnt\n|faint|p1a: Infernape\n|\n|upkeep\n|l|\u2606Vedakville\n|inactive|Vedakville disconnected and has a minute to reconnect!\n|player|p1|\n|j|\u2606Vedakville\n|inactive|Vedakville reconnected and has 140 seconds left.\n|player|p1|Vedakville|170\n|\n|t:|1695185498\n|switch|p1a: Ursaluna|Ursaluna-Bloodmoon, M|100/100\n|turn|14\n|\n|t:|1695185509\n|move|p2a: Ursaluna|Tera Blast|p1a: Ursaluna\n|-supereffective|p1a: Ursaluna\n|-damage|p1a: Ursaluna|0 fnt\n|faint|p1a: Ursaluna\n|\n|win|SSSSSSlizardr\n|raw|Vedakville's rating: 1428 &rarr; <strong>1405</strong><br />(-23 for losing)\n|raw|SSSSSSlizardr's rating: 1378 &rarr; <strong>1401</strong><br />(+23 for winning)\n|l|\u2606Vedakville\n", "uploadtime": 1695185514, "views": 9, "p1id": "vedakville", "p2id": "sssssslizardr", "formatid": "gen9ou", "rating": 1401, "private": 0, "password": ""}