{"id": "gen9ou-1947612549", "p1": "Roaring Tune", "p2": "Redbloo", "format": "gen9ou", "log": "|j|\u2606Roaring Tune\n|j|\u2606Redbloo\n|t:|1695177849\n|gametype|singles\n|player|p1|Roaring Tune|artist-gen4|1358\n|player|p2|Redbloo|blue-gen7|1291\n|teamsize|p1|6\n|teamsize|p2|6\n|gen|9\n|tier|[Gen 9] OU\n|rated|\n|rule|Sleep Clause Mod: Limit one foe put to sleep\n|rule|Species Clause: Limit one of each Pok\u00e9mon\n|rule|OHKO Clause: OHKO moves are banned\n|rule|Evasion Items Clause: Evasion items are banned\n|rule|Evasion Moves Clause: Evasion moves are banned\n|rule|Endless Battle Clause: Forcing endless battles is banned\n|rule|HP Percentage Mod: HP is shown in percentages\n|clearpoke\n|poke|p1|Ceruledge, F|\n|poke|p1|Munkidori, M|\n|poke|p1|Alomomola, F|\n|poke|p1|Empoleon, M|\n|poke|p1|Mandibuzz, F|\n|poke|p1|Gliscor, M|\n|poke|p2|Gliscor, M|\n|poke|p2|Walking Wake|\n|poke|p2|Infernape, F|\n|poke|p2|Munkidori, M|\n|poke|p2|Hoopa-Unbound|\n|poke|p2|Zapdos|\n|teampreview\n|inactive|Battle timer is ON: inactive players will automatically lose when time's up. (requested by Roaring Tune)\n|\n|t:|1695177872\n|start\n|switch|p1a: Gliscor|Gliscor, M|100/100\n|switch|p2a: Gliscor|Gliscor, M|100/100\n|turn|1\n|\n|t:|1695177880\n|move|p1a: Gliscor|Protect|p1a: Gliscor\n|-singleturn|p1a: Gliscor|Protect\n|move|p2a: Gliscor|Swords Dance|p2a: Gliscor\n|-boost|p2a: Gliscor|atk|2\n|\n|-status|p2a: Gliscor|tox|[from] item: Toxic Orb\n|-status|p1a: Gliscor|tox|[from] item: Toxic Orb\n|upkeep\n|turn|2\n|\n|t:|1695177889\n|move|p2a: Gliscor|Facade|p1a: Gliscor\n|-damage|p1a: Gliscor|62/100 tox\n|move|p1a: Gliscor|U-turn|p2a: Gliscor\n|-resisted|p2a: Gliscor\n|-damage|p2a: Gliscor|95/100 tox\n|\n|t:|1695177893\n|switch|p1a: Alomomola|Alomomola, F|100/100|[from] U-turn\n|\n|-heal|p2a: Gliscor|100/100 tox|[from] ability: Poison Heal\n|upkeep\n|turn|3\n|\n|t:|1695177899\n|switch|p2a: Walking Wake|Walking Wake|100/100\n|move|p1a: Alomomola|Flip Turn|p2a: Walking Wake\n|-resisted|p2a: Walking Wake\n|-damage|p2a: Walking Wake|96/100\n|\n|t:|1695177905\n|switch|p1a: Empoleon|Empoleon, M|100/100|[from] Flip Turn\n|\n|-heal|p2a: Walking Wake|100/100|[from] item: Leftovers\n|upkeep\n|turn|4\n|\n|t:|1695177911\n|-end|p2a: Walking Wake|Protosynthesis|[silent]\n|switch|p2a: Zapdos|Zapdos|100/100\n|move|p1a: Empoleon|Stealth Rock|p2a: Zapdos\n|-sidestart|p2: Redbloo|move: Stealth Rock\n|\n|upkeep\n|turn|5\n|\n|t:|1695177931\n|switch|p1a: Munkidori|Munkidori, M|100/100\n|move|p2a: Zapdos|Volt Switch|p1a: Munkidori\n|-damage|p1a: Munkidori|69/100\n|\n|t:|1695177938\n|switch|p2a: Hoopa|Hoopa-Unbound|100/100|[from] Volt Switch\n|-damage|p2a: Hoopa|88/100|[from] Stealth Rock\n|\n|-heal|p2a: Hoopa|94/100|[from] item: Leftovers\n|upkeep\n|turn|6\n|\n|t:|1695177946\n|move|p1a: Munkidori|U-turn|p2a: Hoopa\n|-supereffective|p2a: Hoopa\n|-crit|p2a: Hoopa\n|-damage|p2a: Hoopa|0 fnt\n|faint|p2a: Hoopa\n|\n|t:|1695177953\n|switch|p1a: Gliscor|Gliscor, M|62/100 tox|[from] U-turn\n|\n|-heal|p1a: Gliscor|74/100 tox|[from] ability: Poison Heal\n|upkeep\n|\n|t:|1695177959\n|switch|p2a: Walking Wake|Walking Wake|100/100\n|-damage|p2a: Walking Wake|88/100|[from] Stealth Rock\n|turn|7\n|\n|t:|1695177966\n|move|p1a: Gliscor|Protect|p1a: Gliscor\n|-singleturn|p1a: Gliscor|Protect\n|move|p2a: Walking Wake|Agility|p2a: Walking Wake\n|-boost|p2a: Walking Wake|spe|2\n|\n|-heal|p2a: Walking Wake|94/100|[from] item: Leftovers\n|-heal|p1a: Gliscor|87/100 tox|[from] ability: Poison Heal\n|upkeep\n|turn|8\n|\n|t:|1695177975\n|switch|p1a: Empoleon|Empoleon, M|100/100\n|move|p2a: Walking Wake|Surf|p1a: Empoleon\n|-resisted|p1a: Empoleon\n|-damage|p1a: Empoleon|84/100\n|\n|-heal|p2a: Walking Wake|100/100|[from] item: Leftovers\n|-heal|p1a: Empoleon|90/100|[from] item: Leftovers\n|upkeep\n|turn|9\n|\n|t:|1695177984\n|move|p1a: Empoleon|Ice Beam|p2a: Walking Wake\n|-damage|p2a: Walking Wake|77/100\n|move|p2a: Walking Wake|Roar|p1a: Empoleon\n|drag|p1a: Gliscor|Gliscor, M|87/100 tox\n|\n|-heal|p2a: Walking Wake|83/100|[from] item: Leftovers\n|-heal|p1a: Gliscor|99/100 tox|[from] ability: Poison Heal\n|upkeep\n|turn|10\n|\n|t:|1695177994\n|-end|p2a: Walking Wake|Protosynthesis|[silent]\n|switch|p2a: Infernape|Infernape, F|100/100\n|-damage|p2a: Infernape|88/100|[from] Stealth Rock\n|switch|p1a: Empoleon|Empoleon, M|90/100\n|\n|-heal|p1a: Empoleon|96/100|[from] item: Leftovers\n|upkeep\n|turn|11\n|\n|t:|1695178002\n|switch|p1a: Alomomola|Alomomola, F|100/100\n|move|p2a: Infernape|U-turn|p1a: Alomomola\n|-damage|p1a: Alomomola|84/100\n|\n|t:|1695178011\n|switch|p2a: Munkidori|Munkidori, M|100/100|[from] U-turn\n|-damage|p2a: Munkidori|88/100|[from] Stealth Rock\n|\n|upkeep\n|turn|12\n|\n|t:|1695178021\n|switch|p1a: Munkidori|Munkidori, M|69/100\n|move|p2a: Munkidori|U-turn|p1a: Munkidori\n|-damage|p1a: Munkidori|52/100\n|\n|t:|1695178029\n|switch|p2a: Gliscor|Gliscor, M|100/100 tox|[from] U-turn\n|-damage|p2a: Gliscor|88/100 tox|[from] Stealth Rock\n|\n|-heal|p2a: Gliscor|100/100 tox|[from] ability: Poison Heal\n|upkeep\n|turn|13\n|\n|t:|1695178037\n|move|p1a: Munkidori|Trick|p2a: Gliscor\n|-activate|p1a: Munkidori|move: Trick|[of] p2a: Gliscor\n|-item|p2a: Gliscor|Choice Scarf|[from] move: Trick\n|-item|p1a: Munkidori|Toxic Orb|[from] move: Trick\n|move|p2a: Gliscor|Swords Dance|p2a: Gliscor\n|-boost|p2a: Gliscor|atk|2\n|\n|upkeep\n|turn|14\n|\n|t:|1695178060\n|switch|p2a: Zapdos|Zapdos|100/100\n|move|p1a: Munkidori|Trick|p2a: Zapdos\n|-activate|p1a: Munkidori|move: Trick|[of] p2a: Zapdos\n|-item|p2a: Zapdos|Toxic Orb|[from] move: Trick\n|-item|p1a: Munkidori|Heavy-Duty Boots|[from] move: Trick\n|\n|-status|p2a: Zapdos|tox|[from] item: Toxic Orb\n|upkeep\n|turn|15\n|\n|t:|1695178069\n|move|p1a: Munkidori|U-turn|p2a: Zapdos\n|-resisted|p2a: Zapdos\n|-damage|p2a: Zapdos|95/100 tox\n|-status|p1a: Munkidori|par|[from] ability: Static|[of] p2a: Zapdos\n|\n|t:|1695178071\n|switch|p1a: Gliscor|Gliscor, M|99/100 tox|[from] U-turn\n|move|p2a: Zapdos|Hurricane|p1a: Gliscor|[miss]\n|-miss|p2a: Zapdos|p1a: Gliscor\n|\n|-damage|p2a: Zapdos|89/100 tox|[from] psn\n|-heal|p1a: Gliscor|100/100 tox|[from] ability: Poison Heal\n|upkeep\n|turn|16\n|\n|t:|1695178082\n|switch|p2a: Gliscor|Gliscor, M|100/100 tox\n|-damage|p2a: Gliscor|88/100 tox|[from] Stealth Rock\n|move|p1a: Gliscor|Earthquake|p2a: Gliscor\n|-immune|p2a: Gliscor\n|\n|-heal|p2a: Gliscor|100/100 tox|[from] ability: Poison Heal\n|upkeep\n|turn|17\n|\n|t:|1695178091\n|move|p2a: Gliscor|Facade|p1a: Gliscor\n|-damage|p1a: Gliscor|80/100 tox\n|move|p1a: Gliscor|Toxic Spikes|p2a: Gliscor\n|-sidestart|p2: Redbloo|move: Toxic Spikes\n|\n|-heal|p1a: Gliscor|93/100 tox|[from] ability: Poison Heal\n|upkeep\n|turn|18\n|\n|t:|1695178099\n|switch|p2a: Zapdos|Zapdos|89/100 tox\n|-damage|p2a: Zapdos|64/100 tox|[from] Stealth Rock\n|move|p1a: Gliscor|Earthquake|p2a: Zapdos\n|-immune|p2a: Zapdos\n|\n|-damage|p2a: Zapdos|58/100 tox|[from] psn\n|-heal|p1a: Gliscor|100/100 tox|[from] ability: Poison Heal\n|upkeep\n|turn|19\n|\n|t:|1695178109\n|switch|p2a: Munkidori|Munkidori, M|88/100\n|-damage|p2a: Munkidori|76/100|[from] Stealth Rock\n|-sideend|p2: Redbloo|move: Toxic Spikes|[of] p2a: Munkidori\n|move|p1a: Gliscor|Earthquake|p2a: Munkidori\n|-supereffective|p2a: Munkidori\n|-damage|p2a: Munkidori|0 fnt\n|faint|p2a: Munkidori\n|\n|upkeep\n|-message|Redbloo forfeited.\n|\n|win|Roaring Tune\n|raw|Roaring Tune's rating: 1358 &rarr; <strong>1374</strong><br />(+16 for winning)\n|raw|Redbloo's rating: 1291 &rarr; <strong>1271</strong><br />(-20 for losing)\n|l|\u2606Redbloo\n", "uploadtime": 1695178119, "views": 3, "p1id": "roaringtune", "p2id": "redbloo", "formatid": "gen9ou", "rating": 1271, "private": 0, "password": ""}