{"id": "gen9ou-1947568553", "p1": "ZMLD", "p2": "Gray135", "format": "gen9ou", "log": "|j|\u2606ZMLD\n|j|\u2606Gray135\n|t:|1695173414\n|gametype|singles\n|player|p1|ZMLD|ingo|\n|player|p2|Gray135|marlon|\n|teamsize|p1|6\n|teamsize|p2|6\n|gen|9\n|tier|[Gen 9] OU\n|rule|Sleep Clause Mod: Limit one foe put to sleep\n|rule|Species Clause: Limit one of each Pok\u00e9mon\n|rule|OHKO Clause: OHKO moves are banned\n|rule|Evasion Items Clause: Evasion items are banned\n|rule|Evasion Moves Clause: Evasion moves are banned\n|rule|Endless Battle Clause: Forcing endless battles is banned\n|rule|HP Percentage Mod: HP is shown in percentages\n|clearpoke\n|poke|p1|Roaring Moon|\n|poke|p1|Basculegion-F, F|\n|poke|p1|Tinkaton, F|\n|poke|p1|Sinistcha|\n|poke|p1|Clefable, F|\n|poke|p1|Chandelure, M|\n|poke|p2|Garganacl, M|\n|poke|p2|Munkidori, M|\n|poke|p2|Kilowattrel, M|\n|poke|p2|Scyther, F|\n|poke|p2|Kingambit, F|\n|poke|p2|Pikachu-World, M|\n|teampreview\n|inactive|Battle timer is ON: inactive players will automatically lose when time's up. (requested by ZMLD)\n|j| BotBuilder07\n|\n|t:|1695173442\n|start\n|switch|p1a: Star|Clefable, F|100/100\n|switch|p2a: Salt bays return|Garganacl, M|100/100\n|turn|1\n|\n|t:|1695173450\n|move|p1a: Star|Light Screen|p1a: Star\n|-sidestart|p1: ZMLD|move: Light Screen\n|move|p2a: Salt bays return|Iron Defense|p2a: Salt bays return\n|-boost|p2a: Salt bays return|def|2\n|\n|upkeep\n|turn|2\n|\n|t:|1695173456\n|switch|p1a: Vi's Ace|Sinistcha|100/100\n|move|p2a: Salt bays return|Iron Defense|p2a: Salt bays return\n|-boost|p2a: Salt bays return|def|2\n|\n|upkeep\n|turn|3\n|\n|t:|1695173466\n|-terastallize|p1a: Vi's Ace|Grass\n|-terastallize|p2a: Salt bays return|Fairy\n|move|p1a: Vi's Ace|Matcha Gotcha|p2a: Salt bays return\n|-damage|p2a: Salt bays return|52/100\n|move|p2a: Salt bays return|Salt Cure|p1a: Vi's Ace\n|-damage|p1a: Vi's Ace|86/100\n|-start|p1a: Vi's Ace|Salt Cure\n|\n|-heal|p2a: Salt bays return|59/100|[from] item: Leftovers\n|-damage|p1a: Vi's Ace|74/100|[from] Salt Cure\n|upkeep\n|turn|4\n|\n|t:|1695173479\n|move|p1a: Vi's Ace|Matcha Gotcha|p2a: Salt bays return|[miss]\n|-miss|p1a: Vi's Ace|p2a: Salt bays return\n|move|p2a: Salt bays return|Recover|p2a: Salt bays return\n|-heal|p2a: Salt bays return|100/100\n|\n|-damage|p1a: Vi's Ace|62/100|[from] Salt Cure\n|upkeep\n|turn|5\n|\n|t:|1695173487\n|move|p1a: Vi's Ace|Matcha Gotcha|p2a: Salt bays return\n|-damage|p2a: Salt bays return|59/100\n|-heal|p1a: Vi's Ace|91/100|[from] drain|[of] p2a: Salt bays return\n|move|p2a: Salt bays return|Iron Defense|p2a: Salt bays return\n|-boost|p2a: Salt bays return|def|2\n|\n|-heal|p2a: Salt bays return|65/100|[from] item: Leftovers\n|-damage|p1a: Vi's Ace|79/100|[from] Salt Cure\n|-sideend|p1: ZMLD|move: Light Screen\n|upkeep\n|turn|6\n|\n|t:|1695173498\n|move|p1a: Vi's Ace|Matcha Gotcha|p2a: Salt bays return\n|-damage|p2a: Salt bays return|19/100\n|-heal|p1a: Vi's Ace|100/100|[from] drain|[of] p2a: Salt bays return\n|move|p2a: Salt bays return|Body Press|p1a: Vi's Ace\n|-damage|p1a: Vi's Ace|0 fnt\n|faint|p1a: Vi's Ace\n|\n|-heal|p2a: Salt bays return|25/100|[from] item: Leftovers\n|upkeep\n|\n|t:|1695173508\n|switch|p1a: Bisexual|Basculegion-F, F|100/100\n|turn|7\n|\n|t:|1695173513\n|move|p1a: Bisexual|Shadow Ball|p2a: Salt bays return\n|-damage|p2a: Salt bays return|6/100\n|-unboost|p2a: Salt bays return|spd|1\n|move|p2a: Salt bays return|Recover|p2a: Salt bays return\n|-heal|p2a: Salt bays return|56/100\n|\n|-heal|p2a: Salt bays return|63/100|[from] item: Leftovers\n|upkeep\n|turn|8\n|\n|t:|1695173525\n|switch|p1a: Gigaton Girlboss|Tinkaton, F|100/100\n|move|p2a: Salt bays return|Salt Cure|p1a: Gigaton Girlboss\n|-resisted|p1a: Gigaton Girlboss\n|-crit|p1a: Gigaton Girlboss\n|-damage|p1a: Gigaton Girlboss|88/100\n|-start|p1a: Gigaton Girlboss|Salt Cure\n|\n|-heal|p2a: Salt bays return|69/100|[from] item: Leftovers\n|-damage|p1a: Gigaton Girlboss|63/100|[from] Salt Cure\n|upkeep\n|turn|9\n|\n|t:|1695173535\n|move|p1a: Gigaton Girlboss|Gigaton Hammer|p2a: Salt bays return\n|-supereffective|p2a: Salt bays return\n|-damage|p2a: Salt bays return|51/100\n|move|p2a: Salt bays return|Body Press|p1a: Gigaton Girlboss\n|-damage|p1a: Gigaton Girlboss|0 fnt\n|-damage|p2a: Salt bays return|34/100|[from] item: Rocky Helmet|[of] p1a: Gigaton Girlboss\n|faint|p1a: Gigaton Girlboss\n|\n|-heal|p2a: Salt bays return|41/100|[from] item: Leftovers\n|upkeep\n|\n|t:|1695173547\n|switch|p1a: Chandelure|Chandelure, M|100/100\n|turn|10\n|\n|t:|1695173554\n|move|p1a: Chandelure|Poltergeist|p2a: Salt bays return\n|-activate|p2a: Salt bays return|move: Poltergeist|Leftovers\n|-damage|p2a: Salt bays return|38/100\n|move|p2a: Salt bays return|Recover|p2a: Salt bays return\n|-heal|p2a: Salt bays return|88/100\n|\n|-heal|p2a: Salt bays return|95/100|[from] item: Leftovers\n|upkeep\n|turn|11\n|\n|t:|1695173573\n|switch|p1a: Star|Clefable, F|100/100\n|move|p2a: Salt bays return|Salt Cure|p1a: Star\n|-damage|p1a: Star|89/100\n|-start|p1a: Star|Salt Cure\n|\n|-heal|p1a: Star|95/100|[from] item: Leftovers\n|-heal|p2a: Salt bays return|100/100|[from] item: Leftovers\n|upkeep\n|turn|12\n|\n|t:|1695173583\n|move|p1a: Star|Psychic|p2a: Salt bays return\n|-damage|p2a: Salt bays return|75/100\n|move|p2a: Salt bays return|Body Press|p1a: Star\n|-resisted|p1a: Star\n|-damage|p1a: Star|41/100\n|\n|-heal|p1a: Star|47/100|[from] item: Leftovers\n|-heal|p2a: Salt bays return|81/100|[from] item: Leftovers\n|upkeep\n|turn|13\n|\n|t:|1695173592\n|move|p1a: Star|Psychic|p2a: Salt bays return\n|-damage|p2a: Salt bays return|57/100\n|move|p2a: Salt bays return|Body Press|p1a: Star\n|-resisted|p1a: Star\n|-damage|p1a: Star|0 fnt\n|faint|p1a: Star\n|\n|-heal|p2a: Salt bays return|63/100|[from] item: Leftovers\n|upkeep\n|\n|t:|1695173601\n|switch|p1a: Bisexual|Basculegion-F, F|100/100\n|turn|14\n|c|\u2606Gray135|i think salts getting bannd next draft\n|c|\u2606ZMLD|Why does Garganacl exist?\n|\n|t:|1695173621\n|move|p1a: Bisexual|Hydro Pump|p2a: Salt bays return\n|-damage|p2a: Salt bays return|0 fnt\n|faint|p2a: Salt bays return\n|\n|upkeep\n|c|\u2606Gray135|NOOOOOOOOOOOO\n|c|\u2606ZMLD|lol\n|\n|t:|1695173638\n|switch|p2a: around the hat|Pikachu-World, M|100/100\n|turn|15\n|j| Louiso1\n|\n|t:|1695173645\n|move|p2a: around the hat|Thunderbolt|p1a: Bisexual\n|-supereffective|p1a: Bisexual\n|-enditem|p1a: Bisexual|Focus Sash\n|-damage|p1a: Bisexual|1/100\n|-status|p1a: Bisexual|par\n|move|p1a: Bisexual|Shadow Ball|p2a: around the hat\n|-damage|p2a: around the hat|0 fnt\n|faint|p2a: around the hat\n|\n|upkeep\n|c| BotBuilder07|both of you had the same team for mocks btw\n|inactive|Gray135 has 270 seconds left.\n|\n|t:|1695173663\n|switch|p2a: mmm mounky|Munkidori, M|100/100\n|turn|16\n|\n|t:|1695173666\n|move|p2a: mmm mounky|Nasty Plot|p2a: mmm mounky\n|-boost|p2a: mmm mounky|spa|2\n|move|p1a: Bisexual|Endeavor|p2a: mmm mounky\n|-damage|p2a: mmm mounky|1/100\n|\n|upkeep\n|turn|17\n|\n|t:|1695173676\n|move|p2a: mmm mounky|Venoshock|p1a: Bisexual\n|-resisted|p1a: Bisexual\n|-damage|p1a: Bisexual|0 fnt\n|faint|p1a: Bisexual\n|-damage|p2a: mmm mounky|0 fnt|[from] item: Life Orb\n|faint|p2a: mmm mounky\n|\n|upkeep\n|\n|t:|1695173686\n|switch|p2a: less silly bug|Scyther, F|100/100\n|switch|p1a: HereCauseImCool|Roaring Moon|100/100\n|turn|18\n|\n|t:|1695173702\n|move|p1a: HereCauseImCool|Substitute|p1a: HereCauseImCool\n|-start|p1a: HereCauseImCool|Substitute\n|-damage|p1a: HereCauseImCool|75/100\n|move|p2a: less silly bug|Swords Dance|p2a: less silly bug\n|-boost|p2a: less silly bug|atk|2\n|\n|upkeep\n|turn|19\n|\n|t:|1695173717\n|move|p1a: HereCauseImCool|Outrage|p2a: less silly bug\n|-damage|p2a: less silly bug|48/100\n|move|p2a: less silly bug|U-turn|p1a: HereCauseImCool\n|-supereffective|p1a: HereCauseImCool\n|-end|p1a: HereCauseImCool|Substitute\n|\n|t:|1695173726\n|switch|p2a: birb|Kilowattrel, M|100/100|[from] U-turn\n|\n|upkeep\n|turn|20\n|\n|t:|1695173732\n|move|p2a: birb|Volt Switch|p1a: HereCauseImCool\n|-resisted|p1a: HereCauseImCool\n|-damage|p1a: HereCauseImCool|60/100\n|\n|t:|1695173736\n|switch|p2a: less silly bug|Scyther, F|48/100|[from] Volt Switch\n|move|p1a: HereCauseImCool|Outrage|p2a: less silly bug|[from]lockedmove\n|-damage|p2a: less silly bug|3/100\n|-start|p1a: HereCauseImCool|confusion|[fatigue]\n|\n|upkeep\n|turn|21\n|c|\u2606ZMLD|no\n|\n|t:|1695173746\n|-activate|p1a: HereCauseImCool|confusion\n|-damage|p1a: HereCauseImCool|39/100|[from] confusion\n|move|p2a: less silly bug|Swords Dance|p2a: less silly bug\n|-boost|p2a: less silly bug|atk|2\n|\n|upkeep\n|turn|22\n|\n|t:|1695173754\n|-end|p1a: HereCauseImCool|confusion\n|move|p1a: HereCauseImCool|Outrage|p2a: less silly bug\n|-damage|p2a: less silly bug|0 fnt\n|faint|p2a: less silly bug\n|\n|upkeep\n|\n|t:|1695173761\n|switch|p2a: birb|Kilowattrel, M|100/100\n|turn|23\n|\n|t:|1695173765\n|move|p2a: birb|Hurricane|p1a: HereCauseImCool|[miss]\n|-miss|p2a: birb|p1a: HereCauseImCool\n|move|p1a: HereCauseImCool|Outrage|p2a: birb|[from]lockedmove\n|-damage|p2a: birb|0 fnt\n|faint|p2a: birb\n|-start|p1a: HereCauseImCool|confusion|[fatigue]\n|\n|upkeep\n|\n|t:|1695173773\n|switch|p2a: kim|Kingambit, F|100/100\n|-activate|p2a: kim|ability: Supreme Overlord\n|-start|p2a: kim|fallen5|[silent]\n|turn|24\n|c|\u2606ZMLD|let's go\n|\n|t:|1695173780\n|-activate|p1a: HereCauseImCool|confusion\n|move|p1a: HereCauseImCool|Roost|p1a: HereCauseImCool\n|-heal|p1a: HereCauseImCool|89/100\n|-singleturn|p1a: HereCauseImCool|move: Roost\n|move|p2a: kim|Swords Dance|p2a: kim\n|-boost|p2a: kim|atk|2\n|\n|upkeep\n|turn|25\n|\n|t:|1695173788\n|move|p2a: kim|Sucker Punch|p1a: HereCauseImCool\n|-resisted|p1a: HereCauseImCool\n|-damage|p1a: HereCauseImCool|0 fnt\n|faint|p1a: HereCauseImCool\n|-end|p1a: HereCauseImCool|Protosynthesis|[silent]\n|\n|upkeep\n|\n|t:|1695173794\n|switch|p1a: Chandelure|Chandelure, M|100/100\n|turn|26\n|\n|t:|1695173806\n|move|p1a: Chandelure|Fire Blast|p2a: kim\n|-supereffective|p2a: kim\n|-damage|p2a: kim|0 fnt\n|faint|p2a: kim\n|-end|p2a: kim|fallen5|[silent]\n|\n|win|ZMLD\n|l| Louiso1\n|l|\u2606Gray135\n|l|\u2606ZMLD\n", "uploadtime": 1695173958, "views": 7, "p1id": "zmld", "p2id": "gray135", "formatid": "gen9ou", "rating": 0, "private": 0, "password": ""}