{"id": "gen9ou-1947620992", "p1": "NynaeveSedai", "p2": "Curbs", "format": "gen9ou", "log": "|j|\u2606NynaeveSedai\n|j|\u2606Curbs\n|t:|1695178731\n|gametype|singles\n|player|p1|NynaeveSedai|veteranf|1530\n|player|p2|Curbs|n|1626\n|teamsize|p1|6\n|teamsize|p2|6\n|gen|9\n|tier|[Gen 9] OU\n|rated|\n|rule|Sleep Clause Mod: Limit one foe put to sleep\n|rule|Species Clause: Limit one of each Pok\u00e9mon\n|rule|OHKO Clause: OHKO moves are banned\n|rule|Evasion Items Clause: Evasion items are banned\n|rule|Evasion Moves Clause: Evasion moves are banned\n|rule|Endless Battle Clause: Forcing endless battles is banned\n|rule|HP Percentage Mod: HP is shown in percentages\n|clearpoke\n|poke|p1|Cinderace, F|\n|poke|p1|Dondozo, F|\n|poke|p1|Slowking-Galar, F|\n|poke|p1|Kingambit, F|\n|poke|p1|Gliscor, F|\n|poke|p1|Gholdengo|\n|poke|p2|Kingambit, F|\n|poke|p2|Glimmora, F|\n|poke|p2|Zamazenta-*|\n|poke|p2|Iron Valiant|\n|poke|p2|Iron Moth|\n|poke|p2|Ogerpon-Wellspring, F|\n|teampreview\n|inactive|Battle timer is ON: inactive players will automatically lose when time's up. (requested by Curbs)\n|\n|t:|1695178757\n|start\n|switch|p1a: Scorpia|Gliscor, F|100/100\n|switch|p2a: Ogerpon|Ogerpon-Wellspring, F|100/100\n|turn|1\n|\n|t:|1695178782\n|switch|p1a: Sashimi|Dondozo, F|100/100\n|move|p2a: Ogerpon|Knock Off|p1a: Sashimi\n|-damage|p1a: Sashimi|83/100\n|-damage|p2a: Ogerpon|84/100|[from] item: Rocky Helmet|[of] p1a: Sashimi\n|-enditem|p1a: Sashimi|Rocky Helmet|[from] move: Knock Off|[of] p2a: Ogerpon\n|\n|upkeep\n|turn|2\n|\n|t:|1695178796\n|move|p2a: Ogerpon|Power Whip|p1a: Sashimi\n|-supereffective|p1a: Sashimi\n|-damage|p1a: Sashimi|23/100\n|move|p1a: Sashimi|Body Press|p2a: Ogerpon\n|-damage|p2a: Ogerpon|45/100\n|\n|upkeep\n|turn|3\n|\n|t:|1695178805\n|switch|p1a: Goldy|Gholdengo|100/100\n|move|p2a: Ogerpon|Power Whip|p1a: Goldy\n|-resisted|p1a: Goldy\n|-damage|p1a: Goldy|63/100\n|\n|upkeep\n|turn|4\n|\n|t:|1695178820\n|switch|p2a: Glimmora|Glimmora, F|100/100\n|move|p1a: Goldy|Focus Blast|p2a: Glimmora|[miss]\n|-miss|p1a: Goldy|p2a: Glimmora\n|\n|upkeep\n|turn|5\n|\n|t:|1695178828\n|switch|p1a: Scorpia|Gliscor, F|100/100\n|move|p2a: Glimmora|Power Gem|p1a: Scorpia\n|-crit|p1a: Scorpia\n|-damage|p1a: Scorpia|35/100\n|\n|-status|p1a: Scorpia|tox|[from] item: Toxic Orb\n|upkeep\n|turn|6\n|\n|t:|1695178837\n|switch|p2a: Ogerpon|Ogerpon-Wellspring, F|45/100\n|move|p1a: Scorpia|Earthquake|p2a: Ogerpon\n|-resisted|p2a: Ogerpon\n|-damage|p2a: Ogerpon|24/100\n|\n|-heal|p1a: Scorpia|47/100 tox|[from] ability: Poison Heal\n|upkeep\n|turn|7\n|\n|t:|1695178846\n|switch|p1a: Guilloqueen|Kingambit, F|100/100\n|move|p2a: Ogerpon|Ivy Cudgel|p1a: Guilloqueen\n|-damage|p1a: Guilloqueen|57/100\n|\n|-heal|p1a: Guilloqueen|63/100|[from] item: Leftovers\n|upkeep\n|turn|8\n|\n|t:|1695178853\n|switch|p2a: Glimmora|Glimmora, F|100/100\n|move|p1a: Guilloqueen|Kowtow Cleave|p2a: Glimmora\n|-damage|p2a: Glimmora|45/100\n|-activate|p2a: Glimmora|ability: Toxic Debris\n|-sidestart|p1: NynaeveSedai|move: Toxic Spikes\n|\n|-heal|p1a: Guilloqueen|69/100|[from] item: Leftovers\n|upkeep\n|turn|9\n|\n|t:|1695178862\n|move|p2a: Glimmora|Power Gem|p1a: Guilloqueen\n|-resisted|p1a: Guilloqueen\n|-damage|p1a: Guilloqueen|49/100\n|move|p1a: Guilloqueen|Iron Head|p2a: Glimmora\n|-supereffective|p2a: Glimmora\n|-damage|p2a: Glimmora|0 fnt\n|-activate|p2a: Glimmora|ability: Toxic Debris\n|-sidestart|p1: NynaeveSedai|move: Toxic Spikes\n|faint|p2a: Glimmora\n|\n|-heal|p1a: Guilloqueen|55/100|[from] item: Leftovers\n|upkeep\n|\n|t:|1695178876\n|switch|p2a: Iron Moth|Iron Moth|100/100\n|-enditem|p2a: Iron Moth|Booster Energy\n|-activate|p2a: Iron Moth|ability: Quark Drive|[fromitem]\n|-start|p2a: Iron Moth|quarkdrivespe\n|turn|10\n|\n|t:|1695178881\n|-end|p1a: Guilloqueen|fallenundefined|[silent]\n|switch|p1a: Mxy|Slowking-Galar, F|100/100\n|-sideend|p1: NynaeveSedai|move: Toxic Spikes|[of] p1a: Mxy\n|move|p2a: Iron Moth|Fiery Dance|p1a: Mxy\n|-damage|p1a: Mxy|82/100\n|\n|upkeep\n|turn|11\n|\n|t:|1695178892\n|move|p2a: Iron Moth|Substitute|p2a: Iron Moth\n|-start|p2a: Iron Moth|Substitute\n|-damage|p2a: Iron Moth|76/100\n|move|p1a: Mxy|Surf|p2a: Iron Moth\n|-supereffective|p2a: Iron Moth\n|-end|p2a: Iron Moth|Substitute\n|\n|upkeep\n|turn|12\n|\n|t:|1695178900\n|move|p2a: Iron Moth|Substitute|p2a: Iron Moth\n|-start|p2a: Iron Moth|Substitute\n|-damage|p2a: Iron Moth|51/100\n|move|p1a: Mxy|Surf|p2a: Iron Moth\n|-supereffective|p2a: Iron Moth\n|-end|p2a: Iron Moth|Substitute\n|\n|upkeep\n|turn|13\n|\n|t:|1695178907\n|-end|p2a: Iron Moth|Quark Drive|[silent]\n|switch|p2a: Ogerpon|Ogerpon-Wellspring, F|24/100\n|move|p1a: Mxy|Future Sight|p2a: Ogerpon\n|-start|p1a: Mxy|move: Future Sight\n|\n|upkeep\n|turn|14\n|\n|t:|1695178917\n|switch|p1a: Guilloqueen|Kingambit, F|55/100\n|move|p2a: Ogerpon|Knock Off|p1a: Guilloqueen\n|-resisted|p1a: Guilloqueen\n|-damage|p1a: Guilloqueen|42/100\n|-enditem|p1a: Guilloqueen|Leftovers|[from] move: Knock Off|[of] p2a: Ogerpon\n|\n|upkeep\n|turn|15\n|\n|t:|1695178925\n|switch|p2a: Kingambit|Kingambit, F|100/100\n|-activate|p2a: Kingambit|ability: Supreme Overlord\n|-start|p2a: Kingambit|fallen1|[silent]\n|move|p1a: Guilloqueen|Kowtow Cleave|p2a: Kingambit\n|-resisted|p2a: Kingambit\n|-damage|p2a: Kingambit|78/100\n|\n|-end|p2a: Kingambit|move: Future Sight\n|-immune|p2a: Kingambit\n|upkeep\n|turn|16\n|\n|t:|1695178935\n|-end|p1a: Guilloqueen|fallenundefined|[silent]\n|switch|p1a: Hopscotch|Cinderace, F|100/100\n|move|p2a: Kingambit|Kowtow Cleave|p1a: Hopscotch\n|-damage|p1a: Hopscotch|17/100\n|\n|upkeep\n|turn|17\n|\n|t:|1695178942\n|-end|p2a: Kingambit|fallen1|[silent]\n|switch|p2a: Iron Valiant|Iron Valiant|100/100\n|-enditem|p2a: Iron Valiant|Booster Energy\n|-activate|p2a: Iron Valiant|ability: Quark Drive|[fromitem]\n|-start|p2a: Iron Valiant|quarkdrivespe\n|move|p1a: Hopscotch|Will-O-Wisp|p2a: Iron Valiant\n|-status|p2a: Iron Valiant|brn\n|\n|-damage|p2a: Iron Valiant|94/100 brn|[from] brn\n|upkeep\n|turn|18\n|\n|t:|1695178952\n|switch|p1a: Mxy|Slowking-Galar, F|100/100\n|move|p2a: Iron Valiant|Moonblast|p1a: Mxy\n|-resisted|p1a: Mxy\n|-damage|p1a: Mxy|91/100\n|\n|-damage|p2a: Iron Valiant|88/100 brn|[from] brn\n|upkeep\n|turn|19\n|\n|t:|1695178959\n|-end|p2a: Iron Valiant|Quark Drive|[silent]\n|switch|p2a: Kingambit|Kingambit, F|78/100\n|-activate|p2a: Kingambit|ability: Supreme Overlord\n|-start|p2a: Kingambit|fallen1|[silent]\n|move|p1a: Mxy|Flamethrower|p2a: Kingambit\n|-supereffective|p2a: Kingambit\n|-damage|p2a: Kingambit|21/100\n|\n|upkeep\n|turn|20\n|inactive|NynaeveSedai has 120 seconds left.\n|\n|t:|1695178990\n|switch|p1a: Scorpia|Gliscor, F|47/100 tox\n|move|p2a: Kingambit|Kowtow Cleave|p1a: Scorpia\n|-damage|p1a: Scorpia|0 fnt\n|faint|p1a: Scorpia\n|\n|upkeep\n|inactive|NynaeveSedai has 120 seconds left.\n|\n|t:|1695179006\n|switch|p1a: Sashimi|Dondozo, F|23/100\n|turn|21\n|\n|t:|1695179011\n|-terastallize|p1a: Sashimi|Fairy\n|move|p2a: Kingambit|Kowtow Cleave|p1a: Sashimi\n|-resisted|p1a: Sashimi\n|-damage|p1a: Sashimi|7/100\n|move|p1a: Sashimi|Rest|p1a: Sashimi\n|-status|p1a: Sashimi|slp|[from] move: Rest\n|-heal|p1a: Sashimi|100/100 slp|[silent]\n|\n|upkeep\n|turn|22\n|\n|t:|1695179019\n|move|p2a: Kingambit|Iron Head|p1a: Sashimi\n|-supereffective|p1a: Sashimi\n|-damage|p1a: Sashimi|52/100 slp\n|cant|p1a: Sashimi|slp\n|cant|p1a: Sashimi|flinch\n|\n|upkeep\n|turn|23\n|\n|t:|1695179025\n|switch|p1a: Guilloqueen|Kingambit, F|42/100\n|-activate|p1a: Guilloqueen|ability: Supreme Overlord\n|-start|p1a: Guilloqueen|fallen1|[silent]\n|move|p2a: Kingambit|Iron Head|p1a: Guilloqueen\n|-resisted|p1a: Guilloqueen\n|-damage|p1a: Guilloqueen|24/100\n|\n|upkeep\n|turn|24\n|\n|t:|1695179032\n|move|p2a: Kingambit|Kowtow Cleave|p1a: Guilloqueen\n|-resisted|p1a: Guilloqueen\n|-damage|p1a: Guilloqueen|0 fnt\n|faint|p1a: Guilloqueen\n|-end|p1a: Guilloqueen|fallen1|[silent]\n|\n|upkeep\n|\n|t:|1695179037\n|switch|p1a: Hopscotch|Cinderace, F|17/100\n|turn|25\n|\n|t:|1695179040\n|move|p2a: Kingambit|Sucker Punch||[still]\n|-fail|p2a: Kingambit\n|move|p1a: Hopscotch|Will-O-Wisp|p2a: Kingambit\n|-status|p2a: Kingambit|brn\n|\n|-damage|p2a: Kingambit|15/100 brn|[from] brn\n|upkeep\n|turn|26\n|\n|t:|1695179057\n|move|p1a: Hopscotch|Pyro Ball|p2a: Kingambit|[miss]\n|-miss|p1a: Hopscotch|p2a: Kingambit\n|move|p2a: Kingambit|Iron Head|p1a: Hopscotch\n|-resisted|p1a: Hopscotch\n|-damage|p1a: Hopscotch|2/100\n|\n|-damage|p2a: Kingambit|9/100 brn|[from] brn\n|upkeep\n|turn|27\n|\n|t:|1695179064\n|move|p2a: Kingambit|Sucker Punch|p1a: Hopscotch\n|-damage|p1a: Hopscotch|0 fnt\n|faint|p1a: Hopscotch\n|\n|-damage|p2a: Kingambit|3/100 brn|[from] brn\n|upkeep\n|\n|t:|1695179069\n|switch|p1a: Goldy|Gholdengo|63/100\n|turn|28\n|\n|t:|1695179076\n|switch|p1a: Mxy|Slowking-Galar, F|100/100\n|move|p2a: Kingambit|Sucker Punch||[still]\n|-fail|p2a: Kingambit\n|\n|-damage|p2a: Kingambit|0 fnt|[from] brn\n|faint|p2a: Kingambit\n|-end|p2a: Kingambit|fallen1|[silent]\n|upkeep\n|\n|t:|1695179088\n|switch|p2a: Zamazenta|Zamazenta, shiny|100/100\n|-ability|p2a: Zamazenta|Dauntless Shield|boost\n|-boost|p2a: Zamazenta|def|1\n|turn|29\n|\n|t:|1695179092\n|switch|p1a: Sashimi|Dondozo, F, tera:Fairy|52/100 slp\n|move|p2a: Zamazenta|Crunch|p1a: Sashimi\n|-resisted|p1a: Sashimi\n|-damage|p1a: Sashimi|46/100 slp\n|\n|upkeep\n|turn|30\n|\n|t:|1695179098\n|switch|p2a: Iron Moth|Iron Moth|51/100\n|cant|p1a: Sashimi|slp\n|move|p1a: Sashimi|Sleep Talk|p1a: Sashimi\n|move|p1a: Sashimi|Body Press|p2a: Iron Moth|[from]move: Sleep Talk\n|-resisted|p2a: Iron Moth\n|-damage|p2a: Iron Moth|30/100\n|\n|upkeep\n|turn|31\n|\n|t:|1695179106\n|-end|p2a: Iron Moth|Quark Drive|[silent]\n|switch|p2a: Ogerpon|Ogerpon-Wellspring, F|24/100\n|switch|p1a: Mxy|Slowking-Galar, F|100/100\n|\n|upkeep\n|turn|32\n|\n|t:|1695179114\n|switch|p1a: Sashimi|Dondozo, F, tera:Fairy|46/100 slp\n|move|p2a: Ogerpon|Ivy Cudgel|p1a: Sashimi\n|-damage|p1a: Sashimi|19/100 slp\n|\n|upkeep\n|turn|33\n|\n|t:|1695179121\n|move|p2a: Ogerpon|Ivy Cudgel|p1a: Sashimi\n|-damage|p1a: Sashimi|0 fnt\n|faint|p1a: Sashimi\n|\n|upkeep\n|\n|t:|1695179125\n|switch|p1a: Goldy|Gholdengo|63/100\n|turn|34\n|\n|t:|1695179130\n|switch|p2a: Zamazenta|Zamazenta, shiny|100/100\n|move|p1a: Goldy|Shadow Ball|p2a: Zamazenta\n|-damage|p2a: Zamazenta|60/100\n|\n|-heal|p2a: Zamazenta|67/100|[from] item: Leftovers\n|upkeep\n|turn|35\n|\n|t:|1695179137\n|move|p1a: Goldy|Shadow Ball|p2a: Zamazenta\n|-crit|p2a: Zamazenta\n|-damage|p2a: Zamazenta|11/100\n|move|p2a: Zamazenta|Crunch|p1a: Goldy\n|-supereffective|p1a: Goldy\n|-damage|p1a: Goldy|4/100\n|\n|-heal|p2a: Zamazenta|17/100|[from] item: Leftovers\n|upkeep\n|turn|36\n|\n|t:|1695179145\n|move|p1a: Goldy|Shadow Ball|p2a: Zamazenta\n|-damage|p2a: Zamazenta|0 fnt\n|faint|p2a: Zamazenta\n|\n|upkeep\n|\n|t:|1695179149\n|switch|p2a: Iron Valiant|Iron Valiant|88/100 brn\n|turn|37\n|\n|t:|1695179152\n|switch|p1a: Mxy|Slowking-Galar, F|100/100\n|move|p2a: Iron Valiant|Psyshock|p1a: Mxy\n|-damage|p1a: Mxy|73/100\n|\n|-damage|p2a: Iron Valiant|82/100 brn|[from] brn\n|upkeep\n|turn|38\n|\n|t:|1695179160\n|-end|p2a: Iron Valiant|Quark Drive|[silent]\n|switch|p2a: Iron Moth|Iron Moth|30/100\n|move|p1a: Mxy|Sludge Bomb|p2a: Iron Moth\n|-resisted|p2a: Iron Moth\n|-damage|p2a: Iron Moth|10/100\n|\n|upkeep\n|turn|39\n|\n|t:|1695179166\n|move|p2a: Iron Moth|Fiery Dance|p1a: Mxy\n|-damage|p1a: Mxy|55/100\n|move|p1a: Mxy|Future Sight|p2a: Iron Moth\n|-start|p1a: Mxy|move: Future Sight\n|\n|upkeep\n|turn|40\n|\n|t:|1695179171\n|move|p2a: Iron Moth|Fiery Dance|p1a: Mxy\n|-damage|p1a: Mxy|37/100\n|-boost|p2a: Iron Moth|spa|1\n|move|p1a: Mxy|Surf|p2a: Iron Moth\n|-supereffective|p2a: Iron Moth\n|-damage|p2a: Iron Moth|0 fnt\n|faint|p2a: Iron Moth\n|-end|p2a: Iron Moth|Quark Drive|[silent]\n|\n|upkeep\n|\n|t:|1695179193\n|switch|p2a: Iron Valiant|Iron Valiant|82/100 brn\n|turn|41\n|\n|t:|1695179208\n|-terastallize|p2a: Iron Valiant|Fairy\n|move|p2a: Iron Valiant|Calm Mind|p2a: Iron Valiant\n|-boost|p2a: Iron Valiant|spa|1\n|-boost|p2a: Iron Valiant|spd|1\n|move|p1a: Mxy|Sludge Bomb|p2a: Iron Valiant\n|-supereffective|p2a: Iron Valiant\n|-damage|p2a: Iron Valiant|0 fnt\n|faint|p2a: Iron Valiant\n|-end|p2a: Iron Valiant|Quark Drive|[silent]\n|\n|-hint|Future Sight did not hit because the target is fainted.\n|upkeep\n|\n|t:|1695179210\n|switch|p2a: Ogerpon|Ogerpon-Wellspring, F|24/100\n|turn|42\n|\n|t:|1695179218\n|move|p2a: Ogerpon|Ivy Cudgel|p1a: Mxy\n|-damage|p1a: Mxy|0 fnt\n|faint|p1a: Mxy\n|\n|upkeep\n|\n|t:|1695179221\n|switch|p1a: Goldy|Gholdengo|4/100\n|turn|43\n|\n|t:|1695179224\n|move|p1a: Goldy|Shadow Ball|p2a: Ogerpon\n|-damage|p2a: Ogerpon|0 fnt\n|faint|p2a: Ogerpon\n|\n|win|NynaeveSedai\n|raw|NynaeveSedai's rating: 1530 &rarr; <strong>1555</strong><br />(+25 for winning)\n|raw|Curbs's rating: 1626 &rarr; <strong>1601</strong><br />(-25 for losing)\n|l|\u2606Curbs\n", "uploadtime": 1695179229, "views": 2, "p1id": "nynaevesedai", "p2id": "curbs", "formatid": "gen9ou", "rating": 1555, "private": 0, "password": ""}