{"id": "gen9ou-1947640928", "p1": "Condag", "p2": "gegging", "format": "gen9ou", "log": "|j|\u2606Condag\n|j|\u2606gegging\n|t:|1695180929\n|gametype|singles\n|player|p1|Condag|klara|1131\n|player|p2|gegging|cheren-gen5bw2|1059\n|teamsize|p1|6\n|teamsize|p2|6\n|gen|9\n|tier|[Gen 9] OU\n|rated|\n|rule|Sleep Clause Mod: Limit one foe put to sleep\n|rule|Species Clause: Limit one of each Pok\u00e9mon\n|rule|OHKO Clause: OHKO moves are banned\n|rule|Evasion Items Clause: Evasion items are banned\n|rule|Evasion Moves Clause: Evasion moves are banned\n|rule|Endless Battle Clause: Forcing endless battles is banned\n|rule|HP Percentage Mod: HP is shown in percentages\n|clearpoke\n|poke|p1|Azumarill, F|\n|poke|p1|Hatterene, F|\n|poke|p1|Iron Valiant|\n|poke|p1|Scream Tail|\n|poke|p1|Gardevoir, M|\n|poke|p1|Dachsbun, F|\n|poke|p2|Okidogi, M|\n|poke|p2|Empoleon, M|\n|poke|p2|Gliscor, F|\n|poke|p2|Clefable, M|\n|poke|p2|Mandibuzz, F|\n|poke|p2|Dragonite, F|\n|teampreview\n|\n|t:|1695180940\n|start\n|switch|p1a: Gardevoir|Gardevoir, M|100/100\n|switch|p2a: mouse|Empoleon, M|100/100\n|-ability|p1a: Gardevoir|Competitive|[from] ability: Trace|[of] p2a: mouse\n|turn|1\n|\n|t:|1695180996\n|move|p1a: Gardevoir|Mystical Fire|p2a: mouse\n|-damage|p2a: mouse|78/100\n|-unboost|p2a: mouse|spa|1\n|-ability|p2a: mouse|Competitive|boost\n|-boost|p2a: mouse|spa|2\n|move|p2a: mouse|Flip Turn|p1a: Gardevoir\n|-damage|p1a: Gardevoir|74/100\n|\n|t:|1695181011\n|switch|p2a: small ass geg. fr|Dragonite, F|100/100|[from] Flip Turn\n|\n|upkeep\n|turn|2\n|\n|t:|1695181027\n|switch|p1a: Dachsbun|Dachsbun, F|100/100\n|move|p2a: small ass geg. fr|Earthquake|p1a: Dachsbun\n|-damage|p1a: Dachsbun|56/100\n|\n|-heal|p1a: Dachsbun|62/100|[from] item: Leftovers\n|upkeep\n|turn|3\n|\n|t:|1695181030\n|switch|p2a: geg2|Okidogi, M|100/100\n|move|p1a: Dachsbun|Yawn|p2a: geg2\n|-start|p2a: geg2|move: Yawn|[of] p1a: Dachsbun\n|\n|-heal|p1a: Dachsbun|68/100|[from] item: Leftovers\n|upkeep\n|turn|4\n|\n|t:|1695181036\n|move|p1a: Dachsbun|Copycat|p1a: Dachsbun\n|move|p1a: Dachsbun|Yawn||[from]move: Copycat|[still]\n|-fail|p1a: Dachsbun\n|move|p2a: geg2|Poison Jab|p1a: Dachsbun\n|-supereffective|p1a: Dachsbun\n|-damage|p1a: Dachsbun|2/100\n|\n|-heal|p1a: Dachsbun|8/100|[from] item: Leftovers\n|-end|p2a: geg2|move: Yawn|[silent]\n|-status|p2a: geg2|slp\n|upkeep\n|turn|5\n|\n|t:|1695181043\n|switch|p2a: geg????|Gliscor, F|100/100\n|move|p1a: Dachsbun|Wish|p1a: Dachsbun\n|\n|-heal|p1a: Dachsbun|14/100|[from] item: Leftovers\n|-status|p2a: geg????|tox|[from] item: Toxic Orb\n|upkeep\n|turn|6\n|\n|t:|1695181048\n|switch|p1a: Azumarill|Azumarill, F, shiny|100/100\n|move|p2a: geg????|Swords Dance|p2a: geg????\n|-boost|p2a: geg????|atk|2\n|\n|upkeep\n|turn|7\n|\n|t:|1695181055\n|move|p2a: geg????|Earthquake|p1a: Azumarill\n|-damage|p1a: Azumarill|11/100\n|-enditem|p1a: Azumarill|Sitrus Berry|[eat]\n|-heal|p1a: Azumarill|36/100|[from] item: Sitrus Berry\n|move|p1a: Azumarill|Belly Drum||[still]\n|-fail|p1a: Azumarill\n|\n|upkeep\n|turn|8\n|\n|t:|1695181062\n|move|p1a: Azumarill|Aqua Jet|p2a: geg????\n|-supereffective|p2a: geg????\n|-damage|p2a: geg????|58/100 tox\n|move|p2a: geg????|Earthquake|p1a: Azumarill\n|-damage|p1a: Azumarill|0 fnt\n|faint|p1a: Azumarill\n|\n|-heal|p2a: geg????|70/100 tox|[from] ability: Poison Heal\n|upkeep\n|\n|t:|1695181073\n|switch|p1a: Iron Valiant|Iron Valiant|100/100\n|-enditem|p1a: Iron Valiant|Booster Energy\n|-activate|p1a: Iron Valiant|ability: Quark Drive|[fromitem]\n|-start|p1a: Iron Valiant|quarkdrivespe\n|turn|9\n|\n|t:|1695181080\n|-terastallize|p1a: Iron Valiant|Fairy\n|move|p1a: Iron Valiant|Spirit Break|p2a: geg????\n|-damage|p2a: geg????|19/100 tox\n|-unboost|p2a: geg????|spa|1\n|move|p2a: geg????|Earthquake|p1a: Iron Valiant\n|-damage|p1a: Iron Valiant|7/100\n|\n|-heal|p2a: geg????|31/100 tox|[from] ability: Poison Heal\n|upkeep\n|turn|10\n|\n|t:|1695181085\n|move|p2a: geg????|Protect|p2a: geg????\n|-singleturn|p2a: geg????|Protect\n|move|p1a: Iron Valiant|Spirit Break|p2a: geg????\n|-activate|p2a: geg????|move: Protect\n|\n|-heal|p2a: geg????|44/100 tox|[from] ability: Poison Heal\n|upkeep\n|turn|11\n|\n|t:|1695181090\n|switch|p2a: mouse|Empoleon, M|78/100\n|move|p1a: Iron Valiant|Spirit Break|p2a: mouse\n|-resisted|p2a: mouse\n|-damage|p2a: mouse|50/100\n|-unboost|p2a: mouse|spa|1\n|-ability|p2a: mouse|Competitive|boost\n|-boost|p2a: mouse|spa|2\n|\n|-heal|p2a: mouse|57/100|[from] item: Leftovers\n|upkeep\n|turn|12\n|\n|t:|1695181096\n|move|p1a: Iron Valiant|Drain Punch|p2a: mouse\n|-supereffective|p2a: mouse\n|-damage|p2a: mouse|0 fnt\n|-heal|p1a: Iron Valiant|44/100|[from] drain|[of] p2a: mouse\n|faint|p2a: mouse\n|\n|upkeep\n|\n|t:|1695181103\n|switch|p2a: small ass geg. fr|Dragonite, F|100/100\n|turn|13\n|\n|t:|1695181107\n|move|p2a: small ass geg. fr|Extreme Speed|p1a: Iron Valiant\n|-damage|p1a: Iron Valiant|0 fnt\n|faint|p1a: Iron Valiant\n|-end|p1a: Iron Valiant|Quark Drive|[silent]\n|\n|upkeep\n|-message|Condag forfeited.\n|\n|win|gegging\n|raw|Condag's rating: 1131 &rarr; <strong>1101</strong><br />(-30 for losing)\n|raw|gegging's rating: 1059 &rarr; <strong>1097</strong><br />(+38 for winning)\n|l|\u2606Condag\n", "uploadtime": 1695181113, "views": 5, "p1id": "condag", "p2id": "gegging", "formatid": "gen9ou", "rating": 1097, "private": 0, "password": ""}