{"id": "gen9ou-1947684791", "p1": "Dahbee", "p2": "i ran out of names", "format": "gen9ou", "log": "|j|\u2606Dahbee\n|j|\u2606i ran out of names\n|t:|1695186749\n|gametype|singles\n|player|p1|Dahbee|flannery|1566\n|player|p2|i ran out of names|2|1614\n|teamsize|p1|6\n|teamsize|p2|6\n|gen|9\n|tier|[Gen 9] OU\n|rated|\n|rule|Sleep Clause Mod: Limit one foe put to sleep\n|rule|Species Clause: Limit one of each Pok\u00e9mon\n|rule|OHKO Clause: OHKO moves are banned\n|rule|Evasion Items Clause: Evasion items are banned\n|rule|Evasion Moves Clause: Evasion moves are banned\n|rule|Endless Battle Clause: Forcing endless battles is banned\n|rule|HP Percentage Mod: HP is shown in percentages\n|clearpoke\n|poke|p1|Alomomola, F|\n|poke|p1|Ursaluna-Bloodmoon, M|\n|poke|p1|Tyranitar, M|\n|poke|p1|Slowking-Galar, F|\n|poke|p1|Mandibuzz, F|\n|poke|p1|Samurott-Hisui, F|\n|poke|p2|Iron Moth|\n|poke|p2|Enamorus, F|\n|poke|p2|Glimmora, M|\n|poke|p2|Gholdengo|\n|poke|p2|Gliscor, M|\n|poke|p2|Dragonite, M|\n|teampreview\n|\n|t:|1695186770\n|start\n|switch|p1a: Slowking|Slowking-Galar, F|100/100\n|switch|p2a: Enamorus|Enamorus, F|100/100\n|turn|1\n|\n|t:|1695186777\n|switch|p2a: Gliscor|Gliscor, M|100/100\n|move|p1a: Slowking|Future Sight|p2a: Gliscor\n|-start|p1a: Slowking|move: Future Sight\n|\n|-status|p2a: Gliscor|tox|[from] item: Toxic Orb\n|upkeep\n|turn|2\n|\n|t:|1695186783\n|switch|p1a: Mandibuzz|Mandibuzz, F|100/100\n|move|p2a: Gliscor|Knock Off|p1a: Mandibuzz\n|-resisted|p1a: Mandibuzz\n|-damage|p1a: Mandibuzz|94/100\n|-enditem|p1a: Mandibuzz|Heavy-Duty Boots|[from] move: Knock Off|[of] p2a: Gliscor\n|\n|upkeep\n|turn|3\n|\n|t:|1695186789\n|switch|p1a: Samurott|Samurott-Hisui, F|100/100\n|move|p2a: Gliscor|U-turn|p1a: Samurott\n|-supereffective|p1a: Samurott\n|-damage|p1a: Samurott|61/100\n|\n|t:|1695186798\n|switch|p2a: Enamorus|Enamorus, F|100/100|[from] U-turn\n|\n|-end|p2a: Enamorus|move: Future Sight\n|-damage|p2a: Enamorus|29/100\n|upkeep\n|turn|4\n|j| Virg1lvand1jk\n|\n|t:|1695186806\n|switch|p1a: Slowking|Slowking-Galar, F|100/100\n|move|p2a: Enamorus|Earth Power|p1a: Slowking\n|-supereffective|p1a: Slowking\n|-damage|p1a: Slowking|69/100\n|\n|upkeep\n|turn|5\n|\n|t:|1695186813\n|switch|p2a: Gliscor|Gliscor, M|100/100 tox\n|move|p1a: Slowking|Future Sight|p2a: Gliscor\n|-start|p1a: Slowking|move: Future Sight\n|\n|upkeep\n|turn|6\n|\n|t:|1695186816\n|switch|p1a: Mandibuzz|Mandibuzz, F|94/100\n|move|p2a: Gliscor|U-turn|p1a: Mandibuzz\n|-damage|p1a: Mandibuzz|85/100\n|\n|t:|1695186832\n|switch|p2a: Enamorus|Enamorus, F|29/100|[from] U-turn\n|\n|upkeep\n|turn|7\n|\n|t:|1695186835\n|switch|p1a: Slowking|Slowking-Galar, F|100/100\n|move|p2a: Enamorus|Moonblast|p1a: Slowking\n|-resisted|p1a: Slowking\n|-damage|p1a: Slowking|87/100\n|\n|-end|p2a: Enamorus|move: Future Sight\n|-damage|p2a: Enamorus|0 fnt\n|faint|p2a: Enamorus\n|upkeep\n|c|\u2606i ran out of names|i got distracted and miscounted\n|c|\u2606i ran out of names|rip\n|\n|t:|1695186866\n|switch|p2a: Gholdengo|Gholdengo|100/100\n|turn|8\n|\n|t:|1695186871\n|switch|p1a: Samurott|Samurott-Hisui, F|61/100\n|move|p2a: Gholdengo|Nasty Plot|p2a: Gholdengo\n|-boost|p2a: Gholdengo|spa|2\n|\n|upkeep\n|turn|9\n|\n|t:|1695186879\n|-terastallize|p2a: Gholdengo|Fighting\n|move|p1a: Samurott|Ceaseless Edge|p2a: Gholdengo|[miss]\n|-miss|p1a: Samurott|p2a: Gholdengo\n|move|p2a: Gholdengo|Make It Rain|p1a: Samurott\n|-resisted|p1a: Samurott\n|-damage|p1a: Samurott|2/100\n|-unboost|p2a: Gholdengo|spa|1\n|\n|upkeep\n|turn|10\n|\n|t:|1695186885\n|move|p1a: Samurott|Ceaseless Edge|p2a: Gholdengo\n|-resisted|p2a: Gholdengo\n|-damage|p2a: Gholdengo|75/100\n|-sidestart|p2: i ran out of names|Spikes\n|move|p2a: Gholdengo|Shadow Ball|p1a: Samurott\n|-resisted|p1a: Samurott\n|-damage|p1a: Samurott|0 fnt\n|faint|p1a: Samurott\n|\n|upkeep\n|\n|t:|1695186897\n|switch|p1a: Slowking|Slowking-Galar, F|100/100\n|turn|11\n|\n|t:|1695186903\n|switch|p2a: Gliscor|Gliscor, M|100/100 tox\n|move|p1a: Slowking|Future Sight|p2a: Gliscor\n|-start|p1a: Slowking|move: Future Sight\n|\n|upkeep\n|turn|12\n|\n|t:|1695186909\n|switch|p1a: Mandibuzz|Mandibuzz, F|85/100\n|move|p2a: Gliscor|U-turn|p1a: Mandibuzz\n|-damage|p1a: Mandibuzz|76/100\n|\n|t:|1695186921\n|switch|p2a: Dragonite|Dragonite, M|100/100|[from] U-turn\n|\n|upkeep\n|turn|13\n|\n|t:|1695186924\n|move|p2a: Dragonite|Outrage|p1a: Mandibuzz\n|-damage|p1a: Mandibuzz|25/100\n|move|p1a: Mandibuzz|Toxic|p2a: Dragonite\n|-status|p2a: Dragonite|tox\n|\n|-end|p2a: Dragonite|move: Future Sight\n|-damage|p2a: Dragonite|74/100 tox\n|-damage|p2a: Dragonite|67/100 tox|[from] psn\n|upkeep\n|turn|14\n|\n|t:|1695186934\n|move|p2a: Dragonite|Outrage|p1a: Mandibuzz|[from]lockedmove\n|-damage|p1a: Mandibuzz|0 fnt\n|faint|p1a: Mandibuzz\n|\n|-damage|p2a: Dragonite|55/100 tox|[from] psn\n|upkeep\n|\n|t:|1695186937\n|switch|p1a: Alomomola|Alomomola, F|100/100\n|turn|15\n|\n|t:|1695186940\n|move|p1a: Alomomola|Protect|p1a: Alomomola\n|-singleturn|p1a: Alomomola|Protect\n|move|p2a: Dragonite|Outrage|p1a: Alomomola|[from]lockedmove\n|-activate|p1a: Alomomola|move: Protect\n|-start|p2a: Dragonite|confusion|[fatigue]\n|\n|-damage|p2a: Dragonite|36/100 tox|[from] psn\n|upkeep\n|turn|16\n|\n|t:|1695186946\n|switch|p2a: Gholdengo|Gholdengo, tera:Fighting|75/100\n|-damage|p2a: Gholdengo|63/100|[from] Spikes\n|move|p1a: Alomomola|Flip Turn|p2a: Gholdengo\n|-damage|p2a: Gholdengo|45/100\n|\n|t:|1695186953\n|switch|p1a: Slowking|Slowking-Galar, F|100/100|[from] Flip Turn\n|\n|upkeep\n|turn|17\n|\n|t:|1695186959\n|move|p2a: Gholdengo|Recover|p2a: Gholdengo\n|-heal|p2a: Gholdengo|95/100\n|move|p1a: Slowking|Future Sight|p2a: Gholdengo\n|-start|p1a: Slowking|move: Future Sight\n|\n|upkeep\n|turn|18\n|\n|t:|1695186965\n|move|p2a: Gholdengo|Shadow Ball|p1a: Slowking\n|-supereffective|p1a: Slowking\n|-damage|p1a: Slowking|56/100\n|move|p1a: Slowking|Sludge Bomb|p2a: Gholdengo\n|-damage|p2a: Gholdengo|49/100\n|\n|upkeep\n|turn|19\n|\n|t:|1695186971\n|switch|p2a: Gliscor|Gliscor, M|100/100 tox\n|switch|p1a: Tyranitar|Tyranitar, M|100/100\n|-weather|Sandstorm|[from] ability: Sand Stream|[of] p1a: Tyranitar\n|\n|-weather|Sandstorm|[upkeep]\n|-end|p2a: Gliscor|move: Future Sight\n|-damage|p2a: Gliscor|54/100 tox\n|-heal|p2a: Gliscor|67/100 tox|[from] ability: Poison Heal\n|upkeep\n|turn|20\n|\n|t:|1695186975\n|move|p2a: Gliscor|Protect|p2a: Gliscor\n|-singleturn|p2a: Gliscor|Protect\n|move|p1a: Tyranitar|Stone Edge|p2a: Gliscor\n|-activate|p2a: Gliscor|move: Protect\n|\n|-weather|Sandstorm|[upkeep]\n|-heal|p2a: Gliscor|79/100 tox|[from] ability: Poison Heal\n|upkeep\n|turn|21\n|\n|t:|1695186979\n|move|p2a: Gliscor|Earthquake|p1a: Tyranitar\n|-supereffective|p1a: Tyranitar\n|-damage|p1a: Tyranitar|44/100\n|move|p1a: Tyranitar|Stone Edge|p2a: Gliscor\n|-damage|p2a: Gliscor|23/100 tox\n|\n|-weather|Sandstorm|[upkeep]\n|-heal|p2a: Gliscor|36/100 tox|[from] ability: Poison Heal\n|upkeep\n|turn|22\n|\n|t:|1695186985\n|switch|p1a: Ursaluna|Ursaluna-Bloodmoon, M|100/100\n|move|p2a: Gliscor|Earthquake|p1a: Ursaluna\n|-damage|p1a: Ursaluna|82/100\n|\n|-weather|Sandstorm|[upkeep]\n|-heal|p1a: Ursaluna|88/100|[from] item: Leftovers\n|-heal|p2a: Gliscor|48/100 tox|[from] ability: Poison Heal\n|upkeep\n|turn|23\n|\n|t:|1695186992\n|move|p2a: Gliscor|U-turn|p1a: Ursaluna\n|-damage|p1a: Ursaluna|79/100\n|\n|t:|1695186999\n|switch|p2a: Glimmora|Glimmora, M, shiny|100/100|[from] U-turn\n|-damage|p2a: Glimmora|88/100|[from] Spikes\n|move|p1a: Ursaluna|Calm Mind|p1a: Ursaluna\n|-boost|p1a: Ursaluna|spa|1\n|-boost|p1a: Ursaluna|spd|1\n|\n|-weather|none\n|-heal|p1a: Ursaluna|85/100|[from] item: Leftovers\n|upkeep\n|turn|24\n|\n|t:|1695187008\n|move|p2a: Glimmora|Energy Ball|p1a: Ursaluna\n|-supereffective|p1a: Ursaluna\n|-damage|p1a: Ursaluna|51/100\n|move|p1a: Ursaluna|Calm Mind|p1a: Ursaluna\n|-boost|p1a: Ursaluna|spa|1\n|-boost|p1a: Ursaluna|spd|1\n|\n|-heal|p1a: Ursaluna|57/100|[from] item: Leftovers\n|upkeep\n|turn|25\n|\n|t:|1695187014\n|move|p2a: Glimmora|Energy Ball|p1a: Ursaluna\n|-supereffective|p1a: Ursaluna\n|-damage|p1a: Ursaluna|32/100\n|move|p1a: Ursaluna|Earth Power|p2a: Glimmora\n|-supereffective|p2a: Glimmora\n|-damage|p2a: Glimmora|0 fnt\n|faint|p2a: Glimmora\n|\n|-heal|p1a: Ursaluna|39/100|[from] item: Leftovers\n|upkeep\n|\n|t:|1695187020\n|switch|p2a: Dragonite|Dragonite, M|36/100 tox\n|turn|26\n|\n|t:|1695187026\n|move|p2a: Dragonite|Outrage|p1a: Ursaluna\n|-damage|p1a: Ursaluna|0 fnt\n|faint|p1a: Ursaluna\n|\n|-damage|p2a: Dragonite|30/100 tox|[from] psn\n|upkeep\n|\n|t:|1695187029\n|switch|p1a: Alomomola|Alomomola, F|100/100\n|turn|27\n|\n|t:|1695187033\n|move|p1a: Alomomola|Protect|p1a: Alomomola\n|-singleturn|p1a: Alomomola|Protect\n|move|p2a: Dragonite|Outrage|p1a: Alomomola|[from]lockedmove\n|-activate|p1a: Alomomola|move: Protect\n|-start|p2a: Dragonite|confusion|[fatigue]\n|\n|-damage|p2a: Dragonite|18/100 tox|[from] psn\n|upkeep\n|turn|28\n|\n|t:|1695187052\n|switch|p2a: Iron Moth|Iron Moth|100/100\n|-enditem|p2a: Iron Moth|Booster Energy\n|-activate|p2a: Iron Moth|ability: Quark Drive|[fromitem]\n|-start|p2a: Iron Moth|quarkdrivespe\n|-damage|p2a: Iron Moth|88/100|[from] Spikes\n|move|p1a: Alomomola|Wish|p1a: Alomomola\n|\n|upkeep\n|turn|29\n|\n|t:|1695187059\n|move|p2a: Iron Moth|Energy Ball|p1a: Alomomola\n|-supereffective|p1a: Alomomola\n|-damage|p1a: Alomomola|23/100\n|move|p1a: Alomomola|Flip Turn|p2a: Iron Moth\n|-supereffective|p2a: Iron Moth\n|-damage|p2a: Iron Moth|48/100\n|\n|t:|1695187062\n|switch|p1a: Tyranitar|Tyranitar, M|44/100|[from] Flip Turn\n|-weather|Sandstorm|[from] ability: Sand Stream|[of] p1a: Tyranitar\n|\n|-weather|Sandstorm|[upkeep]\n|-damage|p2a: Iron Moth|42/100|[from] Sandstorm\n|-heal|p1a: Tyranitar|100/100|[from] move: Wish|[wisher] Alomomola\n|upkeep\n|turn|30\n|\n|t:|1695187066\n|move|p2a: Iron Moth|Energy Ball|p1a: Tyranitar\n|-supereffective|p1a: Tyranitar\n|-damage|p1a: Tyranitar|61/100\n|move|p1a: Tyranitar|Knock Off|p2a: Iron Moth\n|-damage|p2a: Iron Moth|0 fnt\n|faint|p2a: Iron Moth\n|-end|p2a: Iron Moth|Quark Drive|[silent]\n|\n|-weather|Sandstorm|[upkeep]\n|upkeep\n|\n|t:|1695187085\n|switch|p2a: Gholdengo|Gholdengo, tera:Fighting|49/100\n|-damage|p2a: Gholdengo|37/100|[from] Spikes\n|turn|31\n|\n|t:|1695187088\n|switch|p1a: Slowking|Slowking-Galar, F|90/100\n|move|p2a: Gholdengo|Make It Rain|p1a: Slowking\n|-damage|p1a: Slowking|55/100\n|-unboost|p2a: Gholdengo|spa|1\n|\n|-weather|Sandstorm|[upkeep]\n|-damage|p2a: Gholdengo|31/100|[from] Sandstorm\n|-damage|p1a: Slowking|49/100|[from] Sandstorm\n|upkeep\n|turn|32\n|\n|t:|1695187101\n|move|p2a: Gholdengo|Recover|p2a: Gholdengo\n|-heal|p2a: Gholdengo|81/100\n|move|p1a: Slowking|Future Sight|p2a: Gholdengo\n|-start|p1a: Slowking|move: Future Sight\n|\n|-weather|Sandstorm|[upkeep]\n|-damage|p2a: Gholdengo|75/100|[from] Sandstorm\n|-damage|p1a: Slowking|43/100|[from] Sandstorm\n|upkeep\n|turn|33\n|\n|t:|1695187105\n|move|p2a: Gholdengo|Shadow Ball|p1a: Slowking\n|-supereffective|p1a: Slowking\n|-damage|p1a: Slowking|15/100\n|move|p1a: Slowking|Sludge Bomb|p2a: Gholdengo\n|-damage|p2a: Gholdengo|33/100\n|\n|-weather|none\n|upkeep\n|turn|34\n|\n|t:|1695187127\n|switch|p2a: Dragonite|Dragonite, M|18/100 tox\n|move|p1a: Slowking|Surf|p2a: Dragonite\n|-resisted|p2a: Dragonite\n|-damage|p2a: Dragonite|5/100 tox\n|\n|-end|p2a: Dragonite|move: Future Sight\n|-damage|p2a: Dragonite|0 fnt\n|faint|p2a: Dragonite\n|upkeep\n|\n|t:|1695187131\n|switch|p2a: Gliscor|Gliscor, M|48/100 tox\n|turn|35\n|\n|t:|1695187135\n|switch|p1a: Alomomola|Alomomola, F|57/100\n|move|p2a: Gliscor|Earthquake|p1a: Alomomola\n|-damage|p1a: Alomomola|40/100\n|\n|-heal|p2a: Gliscor|60/100 tox|[from] ability: Poison Heal\n|upkeep\n|turn|36\n|\n|t:|1695187141\n|move|p2a: Gliscor|Knock Off|p1a: Alomomola\n|-damage|p1a: Alomomola|28/100\n|-enditem|p1a: Alomomola|Covert Cloak|[from] move: Knock Off|[of] p2a: Gliscor\n|move|p1a: Alomomola|Wish|p1a: Alomomola\n|\n|-heal|p2a: Gliscor|73/100 tox|[from] ability: Poison Heal\n|upkeep\n|turn|37\n|\n|t:|1695187146\n|move|p1a: Alomomola|Protect|p1a: Alomomola\n|-singleturn|p1a: Alomomola|Protect\n|move|p2a: Gliscor|Earthquake|p1a: Alomomola\n|-activate|p1a: Alomomola|move: Protect\n|\n|-heal|p1a: Alomomola|78/100|[from] move: Wish|[wisher] Alomomola\n|-heal|p2a: Gliscor|85/100 tox|[from] ability: Poison Heal\n|upkeep\n|turn|38\n|\n|t:|1695187158\n|move|p2a: Gliscor|Earthquake|p1a: Alomomola\n|-damage|p1a: Alomomola|60/100\n|move|p1a: Alomomola|Wish|p1a: Alomomola\n|\n|-heal|p2a: Gliscor|98/100 tox|[from] ability: Poison Heal\n|upkeep\n|turn|39\n|\n|t:|1695187162\n|move|p1a: Alomomola|Protect|p1a: Alomomola\n|-singleturn|p1a: Alomomola|Protect\n|move|p2a: Gliscor|Earthquake|p1a: Alomomola\n|-activate|p1a: Alomomola|move: Protect\n|\n|-heal|p1a: Alomomola|100/100|[from] move: Wish|[wisher] Alomomola\n|-heal|p2a: Gliscor|100/100 tox|[from] ability: Poison Heal\n|upkeep\n|turn|40\n|\n|t:|1695187164\n|move|p2a: Gliscor|Earthquake|p1a: Alomomola\n|-damage|p1a: Alomomola|83/100\n|move|p1a: Alomomola|Wish|p1a: Alomomola\n|\n|upkeep\n|turn|41\n|\n|t:|1695187168\n|move|p2a: Gliscor|U-turn|p1a: Alomomola\n|-damage|p1a: Alomomola|75/100\n|\n|t:|1695187170\n|switch|p2a: Gholdengo|Gholdengo, tera:Fighting|33/100|[from] U-turn\n|-damage|p2a: Gholdengo|21/100|[from] Spikes\n|move|p1a: Alomomola|Flip Turn|p2a: Gholdengo\n|-damage|p2a: Gholdengo|2/100\n|\n|t:|1695187173\n|switch|p1a: Tyranitar|Tyranitar, M|61/100|[from] Flip Turn\n|-weather|Sandstorm|[from] ability: Sand Stream|[of] p1a: Tyranitar\n|\n|-weather|Sandstorm|[upkeep]\n|-damage|p2a: Gholdengo|0 fnt|[from] Sandstorm\n|faint|p2a: Gholdengo\n|-heal|p1a: Tyranitar|100/100|[from] move: Wish|[wisher] Alomomola\n|upkeep\n|c|\u2606i ran out of names|gg\n|-message|i ran out of names forfeited.\n|\n|win|Dahbee\n|raw|Dahbee's rating: 1566 &rarr; <strong>1589</strong><br />(+23 for winning)\n|raw|i ran out of names's rating: 1614 &rarr; <strong>1591</strong><br />(-23 for losing)\n|l|\u2606i ran out of names\n", "uploadtime": 1695187187, "views": 6, "p1id": "dahbee", "p2id": "iranoutofnames", "formatid": "gen9ou", "rating": 1589, "private": 0, "password": ""}