{"id": "gen9ou-1947626093", "p1": "i<3finchinator", "p2": "flubudubdub", "format": "gen9ou", "log": "|j|\u203di<3finchinator\n|j|\u2606flubudubdub\n|t:|1695179281\n|gametype|singles\n|player|p1|i<3finchinator|lance-masters|1551\n|player|p2|flubudubdub|rood|1455\n|teamsize|p1|6\n|teamsize|p2|6\n|gen|9\n|tier|[Gen 9] OU\n|rated|\n|rule|Sleep Clause Mod: Limit one foe put to sleep\n|rule|Species Clause: Limit one of each Pok\u00e9mon\n|rule|OHKO Clause: OHKO moves are banned\n|rule|Evasion Items Clause: Evasion items are banned\n|rule|Evasion Moves Clause: Evasion moves are banned\n|rule|Endless Battle Clause: Forcing endless battles is banned\n|rule|HP Percentage Mod: HP is shown in percentages\n|clearpoke\n|poke|p1|Kingambit, F|\n|poke|p1|Zamazenta-*|\n|poke|p1|Ninetales-Alola, F|\n|poke|p1|Cinderace, M|\n|poke|p1|Garchomp, F|\n|poke|p1|Manaphy|\n|poke|p2|Goodra-Hisui, M|\n|poke|p2|Scream Tail|\n|poke|p2|Ogerpon-Hearthflame, F|\n|poke|p2|Torkoal, M|\n|poke|p2|Dragapult, M|\n|poke|p2|Conkeldurr, F|\n|teampreview\n|inactive|Battle timer is ON: inactive players will automatically lose when time's up. (requested by i<3finchinator)\n|\n|t:|1695179310\n|start\n|switch|p1a: Garchomp|Garchomp, F, shiny|100/100\n|switch|p2a: Conkeldurr|Conkeldurr, F|100/100\n|turn|1\n|inactive|i<3finchinator has 120 seconds left.\n|\n|t:|1695179348\n|move|p1a: Garchomp|Swords Dance|p1a: Garchomp\n|-boost|p1a: Garchomp|atk|2\n|move|p2a: Conkeldurr|Ice Punch|p1a: Garchomp\n|-supereffective|p1a: Garchomp\n|-damage|p1a: Garchomp|0 fnt\n|-damage|p2a: Conkeldurr|88/100|[from] ability: Rough Skin|[of] p1a: Garchomp\n|faint|p1a: Garchomp\n|-damage|p2a: Conkeldurr|78/100|[from] item: Life Orb\n|\n|upkeep\n|\n|t:|1695179354\n|switch|p1a: Ninetales|Ninetales-Alola, F|100/100\n|-weather|Snow|[from] ability: Snow Warning|[of] p1a: Ninetales\n|turn|2\n|\n|t:|1695179384\n|switch|p2a: Torkoal|Torkoal, M|100/100\n|-weather|SunnyDay|[from] ability: Drought|[of] p2a: Torkoal\n|move|p1a: Ninetales|Aurora Veil||[still]\n|-fail|p1a: Ninetales\n|\n|-weather|SunnyDay|[upkeep]\n|upkeep\n|turn|3\n|inactive|flubudubdub has 120 seconds left.\n|\n|t:|1695179407\n|switch|p1a: Cinderace|Cinderace, M|100/100\n|switch|p2a: Conkeldurr|Conkeldurr, F|78/100\n|\n|-weather|SunnyDay|[upkeep]\n|upkeep\n|turn|4\n|inactive|flubudubdub has 120 seconds left.\n|\n|t:|1695179414\n|switch|p2a: Torkoal|Torkoal, M|100/100\n|move|p1a: Cinderace|Pyro Ball|p2a: Torkoal\n|-resisted|p2a: Torkoal\n|-damage|p2a: Torkoal|75/100\n|\n|-weather|SunnyDay|[upkeep]\n|upkeep\n|turn|5\n|\n|t:|1695179420\n|move|p1a: Cinderace|Pyro Ball|p2a: Torkoal\n|-resisted|p2a: Torkoal\n|-damage|p2a: Torkoal|51/100\n|move|p2a: Torkoal|Stealth Rock|p1a: Cinderace\n|-sidestart|p1: i<3finchinator|move: Stealth Rock\n|\n|-weather|SunnyDay|[upkeep]\n|upkeep\n|turn|6\n|\n|t:|1695179425\n|move|p1a: Cinderace|Court Change|p1a: Cinderace\n|-start|p1a: Cinderace|typechange|Normal|[from] ability: Libero\n|-swapsideconditions\n|-activate|p1a: Cinderace|move: Court Change\n|move|p2a: Torkoal|Earthquake|p1a: Cinderace\n|-damage|p1a: Cinderace|70/100\n|\n|-weather|none\n|upkeep\n|turn|7\n|\n|t:|1695179438\n|move|p1a: Cinderace|U-turn|p2a: Torkoal\n|-resisted|p2a: Torkoal\n|-damage|p2a: Torkoal|45/100\n|\n|t:|1695179442\n|switch|p1a: Manaphy|Manaphy|100/100|[from] U-turn\n|move|p2a: Torkoal|Stealth Rock|p1a: Manaphy\n|-sidestart|p1: i<3finchinator|move: Stealth Rock\n|\n|upkeep\n|turn|8\n|\n|t:|1695179455\n|switch|p2a: Scream Tail|Scream Tail|100/100\n|-damage|p2a: Scream Tail|88/100|[from] Stealth Rock\n|move|p1a: Manaphy|Acid Armor|p1a: Manaphy\n|-boost|p1a: Manaphy|def|2\n|\n|-heal|p2a: Scream Tail|94/100|[from] item: Leftovers\n|upkeep\n|turn|9\n|\n|t:|1695179458\n|move|p1a: Manaphy|Scald|p2a: Scream Tail\n|-damage|p2a: Scream Tail|80/100\n|move|p2a: Scream Tail|Encore|p1a: Manaphy\n|-start|p1a: Manaphy|Encore\n|\n|-heal|p2a: Scream Tail|86/100|[from] item: Leftovers\n|upkeep\n|turn|10\n|\n|t:|1695179467\n|-end|p2a: Scream Tail|Protosynthesis|[silent]\n|switch|p2a: Dragapult|Dragapult, M|100/100\n|-damage|p2a: Dragapult|88/100|[from] Stealth Rock\n|move|p1a: Manaphy|Scald|p2a: Dragapult\n|-resisted|p2a: Dragapult\n|-damage|p2a: Dragapult|70/100\n|\n|upkeep\n|turn|11\n|\n|t:|1695179472\n|switch|p1a: Ninetales|Ninetales-Alola, F|100/100\n|-damage|p1a: Ninetales|76/100|[from] Stealth Rock\n|-weather|Snow|[from] ability: Snow Warning|[of] p1a: Ninetales\n|move|p2a: Dragapult|Fire Blast|p1a: Ninetales\n|-supereffective|p1a: Ninetales\n|-damage|p1a: Ninetales|0 fnt\n|faint|p1a: Ninetales\n|\n|-weather|Snow|[upkeep]\n|upkeep\n|\n|t:|1695179481\n|switch|p1a: Manaphy|Manaphy|100/100\n|-damage|p1a: Manaphy|88/100|[from] Stealth Rock\n|turn|12\n|\n|t:|1695179489\n|switch|p2a: Scream Tail|Scream Tail|86/100\n|-damage|p2a: Scream Tail|74/100|[from] Stealth Rock\n|move|p1a: Manaphy|Tail Glow|p1a: Manaphy\n|-boost|p1a: Manaphy|spa|3\n|\n|-weather|Snow|[upkeep]\n|-heal|p1a: Manaphy|94/100|[from] item: Leftovers\n|-heal|p2a: Scream Tail|80/100|[from] item: Leftovers\n|upkeep\n|turn|13\n|\n|t:|1695179504\n|move|p1a: Manaphy|Scald|p2a: Scream Tail\n|-damage|p2a: Scream Tail|42/100\n|move|p2a: Scream Tail|Play Rough|p1a: Manaphy\n|-crit|p1a: Manaphy\n|-damage|p1a: Manaphy|67/100\n|\n|-weather|Snow|[upkeep]\n|-heal|p1a: Manaphy|73/100|[from] item: Leftovers\n|-heal|p2a: Scream Tail|48/100|[from] item: Leftovers\n|upkeep\n|turn|14\n|inactive|i<3finchinator has 120 seconds left.\n|inactive|i<3finchinator has 90 seconds left.\n|\n|t:|1695179576\n|-end|p2a: Scream Tail|Protosynthesis|[silent]\n|switch|p2a: Torkoal|Torkoal, M|45/100\n|-weather|SunnyDay|[from] ability: Drought|[of] p2a: Torkoal\n|move|p1a: Manaphy|Acid Armor|p1a: Manaphy\n|-boost|p1a: Manaphy|def|2\n|\n|-weather|SunnyDay|[upkeep]\n|-heal|p1a: Manaphy|79/100|[from] item: Leftovers\n|upkeep\n|turn|15\n|inactive|flubudubdub has 120 seconds left.\n|\n|t:|1695179615\n|move|p1a: Manaphy|Stored Power|p2a: Torkoal\n|-damage|p2a: Torkoal|0 fnt\n|faint|p2a: Torkoal\n|\n|-weather|SunnyDay|[upkeep]\n|-heal|p1a: Manaphy|85/100|[from] item: Leftovers\n|upkeep\n|\n|t:|1695179618\n|switch|p2a: Dragapult|Dragapult, M|70/100\n|-damage|p2a: Dragapult|58/100|[from] Stealth Rock\n|turn|16\n|inactive|i<3finchinator has 90 seconds left.\n|\n|t:|1695179640\n|move|p2a: Dragapult|Draco Meteor|p1a: Manaphy\n|-damage|p1a: Manaphy|11/100\n|-unboost|p2a: Dragapult|spa|2\n|move|p1a: Manaphy|Stored Power|p2a: Dragapult\n|-damage|p2a: Dragapult|0 fnt\n|faint|p2a: Dragapult\n|\n|-weather|SunnyDay|[upkeep]\n|-heal|p1a: Manaphy|17/100|[from] item: Leftovers\n|upkeep\n|inactive|flubudubdub has 120 seconds left.\n|\n|t:|1695179658\n|switch|p2a: Ogerpon|Ogerpon-Hearthflame, F|100/100\n|-damage|p2a: Ogerpon|76/100|[from] Stealth Rock\n|-ability|p2a: Ogerpon|Mold Breaker\n|turn|17\n|inactive|i<3finchinator has 90 seconds left.\n|\n|t:|1695179689\n|move|p2a: Ogerpon|Power Whip|p1a: Manaphy\n|-supereffective|p1a: Manaphy\n|-damage|p1a: Manaphy|0 fnt\n|faint|p1a: Manaphy\n|\n|-weather|SunnyDay|[upkeep]\n|upkeep\n|\n|t:|1695179693\n|switch|p1a: Zamazenta|Zamazenta|100/100\n|-damage|p1a: Zamazenta|94/100|[from] Stealth Rock\n|-ability|p1a: Zamazenta|Dauntless Shield|boost\n|-boost|p1a: Zamazenta|def|1\n|turn|18\n|inactive|flubudubdub has 120 seconds left.\n|\n|t:|1695179720\n|-terastallize|p1a: Zamazenta|Fighting\n|-terastallize|p2a: Ogerpon|Fire\n|detailschange|p2a: Ogerpon|Ogerpon-Hearthflame-Tera, F, tera:Fire\n|-ability|p2a: Ogerpon|Embody Aspect (Hearthflame)|boost\n|-boost|p2a: Ogerpon|atk|1\n|move|p1a: Zamazenta|Close Combat|p2a: Ogerpon\n|-damage|p2a: Ogerpon|0 fnt\n|-unboost|p1a: Zamazenta|def|1\n|-unboost|p1a: Zamazenta|spd|1\n|faint|p2a: Ogerpon\n|\n|-weather|none\n|upkeep\n|inactive|flubudubdub has 120 seconds left.\n|-message|flubudubdub forfeited.\n|\n|win|i<3finchinator\n|raw|i&lt;3finchinator's rating: 1551 &rarr; <strong>1566</strong><br />(+15 for winning)\n|raw|flubudubdub's rating: 1455 &rarr; <strong>1440</strong><br />(-15 for losing)\n|l|\u2606flubudubdub\n", "uploadtime": 1695179743, "views": 3, "p1id": "i3finchinator", "p2id": "flubudubdub", "formatid": "gen9ou", "rating": 1440, "private": 0, "password": ""}