{"id": "gen9ou-1947693842", "p1": "dr_poopie64", "p2": "avoidtk", "format": "gen9ou", "log": "|j|\u2606dr_poopie64\n|j|\u2606avoidtk\n|t:|1695188126\n|gametype|singles\n|player|p1|dr_poopie64|drayden|1202\n|player|p2|avoidtk|169|1295\n|teamsize|p1|6\n|teamsize|p2|6\n|gen|9\n|tier|[Gen 9] OU\n|rated|\n|rule|Sleep Clause Mod: Limit one foe put to sleep\n|rule|Species Clause: Limit one of each Pok\u00e9mon\n|rule|OHKO Clause: OHKO moves are banned\n|rule|Evasion Items Clause: Evasion items are banned\n|rule|Evasion Moves Clause: Evasion moves are banned\n|rule|Endless Battle Clause: Forcing endless battles is banned\n|rule|HP Percentage Mod: HP is shown in percentages\n|clearpoke\n|poke|p1|Ambipom, M|\n|poke|p1|Empoleon, M|\n|poke|p1|Sinistcha-Masterpiece|\n|poke|p1|Mandibuzz, F|\n|poke|p1|Chandelure, M|\n|poke|p1|Kommo-o, M|\n|poke|p2|Iron Valiant|\n|poke|p2|Ogerpon-Hearthflame, F|\n|poke|p2|Gholdengo|\n|poke|p2|Walking Wake|\n|poke|p2|Clodsire, M|\n|poke|p2|Great Tusk|\n|teampreview\n|inactive|Battle timer is ON: inactive players will automatically lose when time's up. (requested by avoidtk)\n|\n|t:|1695188135\n|start\n|switch|p1a: Chandelure|Chandelure, M|100/100\n|switch|p2a: Gholdengo|Gholdengo|100/100\n|turn|1\n|\n|t:|1695188144\n|switch|p1a: Mandibuzz|Mandibuzz, F|100/100\n|move|p2a: Gholdengo|Shadow Ball|p1a: Mandibuzz\n|-resisted|p1a: Mandibuzz\n|-damage|p1a: Mandibuzz|83/100\n|\n|upkeep\n|turn|2\n|inactive|avoidtk has 120 seconds left.\n|\n|t:|1695188175\n|switch|p2a: Clodsire|Clodsire, M|100/100\n|move|p1a: Mandibuzz|Foul Play|p2a: Clodsire\n|-damage|p2a: Clodsire|74/100\n|\n|-heal|p2a: Clodsire|80/100|[from] item: Leftovers\n|upkeep\n|turn|3\n|inactive|dr_poopie64 has 120 seconds left.\n|\n|t:|1695188205\n|switch|p1a: Empoleon|Empoleon, M|100/100\n|move|p2a: Clodsire|Toxic|p1a: Empoleon\n|-immune|p1a: Empoleon\n|\n|-heal|p2a: Clodsire|86/100|[from] item: Leftovers\n|upkeep\n|turn|4\n|inactive|avoidtk has 120 seconds left.\n|\n|t:|1695188237\n|switch|p2a: Great Tusk|Great Tusk|100/100\n|move|p1a: Empoleon|Stealth Rock|p2a: Great Tusk\n|-sidestart|p2: avoidtk|move: Stealth Rock\n|\n|upkeep\n|turn|5\n|inactive|dr_poopie64 has 120 seconds left.\n|inactive|dr_poopie64 has 90 seconds left.\n|\n|t:|1695188292\n|move|p2a: Great Tusk|Earthquake|p1a: Empoleon\n|-supereffective|p1a: Empoleon\n|-damage|p1a: Empoleon|10/100\n|move|p1a: Empoleon|Surf|p2a: Great Tusk\n|-supereffective|p2a: Great Tusk\n|-damage|p2a: Great Tusk|19/100\n|\n|-heal|p2a: Great Tusk|25/100|[from] item: Leftovers\n|upkeep\n|turn|6\n|inactive|dr_poopie64 has 90 seconds left.\n|\n|t:|1695188317\n|move|p2a: Great Tusk|Earthquake|p1a: Empoleon\n|-supereffective|p1a: Empoleon\n|-damage|p1a: Empoleon|0 fnt\n|faint|p1a: Empoleon\n|\n|-heal|p2a: Great Tusk|31/100|[from] item: Leftovers\n|upkeep\n|inactive|dr_poopie64 has 90 seconds left.\n|\n|t:|1695188330\n|switch|p1a: Chandelure|Chandelure, M|100/100\n|turn|7\n|inactive|dr_poopie64 has 90 seconds left.\n|\n|t:|1695188347\n|move|p1a: Chandelure|Shadow Ball|p2a: Great Tusk\n|-damage|p2a: Great Tusk|0 fnt\n|faint|p2a: Great Tusk\n|-end|p2a: Great Tusk|Protosynthesis|[silent]\n|\n|upkeep\n|\n|t:|1695188353\n|switch|p2a: Clodsire|Clodsire, M|86/100\n|-damage|p2a: Clodsire|80/100|[from] Stealth Rock\n|turn|8\n|inactive|dr_poopie64 has 90 seconds left.\n|\n|t:|1695188370\n|switch|p1a: Sinistcha|Sinistcha-Masterpiece|100/100\n|move|p2a: Clodsire|Stealth Rock|p1a: Sinistcha\n|-sidestart|p1: dr_poopie64|move: Stealth Rock\n|\n|-heal|p2a: Clodsire|86/100|[from] item: Leftovers\n|upkeep\n|turn|9\n|\n|t:|1695188375\n|move|p1a: Sinistcha|Matcha Gotcha|p2a: Clodsire\n|-damage|p2a: Clodsire|64/100\n|move|p2a: Clodsire|Toxic|p1a: Sinistcha\n|-status|p1a: Sinistcha|tox\n|\n|-heal|p2a: Clodsire|70/100|[from] item: Leftovers\n|-damage|p1a: Sinistcha|94/100 tox|[from] psn\n|upkeep\n|turn|10\n|inactive|avoidtk has 120 seconds left.\n|\n|t:|1695188381\n|move|p1a: Sinistcha|Scald|p2a: Clodsire\n|-supereffective|p2a: Clodsire\n|-damage|p2a: Clodsire|39/100\n|-status|p2a: Clodsire|brn\n|move|p2a: Clodsire|Earthquake|p1a: Sinistcha\n|-resisted|p1a: Sinistcha\n|-damage|p1a: Sinistcha|87/100 tox\n|\n|-heal|p2a: Clodsire|45/100 brn|[from] item: Leftovers\n|-damage|p1a: Sinistcha|75/100 tox|[from] psn\n|-damage|p2a: Clodsire|39/100 brn|[from] brn\n|upkeep\n|turn|11\n|\n|t:|1695188389\n|move|p1a: Sinistcha|Matcha Gotcha|p2a: Clodsire\n|-damage|p2a: Clodsire|18/100 brn\n|-heal|p1a: Sinistcha|89/100 tox|[from] drain|[of] p2a: Clodsire\n|move|p2a: Clodsire|Recover|p2a: Clodsire\n|-heal|p2a: Clodsire|69/100 brn\n|\n|-heal|p2a: Clodsire|75/100 brn|[from] item: Leftovers\n|-damage|p1a: Sinistcha|71/100 tox|[from] psn\n|-damage|p2a: Clodsire|69/100 brn|[from] brn\n|upkeep\n|turn|12\n|\n|t:|1695188394\n|move|p1a: Sinistcha|Matcha Gotcha|p2a: Clodsire\n|-damage|p2a: Clodsire|47/100 brn\n|-heal|p1a: Sinistcha|86/100 tox|[from] drain|[of] p2a: Clodsire\n|move|p2a: Clodsire|Recover|p2a: Clodsire\n|-heal|p2a: Clodsire|97/100 brn\n|\n|-heal|p2a: Clodsire|100/100 brn|[from] item: Leftovers\n|-damage|p1a: Sinistcha|61/100 tox|[from] psn\n|-damage|p2a: Clodsire|94/100 brn|[from] brn\n|upkeep\n|turn|13\n|\n|t:|1695188399\n|move|p1a: Sinistcha|Matcha Gotcha|p2a: Clodsire\n|-damage|p2a: Clodsire|74/100 brn\n|-heal|p1a: Sinistcha|75/100 tox|[from] drain|[of] p2a: Clodsire\n|move|p2a: Clodsire|Toxic|p1a: Sinistcha\n|-fail|p1a: Sinistcha|tox\n|\n|-heal|p2a: Clodsire|80/100 brn|[from] item: Leftovers\n|-damage|p1a: Sinistcha|45/100 tox|[from] psn\n|-damage|p2a: Clodsire|74/100 brn|[from] brn\n|upkeep\n|turn|14\n|\n|t:|1695188410\n|move|p1a: Sinistcha|Matcha Gotcha|p2a: Clodsire\n|-damage|p2a: Clodsire|51/100 brn\n|-heal|p1a: Sinistcha|60/100 tox|[from] drain|[of] p2a: Clodsire\n|move|p2a: Clodsire|Stealth Rock||[still]\n|-fail|p2a: Clodsire\n|\n|-heal|p2a: Clodsire|58/100 brn|[from] item: Leftovers\n|-damage|p1a: Sinistcha|24/100 tox|[from] psn\n|-damage|p2a: Clodsire|51/100 brn|[from] brn\n|upkeep\n|turn|15\n|\n|t:|1695188417\n|move|p1a: Sinistcha|Scald|p2a: Clodsire\n|-supereffective|p2a: Clodsire\n|-damage|p2a: Clodsire|25/100 brn\n|move|p2a: Clodsire|Recover|p2a: Clodsire\n|-heal|p2a: Clodsire|75/100 brn\n|\n|-heal|p2a: Clodsire|81/100 brn|[from] item: Leftovers\n|-damage|p1a: Sinistcha|0 fnt|[from] psn\n|faint|p1a: Sinistcha\n|-damage|p2a: Clodsire|75/100 brn|[from] brn\n|upkeep\n|inactive|dr_poopie64 has 120 seconds left.\n|\n|t:|1695188432\n|switch|p1a: Ambipom|Ambipom, M|100/100\n|-damage|p1a: Ambipom|88/100|[from] Stealth Rock\n|turn|16\n|\n|t:|1695188446\n|move|p1a: Ambipom|Knock Off|p2a: Clodsire\n|-damage|p2a: Clodsire|36/100 brn\n|-enditem|p2a: Clodsire|Leftovers|[from] move: Knock Off|[of] p1a: Ambipom\n|-damage|p1a: Ambipom|78/100|[from] item: Life Orb\n|move|p2a: Clodsire|Toxic|p1a: Ambipom\n|-status|p1a: Ambipom|tox\n|\n|-damage|p1a: Ambipom|72/100 tox|[from] psn\n|-damage|p2a: Clodsire|30/100 brn|[from] brn\n|upkeep\n|turn|17\n|\n|t:|1695188454\n|move|p1a: Ambipom|Double Hit|p2a: Clodsire\n|-damage|p2a: Clodsire|0 fnt\n|faint|p2a: Clodsire\n|-hitcount|p2: Clodsire|1\n|-damage|p1a: Ambipom|62/100 tox|[from] item: Life Orb\n|\n|-damage|p1a: Ambipom|50/100 tox|[from] psn\n|upkeep\n|\n|t:|1695188474\n|switch|p2a: Iron Valiant|Iron Valiant|100/100\n|-damage|p2a: Iron Valiant|94/100|[from] Stealth Rock\n|-enditem|p2a: Iron Valiant|Booster Energy\n|-activate|p2a: Iron Valiant|ability: Quark Drive|[fromitem]\n|-start|p2a: Iron Valiant|quarkdrivespe\n|turn|18\n|\n|t:|1695188485\n|switch|p1a: Mandibuzz|Mandibuzz, F|83/100\n|move|p2a: Iron Valiant|Moonblast|p1a: Mandibuzz\n|-supereffective|p1a: Mandibuzz\n|-damage|p1a: Mandibuzz|2/100\n|\n|upkeep\n|turn|19\n|\n|t:|1695188491\n|move|p2a: Iron Valiant|Moonblast|p1a: Mandibuzz\n|-supereffective|p1a: Mandibuzz\n|-damage|p1a: Mandibuzz|0 fnt\n|faint|p1a: Mandibuzz\n|\n|upkeep\n|c|\u2606avoidtk|gg\n|\n|t:|1695188496\n|switch|p1a: Ambipom|Ambipom, M|50/100 tox\n|-damage|p1a: Ambipom|37/100 tox|[from] Stealth Rock\n|turn|20\n|c|\u2606dr_poopie64|not yet\n|\n|t:|1695188524\n|move|p1a: Ambipom|Fake Out|p2a: Iron Valiant\n|-damage|p2a: Iron Valiant|50/100\n|-damage|p1a: Ambipom|27/100 tox|[from] item: Life Orb\n|cant|p2a: Iron Valiant|flinch\n|\n|-damage|p1a: Ambipom|21/100 tox|[from] psn\n|upkeep\n|turn|21\n|c|\u2606avoidtk|yes it is\n|inactive|avoidtk has 120 seconds left.\n|\n|t:|1695188544\n|move|p2a: Iron Valiant|Moonblast|p1a: Ambipom\n|-damage|p1a: Ambipom|0 fnt\n|faint|p1a: Ambipom\n|\n|upkeep\n|\n|t:|1695188550\n|switch|p1a: Kommo-o|Kommo-o, M|100/100\n|-damage|p1a: Kommo-o|94/100|[from] Stealth Rock\n|turn|22\n|inactive|avoidtk has 120 seconds left.\n|c|\u2606avoidtk|yes yes tera\n|inactive|dr_poopie64 has 120 seconds left.\n|\n|t:|1695188601\n|-end|p2a: Iron Valiant|Quark Drive|[silent]\n|switch|p2a: Gholdengo|Gholdengo|100/100\n|-damage|p2a: Gholdengo|94/100|[from] Stealth Rock\n|-terastallize|p1a: Kommo-o|Steel\n|move|p1a: Kommo-o|Substitute|p1a: Kommo-o\n|-start|p1a: Kommo-o|Substitute\n|-damage|p1a: Kommo-o|69/100\n|\n|upkeep\n|turn|23\n|inactive|avoidtk has 90 seconds left.\n|\n|t:|1695188629\n|move|p2a: Gholdengo|Focus Blast|p1a: Kommo-o\n|-immune|p1a: Kommo-o|[from] ability: Bulletproof\n|move|p1a: Kommo-o|Clangorous Soul|p1a: Kommo-o\n|-boost|p1a: Kommo-o|atk|1\n|-boost|p1a: Kommo-o|def|1\n|-boost|p1a: Kommo-o|spa|1\n|-boost|p1a: Kommo-o|spd|1\n|-boost|p1a: Kommo-o|spe|1\n|-damage|p1a: Kommo-o|36/100\n|\n|upkeep\n|turn|24\n|inactive|avoidtk has 90 seconds left.\n|c|\u2606avoidtk|i lost\n|\n|t:|1695188648\n|switch|p2a: Iron Valiant|Iron Valiant|50/100\n|-damage|p2a: Iron Valiant|44/100|[from] Stealth Rock\n|move|p1a: Kommo-o|Clangorous Soul|p1a: Kommo-o\n|-boost|p1a: Kommo-o|atk|1\n|-boost|p1a: Kommo-o|def|1\n|-boost|p1a: Kommo-o|spa|1\n|-boost|p1a: Kommo-o|spd|1\n|-boost|p1a: Kommo-o|spe|1\n|-damage|p1a: Kommo-o|4/100\n|-enditem|p1a: Kommo-o|Aguav Berry|[eat]\n|-heal|p1a: Kommo-o|37/100|[from] item: Aguav Berry\n|\n|upkeep\n|turn|25\n|\n|t:|1695188660\n|move|p1a: Kommo-o|Drain Punch|p2a: Iron Valiant\n|-resisted|p2a: Iron Valiant\n|-damage|p2a: Iron Valiant|0 fnt\n|-heal|p1a: Kommo-o|58/100|[from] drain|[of] p2a: Iron Valiant\n|faint|p2a: Iron Valiant\n|-end|p2a: Iron Valiant|Quark Drive|[silent]\n|\n|upkeep\n|\n|t:|1695188674\n|switch|p2a: Gholdengo|Gholdengo|94/100\n|-damage|p2a: Gholdengo|88/100|[from] Stealth Rock\n|turn|26\n|\n|t:|1695188679\n|move|p1a: Kommo-o|Thunder Punch|p2a: Gholdengo\n|-damage|p2a: Gholdengo|34/100\n|move|p2a: Gholdengo|Make It Rain|p1a: Kommo-o\n|-resisted|p1a: Kommo-o\n|-activate|p1a: Kommo-o|move: Substitute|[damage]\n|-unboost|p2a: Gholdengo|spa|1\n|\n|upkeep\n|turn|27\n|inactive|avoidtk has 90 seconds left.\n|\n|t:|1695188691\n|move|p1a: Kommo-o|Thunder Punch|p2a: Gholdengo\n|-damage|p2a: Gholdengo|0 fnt\n|faint|p2a: Gholdengo\n|\n|upkeep\n|inactive|avoidtk has 90 seconds left.\n|c|\u2606dr_poopie64|now gg\n|\n|t:|1695188700\n|switch|p2a: Walking Wake|Walking Wake|100/100\n|-damage|p2a: Walking Wake|88/100|[from] Stealth Rock\n|-enditem|p2a: Walking Wake|Booster Energy\n|-activate|p2a: Walking Wake|ability: Protosynthesis|[fromitem]\n|-start|p2a: Walking Wake|protosynthesisspa\n|turn|28\n|inactive|dr_poopie64 has 120 seconds left.\n|inactive|avoidtk has 90 seconds left.\n|\n|t:|1695188717\n|move|p1a: Kommo-o|Drain Punch|p2a: Walking Wake\n|-damage|p2a: Walking Wake|13/100\n|-heal|p1a: Kommo-o|100/100|[from] drain|[of] p2a: Walking Wake\n|move|p2a: Walking Wake|Flamethrower|p1a: Kommo-o\n|-supereffective|p1a: Kommo-o\n|-end|p1a: Kommo-o|Substitute\n|\n|upkeep\n|turn|29\n|inactive|avoidtk has 90 seconds left.\n|inactive|dr_poopie64 has 120 seconds left.\n|\n|t:|1695188729\n|move|p1a: Kommo-o|Drain Punch|p2a: Walking Wake\n|-damage|p2a: Walking Wake|0 fnt\n|faint|p2a: Walking Wake\n|-end|p2a: Walking Wake|Protosynthesis|[silent]\n|\n|upkeep\n|\n|t:|1695188732\n|switch|p2a: Ogerpon|Ogerpon-Hearthflame, F|100/100\n|-damage|p2a: Ogerpon|76/100|[from] Stealth Rock\n|-ability|p2a: Ogerpon|Mold Breaker\n|turn|30\n|\n|t:|1695188739\n|-terastallize|p2a: Ogerpon|Fire\n|detailschange|p2a: Ogerpon|Ogerpon-Hearthflame-Tera, F, tera:Fire\n|-ability|p2a: Ogerpon|Embody Aspect (Hearthflame)|boost\n|-boost|p2a: Ogerpon|atk|1\n|move|p1a: Kommo-o|Drain Punch|p2a: Ogerpon\n|-damage|p2a: Ogerpon|0 fnt\n|faint|p2a: Ogerpon\n|\n|win|dr_poopie64\n|raw|dr_poopie64's rating: 1202 &rarr; <strong>1234</strong><br />(+32 for winning)\n|raw|avoidtk's rating: 1295 &rarr; <strong>1263</strong><br />(-32 for losing)\n|l|\u2606avoidtk\n|l|\u2606dr_poopie64\n|j|\u2606dr_poopie64\n|player|p1|dr_poopie64|drayden\n", "uploadtime": 1695188784, "views": 8, "p1id": "drpoopie64", "p2id": "avoidtk", "formatid": "gen9ou", "rating": 1234, "private": 0, "password": ""}