{"id": "gen9ou-1947515410", "p1": "el pendejo", "p2": "unreal bladee", "format": "gen9ou", "log": "|j|\u2606el pendejo\n|j|\u2606unreal bladee\n|t:|1695168227\n|gametype|singles\n|player|p1|el pendejo|101|1498\n|player|p2|unreal bladee|wallace|1546\n|teamsize|p1|6\n|teamsize|p2|6\n|gen|9\n|tier|[Gen 9] OU\n|rated|\n|rule|Sleep Clause Mod: Limit one foe put to sleep\n|rule|Species Clause: Limit one of each Pok\u00e9mon\n|rule|OHKO Clause: OHKO moves are banned\n|rule|Evasion Items Clause: Evasion items are banned\n|rule|Evasion Moves Clause: Evasion moves are banned\n|rule|Endless Battle Clause: Forcing endless battles is banned\n|rule|HP Percentage Mod: HP is shown in percentages\n|clearpoke\n|poke|p1|Scream Tail|\n|poke|p1|Toxapex, F|\n|poke|p1|Corviknight, F|\n|poke|p1|Iron Hands|\n|poke|p1|Quagsire, F|\n|poke|p1|Toedscruel, M|\n|poke|p2|Kingambit, F|\n|poke|p2|Ogerpon-Wellspring, F|\n|poke|p2|Sandy Shocks|\n|poke|p2|Iron Valiant|\n|poke|p2|Gholdengo|\n|poke|p2|Iron Moth|\n|teampreview\n|inactive|Battle timer is ON: inactive players will automatically lose when time's up. (requested by unreal bladee)\n|\n|t:|1695168248\n|start\n|switch|p1a: Toedscruel|Toedscruel, M|100/100\n|switch|p2a: Sandy Shocks|Sandy Shocks|100/100\n|-enditem|p2a: Sandy Shocks|Booster Energy\n|-activate|p2a: Sandy Shocks|ability: Protosynthesis|[fromitem]\n|-start|p2a: Sandy Shocks|protosynthesisspe\n|turn|1\n|\n|t:|1695168253\n|-terastallize|p2a: Sandy Shocks|Ice\n|move|p2a: Sandy Shocks|Tera Blast|p1a: Toedscruel\n|-supereffective|p1a: Toedscruel\n|-damage|p1a: Toedscruel|8/100\n|move|p1a: Toedscruel|Earth Power|p2a: Sandy Shocks\n|-damage|p2a: Sandy Shocks|68/100\n|-unboost|p2a: Sandy Shocks|spd|1\n|\n|-heal|p1a: Toedscruel|14/100|[from] item: Leftovers\n|upkeep\n|turn|2\n|\n|t:|1695168261\n|switch|p1a: \u00bfQuieres Mota?|Toxapex, F, shiny|100/100\n|move|p2a: Sandy Shocks|Spikes|p1a: \u00bfQuieres Mota?\n|-sidestart|p1: el pendejo|Spikes\n|\n|upkeep\n|turn|3\n|\n|t:|1695168268\n|move|p2a: Sandy Shocks|Earth Power|p1a: \u00bfQuieres Mota?\n|-supereffective|p1a: \u00bfQuieres Mota?\n|-damage|p1a: \u00bfQuieres Mota?|28/100\n|move|p1a: \u00bfQuieres Mota?|Toxic|p2a: Sandy Shocks\n|-status|p2a: Sandy Shocks|tox\n|\n|-heal|p1a: \u00bfQuieres Mota?|34/100|[from] item: Black Sludge\n|-damage|p2a: Sandy Shocks|61/100 tox|[from] psn\n|upkeep\n|turn|4\n|\n|t:|1695168271\n|switch|p1a: Corviknight|Corviknight, F, shiny|100/100\n|move|p2a: Sandy Shocks|Thunderbolt|p1a: Corviknight\n|-supereffective|p1a: Corviknight\n|-damage|p1a: Corviknight|20/100\n|\n|-damage|p2a: Sandy Shocks|49/100 tox|[from] psn\n|upkeep\n|turn|5\n|\n|t:|1695168276\n|switch|p1a: Toedscruel|Toedscruel, M|14/100\n|-damage|p1a: Toedscruel|2/100|[from] Spikes\n|move|p2a: Sandy Shocks|Tera Blast|p1a: Toedscruel\n|-supereffective|p1a: Toedscruel\n|-damage|p1a: Toedscruel|0 fnt\n|faint|p1a: Toedscruel\n|\n|-damage|p2a: Sandy Shocks|31/100 tox|[from] psn\n|upkeep\n|-message|el pendejo forfeited.\n|\n|win|unreal bladee\n|raw|el pendejo's rating: 1498 &rarr; <strong>1481</strong><br />(-17 for losing)\n|raw|unreal bladee's rating: 1546 &rarr; <strong>1563</strong><br />(+17 for winning)\n|l|\u2606el pendejo\n", "uploadtime": 1695168286, "views": 7, "p1id": "elpendejo", "p2id": "unrealbladee", "formatid": "gen9ou", "rating": 1481, "private": 0, "password": ""}