{"id": "gen9ou-1947591003", "p1": "Ceoofbeaners", "p2": "ppppgev", "format": "gen9ou", "log": "|j|\u2606Ceoofbeaners\n|j|\u2606ppppgev\n|t:|1695175635\n|gametype|singles\n|player|p1|Ceoofbeaners|102|1028\n|player|p2|ppppgev|170|1063\n|teamsize|p1|6\n|teamsize|p2|6\n|gen|9\n|tier|[Gen 9] OU\n|rated|\n|rule|Sleep Clause Mod: Limit one foe put to sleep\n|rule|Species Clause: Limit one of each Pok\u00e9mon\n|rule|OHKO Clause: OHKO moves are banned\n|rule|Evasion Items Clause: Evasion items are banned\n|rule|Evasion Moves Clause: Evasion moves are banned\n|rule|Endless Battle Clause: Forcing endless battles is banned\n|rule|HP Percentage Mod: HP is shown in percentages\n|clearpoke\n|poke|p1|Toedscruel, F|\n|poke|p1|Skeledirge, M|\n|poke|p1|Torterra, F|\n|poke|p1|Cramorant, M|\n|poke|p1|Slowbro, F|\n|poke|p1|Sylveon, F|\n|poke|p2|Sinistcha-Masterpiece|\n|poke|p2|Torterra, F|\n|poke|p2|Phione|\n|poke|p2|Fezandipiti, M|\n|poke|p2|Jirachi|\n|poke|p2|Milotic, F|\n|teampreview\n|\n|t:|1695175645\n|start\n|switch|p1a: Slowbro|Slowbro, F|100/100\n|switch|p2a: Milotic|Milotic, F, shiny|100/100\n|turn|1\n|\n|t:|1695175655\n|switch|p1a: Cramorant|Cramorant, M|100/100\n|move|p2a: Milotic|Dragon Dance|p2a: Milotic\n|-boost|p2a: Milotic|atk|1\n|-boost|p2a: Milotic|spe|1\n|\n|-status|p2a: Milotic|tox|[from] item: Toxic Orb\n|upkeep\n|turn|2\n|\n|t:|1695175670\n|-terastallize|p2a: Milotic|Normal\n|move|p2a: Milotic|Dragon Dance|p2a: Milotic\n|-boost|p2a: Milotic|atk|1\n|-boost|p2a: Milotic|spe|1\n|move|p1a: Cramorant|Surf|p2a: Milotic\n|-formechange|p1a: Cramorant|Cramorant-Gulping|\n|-damage|p2a: Milotic|78/100 tox\n|\n|-damage|p2a: Milotic|72/100 tox|[from] psn\n|upkeep\n|turn|3\n|\n|t:|1695175682\n|move|p2a: Milotic|Facade|p1a: Cramorant\n|-damage|p1a: Cramorant|0 fnt\n|-damage|p2a: Milotic|47/100 tox|[from] ability: Gulp Missile|[of] p1a: Cramorant\n|-unboost|p2a: Milotic|def|1\n|-formechange|p1a: Cramorant|Cramorant|\n|faint|p1a: Cramorant\n|\n|-damage|p2a: Milotic|35/100 tox|[from] psn\n|upkeep\n|\n|t:|1695175691\n|switch|p1a: Skeledirge|Skeledirge, M|100/100\n|turn|4\n|\n|t:|1695175703\n|switch|p2a: Sinistcha|Sinistcha-Masterpiece, shiny|100/100\n|move|p1a: Skeledirge|Earth Power|p2a: Sinistcha\n|-resisted|p2a: Sinistcha\n|-damage|p2a: Sinistcha|85/100\n|\n|upkeep\n|turn|5\n|\n|t:|1695175715\n|switch|p1a: Sylveon|Sylveon, F|100/100\n|move|p2a: Sinistcha|Trick Room|p2a: Sinistcha\n|-fieldstart|move: Trick Room|[of] p2a: Sinistcha\n|\n|upkeep\n|turn|6\n|\n|t:|1695175721\n|move|p1a: Sylveon|Calm Mind|p1a: Sylveon\n|-boost|p1a: Sylveon|spa|1\n|-boost|p1a: Sylveon|spd|1\n|move|p2a: Sinistcha|Calm Mind|p2a: Sinistcha\n|-boost|p2a: Sinistcha|spa|1\n|-boost|p2a: Sinistcha|spd|1\n|\n|upkeep\n|turn|7\n|\n|t:|1695175729\n|move|p1a: Sylveon|Calm Mind|p1a: Sylveon\n|-boost|p1a: Sylveon|spa|1\n|-boost|p1a: Sylveon|spd|1\n|move|p2a: Sinistcha|Calm Mind|p2a: Sinistcha\n|-boost|p2a: Sinistcha|spa|1\n|-boost|p2a: Sinistcha|spd|1\n|\n|upkeep\n|turn|8\n|\n|t:|1695175737\n|move|p1a: Sylveon|Hyper Voice|p2a: Sinistcha\n|-damage|p2a: Sinistcha|12/100\n|move|p2a: Sinistcha|Calm Mind|p2a: Sinistcha\n|-boost|p2a: Sinistcha|spa|1\n|-boost|p2a: Sinistcha|spd|1\n|\n|upkeep\n|turn|9\n|\n|t:|1695175765\n|move|p1a: Sylveon|Psychic|p2a: Sinistcha\n|-crit|p2a: Sinistcha\n|-damage|p2a: Sinistcha|0 fnt\n|faint|p2a: Sinistcha\n|\n|-fieldend|move: Trick Room\n|upkeep\n|\n|t:|1695175770\n|switch|p2a: Fezandipiti|Fezandipiti, M, shiny|100/100\n|turn|10\n|\n|t:|1695175785\n|move|p2a: Fezandipiti|Gunk Shot|p1a: Sylveon\n|-supereffective|p1a: Sylveon\n|-damage|p1a: Sylveon|0 fnt\n|faint|p1a: Sylveon\n|\n|upkeep\n|\n|t:|1695175790\n|switch|p1a: Slowbro|Slowbro, F|100/100\n|turn|11\n|\n|t:|1695175793\n|move|p2a: Fezandipiti|Tail Slap|p1a: Slowbro\n|-damage|p1a: Slowbro|96/100\n|-status|p1a: Slowbro|tox|[from] ability: Toxic Chain|[of] p2a: Fezandipiti\n|-damage|p1a: Slowbro|91/100 tox\n|-hitcount|p1a: Slowbro|2\n|move|p1a: Slowbro|Trick|p2a: Fezandipiti\n|-activate|p1a: Slowbro|move: Trick|[of] p2a: Fezandipiti\n|-item|p2a: Fezandipiti|Lagging Tail|[from] move: Trick\n|-item|p1a: Slowbro|Leftovers|[from] move: Trick\n|\n|-heal|p1a: Slowbro|97/100 tox|[from] item: Leftovers\n|-damage|p1a: Slowbro|91/100 tox|[from] psn\n|upkeep\n|turn|12\n|\n|t:|1695175807\n|switch|p1a: Toedscruel|Toedscruel, F|100/100\n|move|p2a: Fezandipiti|Protect||[still]\n|-fail|p2a: Fezandipiti\n|\n|upkeep\n|turn|13\n|\n|t:|1695175814\n|move|p1a: Toedscruel|Spore|p2a: Fezandipiti\n|-status|p2a: Fezandipiti|slp|[from] move: Spore\n|cant|p2a: Fezandipiti|slp\n|\n|upkeep\n|turn|14\n|\n|t:|1695175825\n|move|p1a: Toedscruel|Earth Power|p2a: Fezandipiti\n|-supereffective|p2a: Fezandipiti\n|-damage|p2a: Fezandipiti|47/100 slp\n|cant|p2a: Fezandipiti|slp\n|\n|upkeep\n|turn|15\n|\n|t:|1695175838\n|move|p1a: Toedscruel|Rapid Spin|p2a: Fezandipiti\n|-damage|p2a: Fezandipiti|38/100 slp\n|-boost|p1a: Toedscruel|spe|1\n|-curestatus|p2a: Fezandipiti|slp|[msg]\n|move|p2a: Fezandipiti|Tail Slap|p1a: Toedscruel\n|-damage|p1a: Toedscruel|89/100\n|-damage|p1a: Toedscruel|76/100\n|-status|p1a: Toedscruel|tox|[from] ability: Toxic Chain|[of] p2a: Fezandipiti\n|-damage|p1a: Toedscruel|63/100 tox\n|-damage|p1a: Toedscruel|50/100 tox\n|-hitcount|p1a: Toedscruel|4\n|\n|-heal|p1a: Toedscruel|56/100 tox|[from] item: Leftovers\n|-damage|p1a: Toedscruel|50/100 tox|[from] psn\n|upkeep\n|turn|16\n|\n|t:|1695175854\n|move|p2a: Fezandipiti|Protect|p2a: Fezandipiti\n|-singleturn|p2a: Fezandipiti|Protect\n|move|p1a: Toedscruel|Earth Power|p2a: Fezandipiti\n|-activate|p2a: Fezandipiti|move: Protect\n|\n|-heal|p1a: Toedscruel|56/100 tox|[from] item: Leftovers\n|-damage|p1a: Toedscruel|44/100 tox|[from] psn\n|upkeep\n|turn|17\n|\n|t:|1695175867\n|switch|p2a: Milotic|Milotic, F, shiny, tera:Normal|35/100 tox\n|move|p1a: Toedscruel|Earth Power|p2a: Milotic\n|-damage|p2a: Milotic|5/100 tox\n|\n|-heal|p1a: Toedscruel|50/100 tox|[from] item: Leftovers\n|-damage|p1a: Toedscruel|32/100 tox|[from] psn\n|-damage|p2a: Milotic|0 fnt|[from] psn\n|faint|p2a: Milotic\n|upkeep\n|\n|t:|1695175878\n|switch|p2a: Phione|Phione, shiny|100/100\n|turn|18\n|\n|t:|1695175884\n|move|p1a: Toedscruel|Energy Ball|p2a: Phione\n|-supereffective|p2a: Phione\n|-damage|p2a: Phione|33/100\n|move|p2a: Phione|Take Heart|p2a: Phione\n|-boost|p2a: Phione|spa|1\n|-boost|p2a: Phione|spd|1\n|\n|-heal|p1a: Toedscruel|38/100 tox|[from] item: Leftovers\n|-heal|p2a: Phione|39/100|[from] item: Leftovers\n|-damage|p1a: Toedscruel|14/100 tox|[from] psn\n|upkeep\n|turn|19\n|\n|t:|1695175898\n|move|p1a: Toedscruel|Energy Ball|p2a: Phione\n|-supereffective|p2a: Phione\n|-damage|p2a: Phione|0 fnt\n|faint|p2a: Phione\n|\n|-heal|p1a: Toedscruel|20/100 tox|[from] item: Leftovers\n|-damage|p1a: Toedscruel|0 fnt|[from] psn\n|faint|p1a: Toedscruel\n|upkeep\n|\n|t:|1695175910\n|switch|p1a: Skeledirge|Skeledirge, M|100/100\n|switch|p2a: Fezandipiti|Fezandipiti, M, shiny|38/100\n|turn|20\n|\n|t:|1695175919\n|move|p1a: Skeledirge|Earth Power|p2a: Fezandipiti\n|-supereffective|p2a: Fezandipiti\n|-damage|p2a: Fezandipiti|5/100\n|move|p2a: Fezandipiti|Gunk Shot|p1a: Skeledirge\n|-resisted|p1a: Skeledirge\n|-damage|p1a: Skeledirge|78/100\n|\n|-heal|p1a: Skeledirge|84/100|[from] item: Leftovers\n|upkeep\n|turn|21\n|\n|t:|1695175928\n|move|p2a: Fezandipiti|Protect|p2a: Fezandipiti\n|-singleturn|p2a: Fezandipiti|Protect\n|move|p1a: Skeledirge|Torch Song|p2a: Fezandipiti\n|-activate|p2a: Fezandipiti|move: Protect\n|\n|-heal|p1a: Skeledirge|91/100|[from] item: Leftovers\n|upkeep\n|turn|22\n|\n|t:|1695175938\n|move|p1a: Skeledirge|Torch Song|p2a: Fezandipiti\n|-damage|p2a: Fezandipiti|0 fnt\n|-boost|p1a: Skeledirge|spa|1\n|faint|p2a: Fezandipiti\n|\n|-heal|p1a: Skeledirge|97/100|[from] item: Leftovers\n|upkeep\n|\n|t:|1695175949\n|switch|p2a: Jirachi|Jirachi|100/100\n|turn|23\n|\n|t:|1695175964\n|move|p2a: Jirachi|Body Slam|p1a: Skeledirge\n|-immune|p1a: Skeledirge\n|move|p1a: Skeledirge|Torch Song|p2a: Jirachi\n|-supereffective|p2a: Jirachi\n|-damage|p2a: Jirachi|46/100\n|-boost|p1a: Skeledirge|spa|1\n|\n|-heal|p1a: Skeledirge|100/100|[from] item: Leftovers\n|upkeep\n|turn|24\n|\n|t:|1695175975\n|move|p2a: Jirachi|Zen Headbutt|p1a: Skeledirge\n|-damage|p1a: Skeledirge|67/100\n|cant|p1a: Skeledirge|flinch\n|\n|-heal|p1a: Skeledirge|74/100|[from] item: Leftovers\n|upkeep\n|turn|25\n|\n|t:|1695175982\n|move|p2a: Jirachi|Iron Head|p1a: Skeledirge\n|-resisted|p1a: Skeledirge\n|-damage|p1a: Skeledirge|58/100\n|move|p1a: Skeledirge|Torch Song|p2a: Jirachi\n|-supereffective|p2a: Jirachi\n|-damage|p2a: Jirachi|0 fnt\n|-boost|p1a: Skeledirge|spa|1\n|faint|p2a: Jirachi\n|\n|-heal|p1a: Skeledirge|64/100|[from] item: Leftovers\n|upkeep\n|\n|t:|1695175991\n|switch|p2a: Torterra|Torterra, F|100/100\n|turn|26\n|\n|t:|1695176000\n|-terastallize|p1a: Skeledirge|Flying\n|move|p1a: Skeledirge|Torch Song|p2a: Torterra\n|-supereffective|p2a: Torterra\n|-damage|p2a: Torterra|0 fnt\n|-boost|p1a: Skeledirge|spa|1\n|faint|p2a: Torterra\n|\n|win|Ceoofbeaners\n|raw|Ceoofbeaners's rating: 1028 &rarr; <strong>1067</strong><br />(+39 for winning)\n|raw|ppppgev's rating: 1063 &rarr; <strong>1042</strong><br />(-21 for losing)\n|l|\u2606ppppgev\n", "uploadtime": 1695176011, "views": 9, "p1id": "ceoofbeaners", "p2id": "ppppgev", "formatid": "gen9ou", "rating": 1042, "private": 0, "password": ""}