{"id": "gen9ou-1947491611", "p1": "Kingjay1w2", "p2": "ShadowGlaciar", "format": "gen9ou", "log": "|j|\u2606Kingjay1w2\n|j|\u2606ShadowGlaciar\n|t:|1695165871\n|gametype|singles\n|player|p1|Kingjay1w2|102|\n|player|p2|ShadowGlaciar|raihan|\n|teamsize|p1|6\n|teamsize|p2|6\n|gen|9\n|tier|[Gen 9] OU\n|rule|Sleep Clause Mod: Limit one foe put to sleep\n|rule|Species Clause: Limit one of each Pok\u00e9mon\n|rule|OHKO Clause: OHKO moves are banned\n|rule|Evasion Items Clause: Evasion items are banned\n|rule|Evasion Moves Clause: Evasion moves are banned\n|rule|Endless Battle Clause: Forcing endless battles is banned\n|rule|HP Percentage Mod: HP is shown in percentages\n|clearpoke\n|poke|p1|Corviknight, M|\n|poke|p1|Gallade, M|\n|poke|p1|Gastrodon, F|\n|poke|p1|Garchomp, M|\n|poke|p1|Florges, F|\n|poke|p1|Arcanine, M|\n|poke|p2|Toxtricity, F|\n|poke|p2|Quagsire, F|\n|poke|p2|Leavanny, M|\n|poke|p2|Gliscor, F|\n|poke|p2|Tsareena, F|\n|poke|p2|Mabosstiff, F|\n|teampreview\n|c|\u2606Kingjay1w2|fool me once\n|c|\u2606Kingjay1w2|not again bro\n|c|\u2606ShadowGlaciar|no again\n|c|\u2606ShadowGlaciar|i like fooling\n|c|\u2606ShadowGlaciar|its fun\n|\n|t:|1695165920\n|start\n|switch|p1a: Florges|Florges, F, shiny|100/100\n|switch|p2a: Gliscor|Gliscor, F|100/100\n|turn|1\n|\n|t:|1695165928\n|move|p1a: Florges|Protect|p1a: Florges\n|-singleturn|p1a: Florges|Protect\n|move|p2a: Gliscor|Tailwind|p2a: Gliscor\n|-sidestart|p2: ShadowGlaciar|move: Tailwind\n|\n|-status|p2a: Gliscor|tox|[from] item: Toxic Orb\n|upkeep\n|turn|2\n|\n|t:|1695165949\n|move|p2a: Gliscor|Tailwind||[still]\n|-fail|p2a: Gliscor\n|move|p1a: Florges|Moonblast|p2a: Gliscor\n|-damage|p2a: Gliscor|62/100 tox\n|\n|-heal|p2a: Gliscor|75/100 tox|[from] ability: Poison Heal\n|upkeep\n|turn|3\n|c|\u2606ShadowGlaciar|i forgot tailwind doesnt hit\n|\n|t:|1695165969\n|move|p2a: Gliscor|U-turn|p1a: Florges\n|-resisted|p1a: Florges\n|-damage|p1a: Florges|91/100\n|\n|t:|1695165972\n|switch|p2a: Leavanny|Leavanny, M|100/100|[from] U-turn\n|move|p1a: Florges|Moonblast|p2a: Leavanny\n|-crit|p2a: Leavanny\n|-damage|p2a: Leavanny|6/100\n|\n|upkeep\n|turn|4\n|\n|t:|1695165998\n|move|p2a: Leavanny|Leaf Blade|p1a: Florges\n|-damage|p1a: Florges|36/100\n|move|p1a: Florges|Moonblast|p2a: Leavanny\n|-damage|p2a: Leavanny|0 fnt\n|faint|p2a: Leavanny\n|\n|-sideend|p2: ShadowGlaciar|move: Tailwind\n|upkeep\n|\n|t:|1695166004\n|switch|p2a: Gliscor|Gliscor, F|75/100 tox\n|turn|5\n|\n|t:|1695166024\n|move|p2a: Gliscor|Earthquake|p1a: Florges\n|-activate|p1a: Florges|item: Focus Band\n|-damage|p1a: Florges|1/100\n|move|p1a: Florges|Energy Ball|p2a: Gliscor\n|-damage|p2a: Gliscor|49/100 tox\n|\n|-heal|p2a: Gliscor|61/100 tox|[from] ability: Poison Heal\n|upkeep\n|turn|6\n|c|\u2606ShadowGlaciar|FOCUS BAND LUCK RESPECT\n|\n|t:|1695166038\n|move|p1a: Florges|Protect|p1a: Florges\n|-singleturn|p1a: Florges|Protect\n|move|p2a: Gliscor|Dual Wingbeat|p1a: Florges\n|-activate|p1a: Florges|move: Protect\n|\n|-heal|p2a: Gliscor|74/100 tox|[from] ability: Poison Heal\n|upkeep\n|turn|7\n|\n|t:|1695166048\n|move|p2a: Gliscor|Dual Wingbeat|p1a: Florges\n|-activate|p1a: Florges|item: Focus Band\n|-damage|p1a: Florges|1/100\n|-damage|p1a: Florges|0 fnt\n|faint|p1a: Florges\n|-hitcount|p1: Florges|2\n|\n|-heal|p2a: Gliscor|86/100 tox|[from] ability: Poison Heal\n|upkeep\n|\n|t:|1695166057\n|switch|p1a: Gastrodon|Gastrodon, F|100/100\n|turn|8\n|\n|t:|1695166087\n|move|p2a: Gliscor|Tailwind|p2a: Gliscor\n|-sidestart|p2: ShadowGlaciar|move: Tailwind\n|move|p1a: Gastrodon|Surf|p2a: Gliscor\n|-supereffective|p2a: Gliscor\n|-damage|p2a: Gliscor|14/100 tox\n|\n|-heal|p2a: Gliscor|27/100 tox|[from] ability: Poison Heal\n|upkeep\n|turn|9\n|c|\u2606Kingjay1w2|is he your ace\n|\n|t:|1695166104\n|move|p2a: Gliscor|U-turn|p1a: Gastrodon\n|-damage|p1a: Gastrodon|84/100\n|c|\u2606ShadowGlaciar|bi\n|c|\u2606ShadowGlaciar|no\n|c|\u2606ShadowGlaciar|tsareena is\n|c|\u2606ShadowGlaciar|obviously\n|\n|t:|1695166115\n|switch|p2a: Tsareena|Tsareena, F|100/100|[from] U-turn\n|move|p1a: Gastrodon|Surf|p2a: Tsareena\n|-resisted|p2a: Tsareena\n|-damage|p2a: Tsareena|77/100\n|\n|upkeep\n|turn|10\n|\n|t:|1695166138\n|switch|p1a: Corviknight|Corviknight, M, shiny|100/100\n|move|p2a: Tsareena|Trop Kick|p1a: Corviknight\n|-resisted|p1a: Corviknight\n|-damage|p1a: Corviknight|92/100\n|-ability|p1a: Corviknight|Mirror Armor\n|-unboost|p2a: Tsareena|atk|1\n|\n|upkeep\n|turn|11\n|c|\u2606ShadowGlaciar|my entire team is set up around leavanny\n|c|\u2606ShadowGlaciar|gliscor be straight fodder\n|c|\u2606Kingjay1w2|oh well say bye bye\n|\n|t:|1695166163\n|switch|p2a: Gliscor|Gliscor, F|27/100 tox\n|move|p1a: Corviknight|Brave Bird|p2a: Gliscor\n|-damage|p2a: Gliscor|0 fnt\n|faint|p2a: Gliscor\n|-damage|p1a: Corviknight|83/100|[from] Recoil\n|\n|-sideend|p2: ShadowGlaciar|move: Tailwind\n|upkeep\n|c|\u2606ShadowGlaciar|really?\n|c|\u2606Kingjay1w2|yep\n|\n|t:|1695166196\n|switch|p2a: Toxtricity|Toxtricity, F|100/100\n|turn|12\n|\n|t:|1695166211\n|move|p1a: Corviknight|Protect|p1a: Corviknight\n|-singleturn|p1a: Corviknight|Protect\n|move|p2a: Toxtricity|Discharge|p1a: Corviknight\n|-activate|p1a: Corviknight|move: Protect\n|\n|upkeep\n|turn|13\n|\n|t:|1695166222\n|move|p1a: Corviknight|U-turn|p2a: Toxtricity\n|-resisted|p2a: Toxtricity\n|-damage|p2a: Toxtricity|89/100\n|\n|t:|1695166225\n|switch|p1a: Gastrodon|Gastrodon, F|84/100|[from] U-turn\n|move|p2a: Toxtricity|Discharge|p1a: Gastrodon\n|-immune|p1a: Gastrodon\n|\n|upkeep\n|turn|14\n|c|\u2606ShadowGlaciar|hey\n|c|\u2606ShadowGlaciar|itd be best to use an attacking move here\n|c|\u2606ShadowGlaciar|just saying\n|c|\u2606ShadowGlaciar|any attacking move would really be good for what i am about to do\n|c|\u2606ShadowGlaciar|just tryna help\n|\n|t:|1695166282\n|move|p2a: Toxtricity|Metal Sound|p1a: Gastrodon\n|-unboost|p1a: Gastrodon|spd|2\n|move|p1a: Gastrodon|Earth Power|p2a: Toxtricity\n|-supereffective|p2a: Toxtricity\n|-damage|p2a: Toxtricity|0 fnt\n|faint|p2a: Toxtricity\n|\n|upkeep\n|\n|t:|1695166291\n|switch|p2a: Tsareena|Tsareena, F|77/100\n|turn|15\n|c|\u2606Kingjay1w2|get it away\n|c|\u2606Kingjay1w2|o7\n|\n|t:|1695166314\n|-terastallize|p1a: Gastrodon|Water\n|move|p2a: Tsareena|Trop Kick|p1a: Gastrodon\n|-supereffective|p1a: Gastrodon\n|-damage|p1a: Gastrodon|0 fnt\n|faint|p1a: Gastrodon\n|\n|upkeep\n|c|\u2606ShadowGlaciar|was so close to terrastalling\n|c|\u2606Kingjay1w2|part of the plan\n|\n|t:|1695166338\n|switch|p1a: Arcanine|Arcanine, M|100/100\n|-ability|p1a: Arcanine|Intimidate|boost\n|-unboost|p2a: Tsareena|atk|1\n|turn|16\n|\n|t:|1695166352\n|switch|p2a: Quagsire|Quagsire, F|100/100\n|move|p1a: Arcanine|Fire Blast|p2a: Quagsire|[miss]\n|-miss|p1a: Arcanine|p2a: Quagsire\n|\n|upkeep\n|turn|17\n|c|\u2606ShadowGlaciar|you are trying bait me to waste my terra?\n|\n|t:|1695166371\n|move|p1a: Arcanine|Extreme Speed|p2a: Quagsire\n|-crit|p2a: Quagsire\n|-damage|p2a: Quagsire|75/100\n|move|p2a: Quagsire|Liquidation|p1a: Arcanine\n|-supereffective|p1a: Arcanine\n|-damage|p1a: Arcanine|39/100\n|\n|-heal|p2a: Quagsire|81/100|[from] item: Leftovers\n|upkeep\n|turn|18\n|\n|t:|1695166388\n|switch|p1a: Corviknight|Corviknight, M, shiny|83/100\n|move|p2a: Quagsire|Liquidation|p1a: Corviknight\n|-damage|p1a: Corviknight|60/100\n|\n|-heal|p2a: Quagsire|88/100|[from] item: Leftovers\n|upkeep\n|turn|19\n|c|\u2606Kingjay1w2|well shit\n|\n|t:|1695166415\n|move|p1a: Corviknight|Protect|p1a: Corviknight\n|-singleturn|p1a: Corviknight|Protect\n|move|p2a: Quagsire|Yawn|p1a: Corviknight\n|-activate|p1a: Corviknight|move: Protect\n|\n|-heal|p2a: Quagsire|94/100|[from] item: Leftovers\n|upkeep\n|turn|20\n|\n|t:|1695166430\n|move|p1a: Corviknight|Brave Bird|p2a: Quagsire\n|-damage|p2a: Quagsire|64/100\n|-damage|p1a: Corviknight|49/100|[from] Recoil\n|move|p2a: Quagsire|Yawn|p1a: Corviknight\n|-start|p1a: Corviknight|move: Yawn|[of] p2a: Quagsire\n|\n|-heal|p2a: Quagsire|70/100|[from] item: Leftovers\n|upkeep\n|turn|21\n|\n|t:|1695166446\n|move|p1a: Corviknight|U-turn|p2a: Quagsire\n|-damage|p2a: Quagsire|58/100\n|c|\u2606ShadowGlaciar|BAITED HAHA\n|c|\u2606Kingjay1w2|my ace it is time\n|\n|t:|1695166468\n|switch|p1a: Garchomp|Garchomp, M|100/100|[from] U-turn\n|move|p2a: Quagsire|Recover|p2a: Quagsire\n|-heal|p2a: Quagsire|100/100\n|\n|upkeep\n|turn|22\n|\n|t:|1695166485\n|move|p1a: Garchomp|Earth Power|p2a: Quagsire\n|-damage|p2a: Quagsire|63/100\n|move|p2a: Quagsire|Yawn|p1a: Garchomp\n|-start|p1a: Garchomp|move: Yawn|[of] p2a: Quagsire\n|\n|-heal|p2a: Quagsire|69/100|[from] item: Leftovers\n|upkeep\n|turn|23\n|\n|t:|1695166506\n|switch|p1a: Gallade|Gallade, M|100/100\n|-item|p1a: Gallade|Air Balloon\n|move|p2a: Quagsire|Recover|p2a: Quagsire\n|-heal|p2a: Quagsire|100/100\n|\n|upkeep\n|turn|24\n|c|\u2606Kingjay1w2|goddamit\n|\n|t:|1695166528\n|move|p1a: Gallade|Swords Dance|p1a: Gallade\n|-boost|p1a: Gallade|atk|2\n|move|p2a: Quagsire|Yawn|p1a: Gallade\n|-start|p1a: Gallade|move: Yawn|[of] p2a: Quagsire\n|\n|upkeep\n|turn|25\n|c|\u2606ShadowGlaciar|did you forget about quagsires ability\n|\n|t:|1695166545\n|move|p1a: Gallade|Close Combat|p2a: Quagsire\n|-damage|p2a: Quagsire|55/100\n|-unboost|p1a: Gallade|def|1\n|-unboost|p1a: Gallade|spd|1\n|move|p2a: Quagsire|Earthquake|p1a: Gallade\n|-immune|p1a: Gallade\n|\n|-heal|p2a: Quagsire|61/100|[from] item: Leftovers\n|-end|p1a: Gallade|move: Yawn|[silent]\n|-status|p1a: Gallade|slp\n|upkeep\n|turn|26\n|c|\u2606Kingjay1w2|damn well it was a 50 50\n|c|\u2606ShadowGlaciar|no it wasnt what\n|\n|t:|1695166579\n|cant|p1a: Gallade|slp\n|move|p2a: Quagsire|Liquidation|p1a: Gallade\n|-damage|p1a: Gallade|64/100 slp\n|-enditem|p1a: Gallade|Air Balloon\n|\n|-heal|p2a: Quagsire|68/100|[from] item: Leftovers\n|upkeep\n|turn|27\n|c|\u2606ShadowGlaciar|we both made a mistake there\n|\n|t:|1695166589\n|cant|p1a: Gallade|slp\n|move|p2a: Quagsire|Earthquake|p1a: Gallade\n|-damage|p1a: Gallade|23/100 slp\n|\n|-heal|p2a: Quagsire|74/100|[from] item: Leftovers\n|upkeep\n|turn|28\n|\n|t:|1695166627\n|cant|p1a: Gallade|slp\n|move|p2a: Quagsire|Recover|p2a: Quagsire\n|-heal|p2a: Quagsire|100/100\n|\n|upkeep\n|turn|29\n|c|\u2606ShadowGlaciar|was kinda banking on that\n|c|\u2606ShadowGlaciar|wasted a recover smh\n|\n|t:|1695166642\n|-curestatus|p1a: Gallade|slp|[msg]\n|move|p1a: Gallade|Psycho Cut|p2a: Quagsire\n|-damage|p2a: Quagsire|65/100\n|move|p2a: Quagsire|Recover|p2a: Quagsire\n|-heal|p2a: Quagsire|100/100\n|\n|upkeep\n|turn|30\n|\n|t:|1695166655\n|move|p1a: Gallade|Psycho Cut|p2a: Quagsire\n|-damage|p2a: Quagsire|64/100\n|move|p2a: Quagsire|Liquidation|p1a: Gallade\n|-damage|p1a: Gallade|0 fnt\n|faint|p1a: Gallade\n|\n|-heal|p2a: Quagsire|71/100|[from] item: Leftovers\n|upkeep\n|c|\u2606ShadowGlaciar|please send out arcanine\n|c|\u2606Kingjay1w2|o7\n|c|\u2606ShadowGlaciar|begging you here\n|\n|t:|1695166680\n|switch|p1a: Arcanine|Arcanine, M|39/100\n|-ability|p1a: Arcanine|Intimidate|boost\n|-unboost|p2a: Quagsire|atk|1\n|turn|31\n|c|\u2606Kingjay1w2|u happy\n|\n|t:|1695166691\n|move|p1a: Arcanine|Iron Head|p2a: Quagsire\n|-resisted|p2a: Quagsire\n|-damage|p2a: Quagsire|63/100\n|move|p2a: Quagsire|Liquidation|p1a: Arcanine\n|-supereffective|p1a: Arcanine\n|-damage|p1a: Arcanine|1/100\n|\n|-heal|p2a: Quagsire|69/100|[from] item: Leftovers\n|upkeep\n|turn|32\n|c|\u2606ShadowGlaciar|why did you listen-\n|c|\u2606ShadowGlaciar|did you think i was baiting you\n|\n|t:|1695166703\n|move|p1a: Arcanine|Extreme Speed|p2a: Quagsire\n|-damage|p2a: Quagsire|54/100\n|move|p2a: Quagsire|Liquidation|p1a: Arcanine\n|-supereffective|p1a: Arcanine\n|-damage|p1a: Arcanine|0 fnt\n|faint|p1a: Arcanine\n|\n|-heal|p2a: Quagsire|60/100|[from] item: Leftovers\n|upkeep\n|c|\u2606Kingjay1w2|it is apart of the plan\n|\n|t:|1695166730\n|switch|p1a: Corviknight|Corviknight, M, shiny|49/100\n|turn|33\n|\n|t:|1695166743\n|move|p1a: Corviknight|Protect|p1a: Corviknight\n|-singleturn|p1a: Corviknight|Protect\n|move|p2a: Quagsire|Yawn|p1a: Corviknight\n|-activate|p1a: Corviknight|move: Protect\n|\n|-heal|p2a: Quagsire|66/100|[from] item: Leftovers\n|upkeep\n|turn|34\n|c|\u2606ShadowGlaciar|no its not\n|c|\u2606ShadowGlaciar|stop lying\n|c|\u2606Kingjay1w2|the stalling plan\n|\n|t:|1695166765\n|move|p1a: Corviknight|U-turn|p2a: Quagsire\n|-damage|p2a: Quagsire|53/100\n|\n|t:|1695166768\n|switch|p1a: Garchomp|Garchomp, M|100/100|[from] U-turn\n|move|p2a: Quagsire|Yawn|p1a: Garchomp\n|-start|p1a: Garchomp|move: Yawn|[of] p2a: Quagsire\n|\n|-heal|p2a: Quagsire|59/100|[from] item: Leftovers\n|upkeep\n|turn|35\n|c|\u2606ShadowGlaciar|whos exactly stalling who right now?\n|c|\u2606ShadowGlaciar|such a mystery\n|\n|t:|1695166778\n|switch|p1a: Corviknight|Corviknight, M, shiny|49/100\n|move|p2a: Quagsire|Liquidation|p1a: Corviknight\n|-damage|p1a: Corviknight|35/100\n|\n|-heal|p2a: Quagsire|65/100|[from] item: Leftovers\n|upkeep\n|turn|36\n|c|\u2606ShadowGlaciar|I SEE WHAT YOU ARE DOING\n|\n|t:|1695166791\n|move|p1a: Corviknight|Protect|p1a: Corviknight\n|-singleturn|p1a: Corviknight|Protect\n|move|p2a: Quagsire|Liquidation|p1a: Corviknight\n|-activate|p1a: Corviknight|move: Protect\n|\n|-heal|p2a: Quagsire|72/100|[from] item: Leftovers\n|upkeep\n|turn|37\n|c|\u2606ShadowGlaciar|ill play along\n|\n|t:|1695166800\n|move|p1a: Corviknight|Brave Bird|p2a: Quagsire\n|-damage|p2a: Quagsire|40/100\n|-damage|p1a: Corviknight|23/100|[from] Recoil\n|move|p2a: Quagsire|Liquidation|p1a: Corviknight\n|-damage|p1a: Corviknight|8/100\n|\n|-heal|p2a: Quagsire|46/100|[from] item: Leftovers\n|upkeep\n|turn|38\n|\n|t:|1695166809\n|move|p1a: Corviknight|U-turn|p2a: Quagsire\n|-damage|p2a: Quagsire|32/100\n|\n|t:|1695166812\n|switch|p1a: Garchomp|Garchomp, M|100/100|[from] U-turn\n|move|p2a: Quagsire|Recover|p2a: Quagsire\n|-heal|p2a: Quagsire|82/100\n|\n|-heal|p2a: Quagsire|88/100|[from] item: Leftovers\n|upkeep\n|turn|39\n|c|\u2606Kingjay1w2|son of a\n|\n|t:|1695166828\n|move|p1a: Garchomp|Dragon Claw|p2a: Quagsire\n|-damage|p2a: Quagsire|62/100\n|move|p2a: Quagsire|Liquidation|p1a: Garchomp\n|-damage|p1a: Garchomp|84/100\n|-damage|p2a: Quagsire|49/100|[from] ability: Rough Skin|[of] p1a: Garchomp\n|\n|-heal|p2a: Quagsire|55/100|[from] item: Leftovers\n|upkeep\n|turn|40\n|\n|t:|1695166839\n|move|p1a: Garchomp|Protect|p1a: Garchomp\n|-singleturn|p1a: Garchomp|Protect\n|move|p2a: Quagsire|Earthquake|p1a: Garchomp\n|-activate|p1a: Garchomp|move: Protect\n|\n|-heal|p2a: Quagsire|61/100|[from] item: Leftovers\n|upkeep\n|turn|41\n|\n|t:|1695166847\n|move|p1a: Garchomp|Dragon Claw|p2a: Quagsire\n|-crit|p2a: Quagsire\n|-damage|p2a: Quagsire|19/100\n|move|p2a: Quagsire|Yawn|p1a: Garchomp\n|-start|p1a: Garchomp|move: Yawn|[of] p2a: Quagsire\n|\n|-heal|p2a: Quagsire|25/100|[from] item: Leftovers\n|upkeep\n|turn|42\n|\n|t:|1695166856\n|switch|p1a: Corviknight|Corviknight, M, shiny|8/100\n|move|p2a: Quagsire|Recover|p2a: Quagsire\n|-heal|p2a: Quagsire|75/100\n|\n|-heal|p2a: Quagsire|81/100|[from] item: Leftovers\n|upkeep\n|turn|43\n|c|\u2606ShadowGlaciar|YOU COULDNT RISK IT\n|c|\u2606ShadowGlaciar|THE QUAGSIRE WHO GAVE YOU SO MUCH TROUBLE\n|c|\u2606ShadowGlaciar|YOU COULDNT RISK KILLING IT?\n|c|\u2606Kingjay1w2|no\n|c|\u2606ShadowGlaciar|you are very infuriating\n|c|\u2606ShadowGlaciar|cause you are going to lose\n|c|\u2606ShadowGlaciar|this way\n|c|\u2606Kingjay1w2|i know your plan even b4 u knew it\n|\n|t:|1695166908\n|move|p1a: Corviknight|Protect|p1a: Corviknight\n|-singleturn|p1a: Corviknight|Protect\n|move|p2a: Quagsire|Liquidation|p1a: Corviknight\n|-activate|p1a: Corviknight|move: Protect\n|\n|-heal|p2a: Quagsire|88/100|[from] item: Leftovers\n|upkeep\n|turn|44\n|c|\u2606ShadowGlaciar|save tsareena for garchomp?\n|c|\u2606ShadowGlaciar|i saved it for gastrodon dude\n|c|\u2606ShadowGlaciar|mabo just covers psychic\n|c|\u2606ShadowGlaciar|becoming a psychic, it covers dragon, fighting, dark if used play rough\n|c|\u2606ShadowGlaciar|i can cover a lot\n|c|\u2606ShadowGlaciar|with just mabostiff\n|\n|t:|1695166965\n|move|p1a: Corviknight|Brave Bird|p2a: Quagsire\n|-damage|p2a: Quagsire|56/100\n|-damage|p1a: Corviknight|0 fnt|[from] Recoil\n|faint|p1a: Corviknight\n|move|p2a: Quagsire|Liquidation|p1: Corviknight|[notarget]\n|-fail|p2a: Quagsire\n|\n|-heal|p2a: Quagsire|62/100|[from] item: Leftovers\n|upkeep\n|c|\u2606Kingjay1w2|make your play\n|\n|t:|1695166973\n|switch|p1a: Garchomp|Garchomp, M|84/100\n|turn|45\n|c|\u2606ShadowGlaciar|i dont mean to be salty\n|c|\u2606ShadowGlaciar|BUT DYING BY RECOIL\n|c|\u2606ShadowGlaciar|THE ABSOLUTE UNLUCK\n|c|\u2606Kingjay1w2|crit please\n|\n|t:|1695166988\n|move|p1a: Garchomp|Dragon Claw|p2a: Quagsire\n|-damage|p2a: Quagsire|32/100\n|move|p2a: Quagsire|Yawn|p1a: Garchomp\n|-start|p1a: Garchomp|move: Yawn|[of] p2a: Quagsire\n|\n|-heal|p2a: Quagsire|39/100|[from] item: Leftovers\n|upkeep\n|turn|46\n|c|\u2606ShadowGlaciar|:P\n|\n|t:|1695167001\n|move|p1a: Garchomp|Dragon Claw|p2a: Quagsire\n|-damage|p2a: Quagsire|11/100\n|move|p2a: Quagsire|Recover|p2a: Quagsire\n|-heal|p2a: Quagsire|61/100\n|\n|-heal|p2a: Quagsire|67/100|[from] item: Leftovers\n|-end|p1a: Garchomp|move: Yawn|[silent]\n|-status|p1a: Garchomp|slp\n|upkeep\n|turn|47\n|c|\u2606Kingjay1w2|AHHHHHHHGHHHHHHHHHHHHHHHHHHHHHHH\n|\n|t:|1695167020\n|cant|p1a: Garchomp|slp\n|move|p2a: Quagsire|Liquidation|p1a: Garchomp\n|-damage|p1a: Garchomp|70/100 slp\n|-unboost|p1a: Garchomp|def|1\n|-damage|p2a: Quagsire|55/100|[from] ability: Rough Skin|[of] p1a: Garchomp\n|\n|-heal|p2a: Quagsire|61/100|[from] item: Leftovers\n|upkeep\n|turn|48\n|c|\u2606Kingjay1w2|WAIT YES\n|c|\u2606ShadowGlaciar|I THINK THIS IS THE FIRST TIME IVE EVER BEEN 3-1 IN A OU BATTLE BEFORE\n|\n|t:|1695167042\n|-curestatus|p1a: Garchomp|slp|[msg]\n|move|p1a: Garchomp|Earth Power|p2a: Quagsire\n|-damage|p2a: Quagsire|26/100\n|move|p2a: Quagsire|Recover|p2a: Quagsire\n|-heal|p2a: Quagsire|76/100\n|\n|-heal|p2a: Quagsire|82/100|[from] item: Leftovers\n|upkeep\n|turn|49\n|\n|t:|1695167051\n|move|p1a: Garchomp|Crunch|p2a: Quagsire\n|-damage|p2a: Quagsire|63/100\n|move|p2a: Quagsire|Liquidation|p1a: Garchomp\n|-damage|p1a: Garchomp|55/100\n|-unboost|p1a: Garchomp|def|1\n|-damage|p2a: Quagsire|51/100|[from] ability: Rough Skin|[of] p1a: Garchomp\n|\n|-heal|p2a: Quagsire|57/100|[from] item: Leftovers\n|upkeep\n|turn|50\n|\n|t:|1695167061\n|move|p1a: Garchomp|Crunch|p2a: Quagsire\n|-damage|p2a: Quagsire|38/100\n|move|p2a: Quagsire|Liquidation|p1a: Garchomp\n|-damage|p1a: Garchomp|39/100\n|-damage|p2a: Quagsire|26/100|[from] ability: Rough Skin|[of] p1a: Garchomp\n|\n|-heal|p2a: Quagsire|32/100|[from] item: Leftovers\n|upkeep\n|turn|51\n|c|\u2606ShadowGlaciar|the defense is whats going to kill you\n|c|\u2606ShadowGlaciar|i mean\n|\n|t:|1695167069\n|move|p1a: Garchomp|Crunch|p2a: Quagsire\n|-crit|p2a: Quagsire\n|-damage|p2a: Quagsire|6/100\n|move|p2a: Quagsire|Yawn|p1a: Garchomp\n|-start|p1a: Garchomp|move: Yawn|[of] p2a: Quagsire\n|\n|-heal|p2a: Quagsire|12/100|[from] item: Leftovers\n|upkeep\n|turn|52\n|c|\u2606ShadowGlaciar|and this\n|c|\u2606ShadowGlaciar|ig\n|\n|t:|1695167078\n|move|p1a: Garchomp|Crunch|p2a: Quagsire\n|-damage|p2a: Quagsire|0 fnt\n|faint|p2a: Quagsire\n|\n|-end|p1a: Garchomp|move: Yawn|[silent]\n|-status|p1a: Garchomp|slp\n|upkeep\n|\n|t:|1695167082\n|switch|p2a: Tsareena|Tsareena, F|77/100\n|turn|53\n|c|\u2606Kingjay1w2|YESSSSSSSSSSS\n|c|\u2606ShadowGlaciar|AND IN TURN 53\n|c|\u2606ShadowGlaciar|GARCHOMP SUFFERS A LOSS\n|c|\u2606Kingjay1w2|I DO NOT WANT TO WIN\n|c|\u2606Kingjay1w2|I JUST WANTED THAT THING DEAD\n|c|\u2606ShadowGlaciar|i am still going to enjoy the hell out of this\n|\n|t:|1695167121\n|-terastallize|p2a: Tsareena|Grass\n|cant|p1a: Garchomp|slp\n|move|p2a: Tsareena|Trop Kick|p1a: Garchomp\n|-damage|p1a: Garchomp|0 fnt\n|-damage|p2a: Tsareena|64/100|[from] ability: Rough Skin|[of] p1a: Garchomp\n|faint|p1a: Garchomp\n|\n|win|ShadowGlaciar\n|c|\u2606ShadowGlaciar|ITS NOT DEAD\n|c|\u2606ShadowGlaciar|HAHAHA\n|c|\u2606Kingjay1w2|O7\n", "uploadtime": 1695167134, "views": 1, "p1id": "kingjay1w2", "p2id": "shadowglaciar", "formatid": "gen9ou", "rating": 0, "private": 0, "password": ""}