{"id": "gen9ou-1947596473", "p1": "Dr. Drake6782", "p2": "MarisaStoleMySTAB", "format": "gen9ou", "log": "|j|\u2606Dr. Drake6782\n|j|\u2606MarisaStoleMySTAB\n|t:|1695176198\n|gametype|singles\n|player|p1|Dr. Drake6782|hilbert-masters|1624\n|player|p2|MarisaStoleMySTAB|roxie|1550\n|teamsize|p1|6\n|teamsize|p2|6\n|gen|9\n|tier|[Gen 9] OU\n|rated|\n|rule|Sleep Clause Mod: Limit one foe put to sleep\n|rule|Species Clause: Limit one of each Pok\u00e9mon\n|rule|OHKO Clause: OHKO moves are banned\n|rule|Evasion Items Clause: Evasion items are banned\n|rule|Evasion Moves Clause: Evasion moves are banned\n|rule|Endless Battle Clause: Forcing endless battles is banned\n|rule|HP Percentage Mod: HP is shown in percentages\n|clearpoke\n|poke|p1|Kingambit, M|\n|poke|p1|Glimmora, M|\n|poke|p1|Zamazenta-*|\n|poke|p1|Iron Valiant|\n|poke|p1|Iron Moth|\n|poke|p1|Ogerpon-Wellspring, F|\n|poke|p2|Great Tusk|\n|poke|p2|Iron Valiant|\n|poke|p2|Ogerpon-Hearthflame, F|\n|poke|p2|Grimmsnarl, M|\n|poke|p2|Kingambit, M|\n|poke|p2|Enamorus-Therian, F|\n|teampreview\n|inactive|Battle timer is ON: inactive players will automatically lose when time's up. (requested by Dr. Drake6782)\n|\n|t:|1695176212\n|start\n|switch|p1a: Glimmora|Glimmora, M|100/100\n|switch|p2a: Enamorus|Enamorus-Therian, F|100/100\n|turn|1\n|\n|t:|1695176219\n|move|p1a: Glimmora|Mortal Spin|p2a: Enamorus\n|-supereffective|p2a: Enamorus\n|-damage|p2a: Enamorus|90/100\n|move|p2a: Enamorus|Calm Mind|p2a: Enamorus\n|-boost|p2a: Enamorus|spa|1\n|-boost|p2a: Enamorus|spd|1\n|\n|upkeep\n|turn|2\n|\n|t:|1695176234\n|move|p1a: Glimmora|Power Gem|p2a: Enamorus\n|-supereffective|p2a: Enamorus\n|-damage|p2a: Enamorus|48/100\n|move|p2a: Enamorus|Calm Mind|p2a: Enamorus\n|-boost|p2a: Enamorus|spa|1\n|-boost|p2a: Enamorus|spd|1\n|\n|upkeep\n|turn|3\n|\n|t:|1695176244\n|-terastallize|p2a: Enamorus|Ground\n|move|p1a: Glimmora|Power Gem|p2a: Enamorus\n|-resisted|p2a: Enamorus\n|-damage|p2a: Enamorus|41/100\n|move|p2a: Enamorus|Draining Kiss|p1a: Glimmora\n|-resisted|p1a: Glimmora\n|-damage|p1a: Glimmora|68/100\n|-heal|p2a: Enamorus|62/100|[from] drain|[of] p1a: Glimmora\n|\n|upkeep\n|turn|4\n|\n|t:|1695176254\n|move|p1a: Glimmora|Mortal Spin|p2a: Enamorus\n|-resisted|p2a: Enamorus\n|-crit|p2a: Enamorus\n|-damage|p2a: Enamorus|57/100\n|move|p2a: Enamorus|Draining Kiss|p1a: Glimmora\n|-resisted|p1a: Glimmora\n|-damage|p1a: Glimmora|34/100\n|-heal|p2a: Enamorus|79/100|[from] drain|[of] p1a: Glimmora\n|\n|upkeep\n|turn|5\n|\n|t:|1695176263\n|move|p1a: Glimmora|Stealth Rock|p2a: Enamorus\n|-sidestart|p2: MarisaStoleMySTAB|move: Stealth Rock\n|move|p2a: Enamorus|Calm Mind|p2a: Enamorus\n|-boost|p2a: Enamorus|spa|1\n|-boost|p2a: Enamorus|spd|1\n|\n|upkeep\n|turn|6\n|\n|t:|1695176274\n|move|p1a: Glimmora|Earth Power|p2a: Enamorus\n|-crit|p2a: Enamorus\n|-damage|p2a: Enamorus|45/100\n|move|p2a: Enamorus|Calm Mind|p2a: Enamorus\n|-boost|p2a: Enamorus|spa|1\n|-boost|p2a: Enamorus|spd|1\n|\n|upkeep\n|turn|7\n|\n|t:|1695176282\n|move|p1a: Glimmora|Earth Power|p2a: Enamorus\n|-damage|p2a: Enamorus|37/100\n|move|p2a: Enamorus|Iron Defense|p2a: Enamorus\n|-boost|p2a: Enamorus|def|2\n|\n|upkeep\n|turn|8\n|\n|t:|1695176292\n|switch|p1a: Ogerpon|Ogerpon-Wellspring, F, shiny|100/100\n|move|p2a: Enamorus|Draining Kiss|p1a: Ogerpon\n|-damage|p1a: Ogerpon|24/100\n|-heal|p2a: Enamorus|86/100|[from] drain|[of] p1a: Ogerpon\n|\n|upkeep\n|turn|9\n|\n|t:|1695176308\n|-terastallize|p1a: Ogerpon|Water\n|detailschange|p1a: Ogerpon|Ogerpon-Wellspring-Tera, F, shiny, tera:Water\n|-ability|p1a: Ogerpon|Embody Aspect (Wellspring)|boost\n|-boost|p1a: Ogerpon|spd|1\n|move|p1a: Ogerpon|Ivy Cudgel|p2a: Enamorus\n|-supereffective|p2a: Enamorus\n|-damage|p2a: Enamorus|14/100\n|move|p2a: Enamorus|Draining Kiss|p1a: Ogerpon\n|-damage|p1a: Ogerpon|0 fnt\n|-heal|p2a: Enamorus|29/100|[from] drain|[of] p1a: Ogerpon\n|faint|p1a: Ogerpon\n|\n|upkeep\n|\n|t:|1695176320\n|switch|p1a: Zamazenta|Zamazenta, shiny|100/100\n|-ability|p1a: Zamazenta|Dauntless Shield|boost\n|-boost|p1a: Zamazenta|def|1\n|turn|10\n|\n|t:|1695176344\n|move|p1a: Zamazenta|Body Press|p2a: Enamorus\n|-crit|p2a: Enamorus\n|-damage|p2a: Enamorus|0 fnt\n|faint|p2a: Enamorus\n|\n|upkeep\n|\n|t:|1695176351\n|switch|p2a: Iron Enby|Iron Valiant|100/100\n|-damage|p2a: Iron Enby|94/100|[from] Stealth Rock\n|-enditem|p2a: Iron Enby|Booster Energy\n|-activate|p2a: Iron Enby|ability: Quark Drive|[fromitem]\n|-start|p2a: Iron Enby|quarkdrivespe\n|turn|11\n|\n|t:|1695176355\n|switch|p1a: Glimmora|Glimmora, M|34/100\n|move|p2a: Iron Enby|Calm Mind|p2a: Iron Enby\n|-boost|p2a: Iron Enby|spa|1\n|-boost|p2a: Iron Enby|spd|1\n|\n|upkeep\n|turn|12\n|\n|t:|1695176358\n|move|p2a: Iron Enby|Aura Sphere|p1a: Glimmora\n|-damage|p1a: Glimmora|0 fnt\n|faint|p1a: Glimmora\n|\n|upkeep\n|\n|t:|1695176360\n|switch|p1a: Iron Moth|Iron Moth|100/100\n|-enditem|p1a: Iron Moth|Booster Energy\n|-activate|p1a: Iron Moth|ability: Quark Drive|[fromitem]\n|-start|p1a: Iron Moth|quarkdrivespe\n|turn|13\n|\n|t:|1695176366\n|move|p2a: Iron Enby|Thunderbolt|p1a: Iron Moth\n|-damage|p1a: Iron Moth|51/100\n|move|p1a: Iron Moth|Sludge Wave|p2a: Iron Enby\n|-supereffective|p2a: Iron Enby\n|-damage|p2a: Iron Enby|0 fnt\n|faint|p2a: Iron Enby\n|-end|p2a: Iron Enby|Quark Drive|[silent]\n|\n|upkeep\n|\n|t:|1695176373\n|switch|p2a: \u00d2w\u00d3|Great Tusk|100/100\n|-damage|p2a: \u00d2w\u00d3|98/100|[from] Stealth Rock\n|-enditem|p2a: \u00d2w\u00d3|Booster Energy\n|-activate|p2a: \u00d2w\u00d3|ability: Protosynthesis|[fromitem]\n|-start|p2a: \u00d2w\u00d3|protosynthesisspe\n|turn|14\n|\n|t:|1695176376\n|move|p1a: Iron Moth|Dazzling Gleam|p2a: \u00d2w\u00d3\n|-supereffective|p2a: \u00d2w\u00d3\n|-damage|p2a: \u00d2w\u00d3|37/100\n|move|p2a: \u00d2w\u00d3|Rapid Spin|p1a: Iron Moth\n|-damage|p1a: Iron Moth|30/100\n|-boost|p2a: \u00d2w\u00d3|spe|1\n|-sideend|p2: MarisaStoleMySTAB|Stealth Rock|[from] move: Rapid Spin|[of] p2a: \u00d2w\u00d3\n|\n|upkeep\n|turn|15\n|\n|t:|1695176389\n|move|p2a: \u00d2w\u00d3|Earthquake|p1a: Iron Moth\n|-supereffective|p1a: Iron Moth\n|-damage|p1a: Iron Moth|0 fnt\n|faint|p1a: Iron Moth\n|-end|p1a: Iron Moth|Quark Drive|[silent]\n|\n|upkeep\n|\n|t:|1695176394\n|switch|p1a: Iron Valiant|Iron Valiant|100/100\n|-enditem|p1a: Iron Valiant|Booster Energy\n|-activate|p1a: Iron Valiant|ability: Quark Drive|[fromitem]\n|-start|p1a: Iron Valiant|quarkdrivespe\n|turn|16\n|inactive|MarisaStoleMySTAB has 120 seconds left.\n|\n|t:|1695176427\n|move|p2a: \u00d2w\u00d3|Earthquake|p1a: Iron Valiant\n|-damage|p1a: Iron Valiant|46/100\n|move|p1a: Iron Valiant|Moonblast|p2a: \u00d2w\u00d3\n|-supereffective|p2a: \u00d2w\u00d3\n|-damage|p2a: \u00d2w\u00d3|0 fnt\n|faint|p2a: \u00d2w\u00d3\n|-end|p2a: \u00d2w\u00d3|Protosynthesis|[silent]\n|\n|upkeep\n|\n|t:|1695176431\n|switch|p2a: Troll|Grimmsnarl, M|100/100\n|turn|17\n|\n|t:|1695176434\n|move|p2a: Troll|Light Screen|p2a: Troll\n|-sidestart|p2: MarisaStoleMySTAB|move: Light Screen\n|move|p1a: Iron Valiant|Moonblast|p2a: Troll\n|-supereffective|p2a: Troll\n|-damage|p2a: Troll|68/100\n|\n|upkeep\n|turn|18\n|\n|t:|1695176438\n|move|p1a: Iron Valiant|Moonblast|p2a: Troll\n|-supereffective|p2a: Troll\n|-damage|p2a: Troll|33/100\n|move|p2a: Troll|Spirit Break|p1a: Iron Valiant\n|-supereffective|p1a: Iron Valiant\n|-damage|p1a: Iron Valiant|0 fnt\n|faint|p1a: Iron Valiant\n|-end|p1a: Iron Valiant|Quark Drive|[silent]\n|\n|upkeep\n|\n|t:|1695176449\n|switch|p1a: Kingambit|Kingambit, M|100/100\n|-activate|p1a: Kingambit|ability: Supreme Overlord\n|-start|p1a: Kingambit|fallen4|[silent]\n|turn|19\n|\n|t:|1695176460\n|move|p2a: Troll|Reflect|p2a: Troll\n|-sidestart|p2: MarisaStoleMySTAB|Reflect\n|move|p1a: Kingambit|Swords Dance|p1a: Kingambit\n|-boost|p1a: Kingambit|atk|2\n|\n|upkeep\n|turn|20\n|\n|t:|1695176476\n|switch|p2a: Kingambit|Kingambit, M|100/100\n|-activate|p2a: Kingambit|ability: Supreme Overlord\n|-start|p2a: Kingambit|fallen3|[silent]\n|move|p1a: Kingambit|Iron Head|p2a: Kingambit\n|-resisted|p2a: Kingambit\n|-damage|p2a: Kingambit|73/100\n|\n|upkeep\n|turn|21\n|\n|t:|1695176487\n|move|p1a: Kingambit|Kowtow Cleave|p2a: Kingambit\n|-resisted|p2a: Kingambit\n|-damage|p2a: Kingambit|42/100\n|move|p2a: Kingambit|Low Kick|p1a: Kingambit\n|-supereffective|p1a: Kingambit\n|-damage|p1a: Kingambit|0 fnt\n|faint|p1a: Kingambit\n|-end|p1a: Kingambit|fallen4|[silent]\n|\n|upkeep\n|\n|t:|1695176506\n|switch|p1a: Zamazenta|Zamazenta, shiny|100/100\n|turn|22\n|\n|t:|1695176526\n|-end|p2a: Kingambit|fallen3|[silent]\n|switch|p2a: Skrungly|Ogerpon-Hearthflame, F|100/100\n|-ability|p2a: Skrungly|Mold Breaker\n|move|p1a: Zamazenta|Iron Defense|p1a: Zamazenta\n|-boost|p1a: Zamazenta|def|2\n|\n|upkeep\n|turn|23\n|\n|t:|1695176534\n|move|p1a: Zamazenta|Body Press|p2a: Skrungly\n|-damage|p2a: Skrungly|59/100\n|move|p2a: Skrungly|Swords Dance|p2a: Skrungly\n|-boost|p2a: Skrungly|atk|2\n|\n|upkeep\n|turn|24\n|\n|t:|1695176542\n|move|p1a: Zamazenta|Body Press|p2a: Skrungly\n|-damage|p2a: Skrungly|15/100\n|move|p2a: Skrungly|Trailblaze|p1a: Zamazenta\n|-damage|p1a: Zamazenta|74/100\n|-boost|p2a: Skrungly|spe|1\n|\n|-heal|p1a: Zamazenta|80/100|[from] item: Leftovers\n|-sideend|p2: MarisaStoleMySTAB|move: Light Screen\n|upkeep\n|turn|25\n|\n|t:|1695176551\n|move|p2a: Skrungly|Ivy Cudgel|p1a: Zamazenta\n|-damage|p1a: Zamazenta|29/100\n|move|p1a: Zamazenta|Body Press|p2a: Skrungly\n|-damage|p2a: Skrungly|0 fnt\n|faint|p2a: Skrungly\n|\n|-heal|p1a: Zamazenta|36/100|[from] item: Leftovers\n|upkeep\n|\n|t:|1695176556\n|switch|p2a: Troll|Grimmsnarl, M|33/100\n|turn|26\n|\n|t:|1695176558\n|move|p1a: Zamazenta|Body Press|p2a: Troll\n|-damage|p2a: Troll|0 fnt\n|faint|p2a: Troll\n|\n|-heal|p1a: Zamazenta|42/100|[from] item: Leftovers\n|-sideend|p2: MarisaStoleMySTAB|Reflect\n|upkeep\n|\n|t:|1695176560\n|switch|p2a: Kingambit|Kingambit, M|42/100\n|-activate|p2a: Kingambit|ability: Supreme Overlord\n|-start|p2a: Kingambit|fallen5|[silent]\n|turn|27\n|\n|t:|1695176562\n|move|p1a: Zamazenta|Body Press|p2a: Kingambit\n|-supereffective|p2a: Kingambit\n|-damage|p2a: Kingambit|0 fnt\n|faint|p2a: Kingambit\n|-end|p2a: Kingambit|fallen5|[silent]\n|\n|win|Dr. Drake6782\n|raw|Dr. Drake6782's rating: 1646 &rarr; <strong>1661</strong><br />(+15 for winning)\n|raw|MarisaStoleMySTAB's rating: 1550 &rarr; <strong>1535</strong><br />(-15 for losing)\n", "uploadtime": 1695176566, "views": 1, "p1id": "drdrake6782", "p2id": "marisastolemystab", "formatid": "gen9ou", "rating": 1535, "private": 0, "password": ""}