{"id": "gen9ou-1947650043", "p1": "Ladder Lady Janie", "p2": "LHMMO", "format": "gen9ou", "log": "|j|\u2606Ladder Lady Janie\n|j|\u2606LHMMO\n|t:|1695182019\n|gametype|singles\n|player|p1|Ladder Lady Janie|lady-gen4|1040\n|player|p2|LHMMO|cynthia|1090\n|teamsize|p1|6\n|teamsize|p2|6\n|gen|9\n|tier|[Gen 9] OU\n|rated|\n|rule|Sleep Clause Mod: Limit one foe put to sleep\n|rule|Species Clause: Limit one of each Pok\u00e9mon\n|rule|OHKO Clause: OHKO moves are banned\n|rule|Evasion Items Clause: Evasion items are banned\n|rule|Evasion Moves Clause: Evasion moves are banned\n|rule|Endless Battle Clause: Forcing endless battles is banned\n|rule|HP Percentage Mod: HP is shown in percentages\n|clearpoke\n|poke|p1|Arbok, M|\n|poke|p1|Garganacl, M|\n|poke|p1|Tyranitar, M|\n|poke|p1|Corviknight, M|\n|poke|p1|Sandslash, M|\n|poke|p1|Rotom-Mow|\n|poke|p2|Dragapult, M|\n|poke|p2|Glimmora, M|\n|poke|p2|Cresselia, F|\n|poke|p2|Clefable, M|\n|poke|p2|Rotom-Wash|\n|poke|p2|Amoonguss, F|\n|teampreview\n|c|\u2606Ladder Lady Janie|Glhf\n|\n|t:|1695182037\n|start\n|switch|p1a: Rotom|Rotom-Mow|100/100\n|switch|p2a: Glimmora|Glimmora, M|100/100\n|turn|1\n|\n|t:|1695182049\n|switch|p2a: Rotom|Rotom-Wash|100/100\n|move|p1a: Rotom|Volt Switch|p2a: Rotom\n|-damage|p2a: Rotom|65/100\n|\n|t:|1695182061\n|switch|p1a: Arbok|Arbok, M|100/100|[from] Volt Switch\n|-ability|p1a: Arbok|Intimidate|boost\n|-unboost|p2a: Rotom|atk|1\n|\n|upkeep\n|turn|2\n|\n|t:|1695182069\n|move|p2a: Rotom|Trick|p1a: Arbok\n|-activate|p2a: Rotom|move: Trick|[of] p1a: Arbok\n|-item|p1a: Arbok|Choice Scarf|[from] move: Trick\n|-item|p2a: Rotom|Shuca Berry|[from] move: Trick\n|move|p1a: Arbok|Toxic|p2a: Rotom\n|-status|p2a: Rotom|tox\n|\n|-damage|p2a: Rotom|58/100 tox|[from] psn\n|upkeep\n|turn|3\n|\n|t:|1695182083\n|switch|p1a: Rotom|Rotom-Mow|100/100\n|move|p2a: Rotom|Will-O-Wisp|p1a: Rotom\n|-status|p1a: Rotom|brn\n|\n|-damage|p2a: Rotom|46/100 tox|[from] psn\n|-damage|p1a: Rotom|94/100 brn|[from] brn\n|upkeep\n|turn|4\n|\n|t:|1695182092\n|move|p1a: Rotom|Volt Switch|p2a: Rotom\n|-damage|p2a: Rotom|14/100 tox\n|\n|t:|1695182098\n|switch|p1a: Tyranitar|Tyranitar, M|100/100|[from] Volt Switch\n|-weather|Sandstorm|[from] ability: Sand Stream|[of] p1a: Tyranitar\n|move|p2a: Rotom|Hex|p1a: Tyranitar\n|-resisted|p1a: Tyranitar\n|-damage|p1a: Tyranitar|97/100\n|\n|-weather|Sandstorm|[upkeep]\n|-damage|p2a: Rotom|8/100 tox|[from] Sandstorm\n|-damage|p2a: Rotom|0 fnt|[from] psn\n|faint|p2a: Rotom\n|upkeep\n|\n|t:|1695182106\n|switch|p2a: Glimmora|Glimmora, M|100/100\n|turn|5\n|\n|t:|1695182123\n|switch|p1a: Corviknight|Corviknight, M|100/100\n|move|p2a: Glimmora|Stealth Rock|p1a: Corviknight\n|-sidestart|p1: Ladder Lady Janie|move: Stealth Rock\n|\n|-weather|Sandstorm|[upkeep]\n|upkeep\n|turn|6\n|\n|t:|1695182130\n|move|p2a: Glimmora|Spikes|p1a: Corviknight\n|-sidestart|p1: Ladder Lady Janie|Spikes\n|move|p1a: Corviknight|Bulk Up|p1a: Corviknight\n|-boost|p1a: Corviknight|atk|1\n|-boost|p1a: Corviknight|def|1\n|\n|-weather|Sandstorm|[upkeep]\n|upkeep\n|turn|7\n|\n|t:|1695182139\n|move|p2a: Glimmora|Memento|p1a: Corviknight\n|-ability|p1a: Corviknight|Mirror Armor\n|-unboost|p2a: Glimmora|atk|2\n|-ability|p1a: Corviknight|Mirror Armor\n|-unboost|p2a: Glimmora|spa|2\n|faint|p2a: Glimmora\n|move|p1a: Corviknight|Bulk Up|p1a: Corviknight\n|-boost|p1a: Corviknight|atk|1\n|-boost|p1a: Corviknight|def|1\n|\n|-weather|Sandstorm|[upkeep]\n|upkeep\n|\n|t:|1695182151\n|switch|p2a: Cresselia|Cresselia, F, shiny|100/100\n|turn|8\n|\n|t:|1695182157\n|move|p2a: Cresselia|Calm Mind|p2a: Cresselia\n|-boost|p2a: Cresselia|spa|1\n|-boost|p2a: Cresselia|spd|1\n|move|p1a: Corviknight|Iron Head|p2a: Cresselia\n|-damage|p2a: Cresselia|63/100\n|\n|-weather|Sandstorm|[upkeep]\n|-damage|p2a: Cresselia|57/100|[from] Sandstorm\n|upkeep\n|turn|9\n|\n|t:|1695182169\n|switch|p1a: Sandslash|Sandslash, M|100/100\n|-damage|p1a: Sandslash|94/100|[from] Stealth Rock\n|-damage|p1a: Sandslash|82/100|[from] Spikes\n|move|p2a: Cresselia|Moonlight|p2a: Cresselia\n|-heal|p2a: Cresselia|82/100\n|\n|-weather|Sandstorm|[upkeep]\n|-damage|p2a: Cresselia|75/100|[from] Sandstorm\n|upkeep\n|turn|10\n|\n|t:|1695182173\n|move|p1a: Sandslash|Knock Off|p2a: Cresselia\n|-supereffective|p2a: Cresselia\n|-damage|p2a: Cresselia|31/100\n|-enditem|p2a: Cresselia|Mental Herb|[from] move: Knock Off|[of] p1a: Sandslash\n|move|p2a: Cresselia|Calm Mind|p2a: Cresselia\n|-boost|p2a: Cresselia|spa|1\n|-boost|p2a: Cresselia|spd|1\n|\n|-weather|Sandstorm|[upkeep]\n|-damage|p2a: Cresselia|25/100|[from] Sandstorm\n|upkeep\n|turn|11\n|\n|t:|1695182181\n|move|p1a: Sandslash|Knock Off|p2a: Cresselia\n|-supereffective|p2a: Cresselia\n|-damage|p2a: Cresselia|0 fnt\n|faint|p2a: Cresselia\n|\n|-weather|none\n|upkeep\n|\n|t:|1695182184\n|switch|p2a: Dragapult|Dragapult, M|100/100\n|turn|12\n|\n|t:|1695182189\n|switch|p1a: Tyranitar|Tyranitar, M|97/100\n|-damage|p1a: Tyranitar|84/100|[from] Stealth Rock\n|-damage|p1a: Tyranitar|72/100|[from] Spikes\n|-weather|Sandstorm|[from] ability: Sand Stream|[of] p1a: Tyranitar\n|move|p2a: Dragapult|Reflect|p2a: Dragapult\n|-sidestart|p2: LHMMO|Reflect\n|\n|-weather|Sandstorm|[upkeep]\n|-damage|p2a: Dragapult|94/100|[from] Sandstorm\n|upkeep\n|turn|13\n|\n|t:|1695182194\n|move|p2a: Dragapult|Light Screen|p2a: Dragapult\n|-sidestart|p2: LHMMO|move: Light Screen\n|move|p1a: Tyranitar|Knock Off|p2a: Dragapult\n|-supereffective|p2a: Dragapult\n|-damage|p2a: Dragapult|37/100\n|-start|p1a: Tyranitar|Disable|Knock Off|[from] ability: Cursed Body|[of] p2a: Dragapult\n|-enditem|p2a: Dragapult|Light Clay|[from] move: Knock Off|[of] p1a: Tyranitar\n|\n|-weather|Sandstorm|[upkeep]\n|-damage|p2a: Dragapult|30/100|[from] Sandstorm\n|upkeep\n|turn|14\n|\n|t:|1695182200\n|move|p2a: Dragapult|Curse|p1a: Tyranitar\n|-start|p1a: Tyranitar|Curse|[of] p2a: Dragapult\n|-damage|p2a: Dragapult|0 fnt\n|faint|p2a: Dragapult\n|move|p1a: Tyranitar|Ice Punch|p2: Dragapult|[notarget]\n|-fail|p1a: Tyranitar\n|\n|-weather|Sandstorm|[upkeep]\n|-damage|p1a: Tyranitar|47/100|[from] Curse\n|upkeep\n|\n|t:|1695182210\n|switch|p2a: Clefable|Clefable, M|100/100\n|turn|15\n|\n|t:|1695182217\n|move|p1a: Tyranitar|Rock Slide|p2a: Clefable\n|-damage|p2a: Clefable|84/100\n|move|p2a: Clefable|Cosmic Power|p2a: Clefable\n|-boost|p2a: Clefable|def|1\n|-boost|p2a: Clefable|spd|1\n|\n|-weather|Sandstorm|[upkeep]\n|-damage|p1a: Tyranitar|22/100|[from] Curse\n|upkeep\n|turn|16\n|\n|t:|1695182221\n|move|p1a: Tyranitar|Rock Slide|p2a: Clefable\n|-damage|p2a: Clefable|72/100\n|cant|p2a: Clefable|flinch\n|\n|-weather|Sandstorm|[upkeep]\n|-damage|p1a: Tyranitar|0 fnt|[from] Curse\n|faint|p1a: Tyranitar\n|upkeep\n|\n|t:|1695182236\n|switch|p1a: Garganacl|Garganacl, M|100/100\n|-damage|p1a: Garganacl|88/100|[from] Stealth Rock\n|-damage|p1a: Garganacl|76/100|[from] Spikes\n|turn|17\n|\n|t:|1695182244\n|move|p2a: Clefable|Cosmic Power|p2a: Clefable\n|-boost|p2a: Clefable|def|1\n|-boost|p2a: Clefable|spd|1\n|move|p1a: Garganacl|Salt Cure|p2a: Clefable\n|-damage|p2a: Clefable|69/100\n|-start|p2a: Clefable|Salt Cure\n|\n|-weather|Sandstorm|[upkeep]\n|-heal|p1a: Garganacl|82/100|[from] item: Leftovers\n|upkeep\n|turn|18\n|\n|t:|1695182253\n|move|p2a: Clefable|Cosmic Power|p2a: Clefable\n|-boost|p2a: Clefable|def|1\n|-boost|p2a: Clefable|spd|1\n|move|p1a: Garganacl|Stealth Rock|p2a: Clefable\n|-sidestart|p2: LHMMO|move: Stealth Rock\n|\n|-weather|Sandstorm|[upkeep]\n|-heal|p1a: Garganacl|88/100|[from] item: Leftovers\n|upkeep\n|turn|19\n|\n|t:|1695182264\n|switch|p1a: Rotom|Rotom-Mow|94/100 brn\n|-damage|p1a: Rotom|82/100 brn|[from] Stealth Rock\n|move|p2a: Clefable|Moonlight|p2a: Clefable\n|-heal|p2a: Clefable|94/100\n|\n|-weather|none\n|-damage|p1a: Rotom|76/100 brn|[from] brn\n|-sideend|p2: LHMMO|Reflect\n|upkeep\n|turn|20\n|\n|t:|1695182282\n|move|p1a: Rotom|Trick|p2a: Clefable\n|-activate|p1a: Rotom|move: Trick|[of] p2a: Clefable\n|-item|p2a: Clefable|Choice Scarf|[from] move: Trick\n|-item|p1a: Rotom|Life Orb|[from] move: Trick\n|move|p2a: Clefable|Cosmic Power|p2a: Clefable\n|-boost|p2a: Clefable|def|1\n|-boost|p2a: Clefable|spd|1\n|\n|-damage|p1a: Rotom|70/100 brn|[from] brn\n|-sideend|p2: LHMMO|move: Light Screen\n|upkeep\n|turn|21\n|\n|t:|1695182290\n|switch|p2a: Amoonguss|Amoonguss, F|100/100\n|-damage|p2a: Amoonguss|88/100|[from] Stealth Rock\n|move|p1a: Rotom|Discharge|p2a: Amoonguss\n|-resisted|p2a: Amoonguss\n|-damage|p2a: Amoonguss|66/100\n|-enditem|p2a: Amoonguss|Red Card|[of] p1a: Rotom\n|drag|p1a: Arbok|Arbok, M|100/100\n|-damage|p1a: Arbok|88/100|[from] Stealth Rock\n|-damage|p1a: Arbok|76/100|[from] Spikes\n|-ability|p1a: Arbok|Intimidate|boost\n|-unboost|p2a: Amoonguss|atk|1\n|\n|upkeep\n|turn|22\n|-message|LHMMO forfeited.\n|\n|win|Ladder Lady Janie\n|raw|Ladder Lady Janie's rating: 1040 &rarr; <strong>1079</strong><br />(+39 for winning)\n|raw|LHMMO's rating: 1090 &rarr; <strong>1063</strong><br />(-27 for losing)\n|l|\u2606LHMMO\n", "uploadtime": 1695182303, "views": 3, "p1id": "ladderladyjanie", "p2id": "lhmmo", "formatid": "gen9ou", "rating": 1063, "private": 0, "password": ""}