{"id": "gen9ou-1947689378", "p1": "1met", "p2": "keykiko", "format": "gen9ou", "log": "|j|\u26061met\n|j|\u2606keykiko\n|t:|1695187433\n|gametype|singles\n|player|p1|1met|2|1263\n|player|p2|keykiko|lillie|1355\n|teamsize|p1|6\n|teamsize|p2|6\n|gen|9\n|tier|[Gen 9] OU\n|rated|\n|rule|Sleep Clause Mod: Limit one foe put to sleep\n|rule|Species Clause: Limit one of each Pok\u00e9mon\n|rule|OHKO Clause: OHKO moves are banned\n|rule|Evasion Items Clause: Evasion items are banned\n|rule|Evasion Moves Clause: Evasion moves are banned\n|rule|Endless Battle Clause: Forcing endless battles is banned\n|rule|HP Percentage Mod: HP is shown in percentages\n|clearpoke\n|poke|p1|Kingambit, F|\n|poke|p1|Glimmora, F|\n|poke|p1|Zamazenta-*|\n|poke|p1|Iron Valiant|\n|poke|p1|Iron Moth|\n|poke|p1|Ogerpon-Wellspring, F|\n|poke|p2|Rotom-Wash|\n|poke|p2|Roaring Moon|\n|poke|p2|Dragapult, M|\n|poke|p2|Torterra, M|\n|poke|p2|Hatterene, F|\n|poke|p2|Great Tusk|\n|teampreview\n|inactive|Battle timer is ON: inactive players will automatically lose when time's up. (requested by 1met)\n|inactive|keykiko has 120 seconds left.\n|l|\u2606keykiko\n|inactive|keykiko disconnected and has a minute to reconnect!\n|player|p2|\n|inactive|keykiko has 30 seconds to reconnect!\n|inactive|keykiko has 20 seconds to reconnect!\n|inactive|keykiko has 15 seconds to reconnect!\n|j|\u2606keykiko\n|inactive|keykiko reconnected and has 60 seconds left.\n|player|p2|keykiko|lillie\n|\n|t:|1695187543\n|start\n|switch|p1a: Glimmora|Glimmora, F|100/100\n|switch|p2a: \u6d17\u8863\u53ea\u56e0|Rotom-Wash|100/100\n|turn|1\n|\n|t:|1695187552\n|switch|p2a: \u5916\u5957\u80fd\u8131\u4e00\u4e0b\u5417|Hatterene, F|100/100\n|move|p1a: Glimmora|Stealth Rock|p2a: \u5916\u5957\u80fd\u8131\u4e00\u4e0b\u5417\n|move|p2a: \u5916\u5957\u80fd\u8131\u4e00\u4e0b\u5417|Stealth Rock|p1a: Glimmora|[from]ability: Magic Bounce\n|-sidestart|p1: 1met|move: Stealth Rock\n|\n|upkeep\n|turn|2\n|\n|t:|1695187560\n|move|p1a: Glimmora|Mortal Spin|p2a: \u5916\u5957\u80fd\u8131\u4e00\u4e0b\u5417\n|-supereffective|p2a: \u5916\u5957\u80fd\u8131\u4e00\u4e0b\u5417\n|-damage|p2a: \u5916\u5957\u80fd\u8131\u4e00\u4e0b\u5417|85/100\n|-status|p2a: \u5916\u5957\u80fd\u8131\u4e00\u4e0b\u5417|psn\n|-sideend|p1: 1met|Stealth Rock|[from] move: Mortal Spin|[of] p1a: Glimmora\n|move|p2a: \u5916\u5957\u80fd\u8131\u4e00\u4e0b\u5417|Psychic|p1a: Glimmora\n|-supereffective|p1a: Glimmora\n|-enditem|p1a: Glimmora|Focus Sash\n|-damage|p1a: Glimmora|1/100\n|\n|-heal|p2a: \u5916\u5957\u80fd\u8131\u4e00\u4e0b\u5417|91/100 psn|[from] item: Leftovers\n|-damage|p2a: \u5916\u5957\u80fd\u8131\u4e00\u4e0b\u5417|79/100 psn|[from] psn\n|upkeep\n|turn|3\n|\n|t:|1695187568\n|switch|p1a: Kingambit|Kingambit, F|100/100\n|move|p2a: \u5916\u5957\u80fd\u8131\u4e00\u4e0b\u5417|Draining Kiss|p1a: Kingambit\n|-damage|p1a: Kingambit|71/100\n|-heal|p2a: \u5916\u5957\u80fd\u8131\u4e00\u4e0b\u5417|100/100 psn|[from] drain|[of] p1a: Kingambit\n|\n|-damage|p2a: \u5916\u5957\u80fd\u8131\u4e00\u4e0b\u5417|88/100 psn|[from] psn\n|upkeep\n|turn|4\n|\n|t:|1695187581\n|switch|p2a: \u6d17\u8863\u53ea\u56e0|Rotom-Wash|100/100\n|move|p1a: Kingambit|Swords Dance|p1a: Kingambit\n|-boost|p1a: Kingambit|atk|2\n|\n|upkeep\n|turn|5\n|\n|t:|1695187600\n|-end|p1a: Kingambit|fallenundefined|[silent]\n|switch|p1a: Glimmora|Glimmora, F|1/100\n|move|p2a: \u6d17\u8863\u53ea\u56e0|Will-O-Wisp|p1a: Glimmora\n|-status|p1a: Glimmora|brn\n|\n|-damage|p1a: Glimmora|0 fnt|[from] brn\n|faint|p1a: Glimmora\n|upkeep\n|\n|t:|1695187607\n|switch|p1a: Ogerpon|Ogerpon-Wellspring, F|100/100\n|turn|6\n|inactive|keykiko has 120 seconds left.\n|\n|t:|1695187640\n|move|p1a: Ogerpon|Power Whip|p2a: \u6d17\u8863\u53ea\u56e0\n|-supereffective|p2a: \u6d17\u8863\u53ea\u56e0\n|-damage|p2a: \u6d17\u8863\u53ea\u56e0|0 fnt\n|faint|p2a: \u6d17\u8863\u53ea\u56e0\n|\n|upkeep\n|inactive|keykiko has 120 seconds left.\n|\n|t:|1695187647\n|switch|p2a: \u6076\u9b54\u4eba\u53e4\u4ee3\u6a21\u677f|Roaring Moon|100/100\n|-enditem|p2a: \u6076\u9b54\u4eba\u53e4\u4ee3\u6a21\u677f|Booster Energy\n|-activate|p2a: \u6076\u9b54\u4eba\u53e4\u4ee3\u6a21\u677f|ability: Protosynthesis|[fromitem]\n|-start|p2a: \u6076\u9b54\u4eba\u53e4\u4ee3\u6a21\u677f|protosynthesisspe\n|turn|7\n|inactive|keykiko has 120 seconds left.\n|\n|t:|1695187674\n|switch|p1a: Iron Valiant|Iron Valiant|100/100\n|-enditem|p1a: Iron Valiant|Booster Energy\n|-activate|p1a: Iron Valiant|ability: Quark Drive|[fromitem]\n|-start|p1a: Iron Valiant|quarkdrivespe\n|move|p2a: \u6076\u9b54\u4eba\u53e4\u4ee3\u6a21\u677f|Dragon Dance|p2a: \u6076\u9b54\u4eba\u53e4\u4ee3\u6a21\u677f\n|-boost|p2a: \u6076\u9b54\u4eba\u53e4\u4ee3\u6a21\u677f|atk|1\n|-boost|p2a: \u6076\u9b54\u4eba\u53e4\u4ee3\u6a21\u677f|spe|1\n|\n|upkeep\n|turn|8\n|\n|t:|1695187685\n|move|p2a: \u6076\u9b54\u4eba\u53e4\u4ee3\u6a21\u677f|Acrobatics|p1a: Iron Valiant\n|-supereffective|p1a: Iron Valiant\n|-damage|p1a: Iron Valiant|0 fnt\n|faint|p1a: Iron Valiant\n|-end|p1a: Iron Valiant|Quark Drive|[silent]\n|\n|upkeep\n|\n|t:|1695187690\n|switch|p1a: Zamazenta|Zamazenta, shiny|100/100\n|-ability|p1a: Zamazenta|Dauntless Shield|boost\n|-boost|p1a: Zamazenta|def|1\n|turn|9\n|inactive|keykiko has 120 seconds left.\n|\n|t:|1695187717\n|-end|p2a: \u6076\u9b54\u4eba\u53e4\u4ee3\u6a21\u677f|Protosynthesis|[silent]\n|switch|p2a: \u5916\u5957\u80fd\u8131\u4e00\u4e0b\u5417|Hatterene, F|88/100 psn\n|-terastallize|p1a: Zamazenta|Fire\n|move|p1a: Zamazenta|Body Press|p2a: \u5916\u5957\u80fd\u8131\u4e00\u4e0b\u5417\n|-resisted|p2a: \u5916\u5957\u80fd\u8131\u4e00\u4e0b\u5417\n|-damage|p2a: \u5916\u5957\u80fd\u8131\u4e00\u4e0b\u5417|74/100 psn\n|\n|-heal|p2a: \u5916\u5957\u80fd\u8131\u4e00\u4e0b\u5417|80/100 psn|[from] item: Leftovers\n|-damage|p2a: \u5916\u5957\u80fd\u8131\u4e00\u4e0b\u5417|67/100 psn|[from] psn\n|upkeep\n|turn|10\n|\n|t:|1695187733\n|switch|p1a: Iron Moth|Iron Moth|100/100\n|-enditem|p1a: Iron Moth|Booster Energy\n|-activate|p1a: Iron Moth|ability: Quark Drive|[fromitem]\n|-start|p1a: Iron Moth|quarkdrivespe\n|move|p2a: \u5916\u5957\u80fd\u8131\u4e00\u4e0b\u5417|Mystical Fire|p1a: Iron Moth\n|-resisted|p1a: Iron Moth\n|-damage|p1a: Iron Moth|86/100\n|-unboost|p1a: Iron Moth|spa|1\n|\n|-heal|p2a: \u5916\u5957\u80fd\u8131\u4e00\u4e0b\u5417|73/100 psn|[from] item: Leftovers\n|-damage|p2a: \u5916\u5957\u80fd\u8131\u4e00\u4e0b\u5417|61/100 psn|[from] psn\n|upkeep\n|turn|11\n|\n|t:|1695187740\n|move|p1a: Iron Moth|Substitute|p1a: Iron Moth\n|-start|p1a: Iron Moth|Substitute\n|-damage|p1a: Iron Moth|61/100\n|move|p2a: \u5916\u5957\u80fd\u8131\u4e00\u4e0b\u5417|Psychic|p1a: Iron Moth\n|-supereffective|p1a: Iron Moth\n|-end|p1a: Iron Moth|Substitute\n|\n|-heal|p2a: \u5916\u5957\u80fd\u8131\u4e00\u4e0b\u5417|67/100 psn|[from] item: Leftovers\n|-damage|p2a: \u5916\u5957\u80fd\u8131\u4e00\u4e0b\u5417|55/100 psn|[from] psn\n|upkeep\n|turn|12\n|\n|t:|1695187746\n|move|p1a: Iron Moth|Sludge Wave|p2a: \u5916\u5957\u80fd\u8131\u4e00\u4e0b\u5417\n|-supereffective|p2a: \u5916\u5957\u80fd\u8131\u4e00\u4e0b\u5417\n|-damage|p2a: \u5916\u5957\u80fd\u8131\u4e00\u4e0b\u5417|0 fnt\n|faint|p2a: \u5916\u5957\u80fd\u8131\u4e00\u4e0b\u5417\n|\n|upkeep\n|\n|t:|1695187753\n|switch|p2a: \u6076\u9b54\u4eba\u53e4\u4ee3\u6a21\u677f|Roaring Moon|100/100\n|turn|13\n|inactive|keykiko has 120 seconds left.\n|\n|t:|1695187765\n|move|p1a: Iron Moth|Dazzling Gleam|p2a: \u6076\u9b54\u4eba\u53e4\u4ee3\u6a21\u677f\n|-supereffective|p2a: \u6076\u9b54\u4eba\u53e4\u4ee3\u6a21\u677f\n|-damage|p2a: \u6076\u9b54\u4eba\u53e4\u4ee3\u6a21\u677f|30/100\n|move|p2a: \u6076\u9b54\u4eba\u53e4\u4ee3\u6a21\u677f|Dragon Dance|p2a: \u6076\u9b54\u4eba\u53e4\u4ee3\u6a21\u677f\n|-boost|p2a: \u6076\u9b54\u4eba\u53e4\u4ee3\u6a21\u677f|atk|1\n|-boost|p2a: \u6076\u9b54\u4eba\u53e4\u4ee3\u6a21\u677f|spe|1\n|\n|upkeep\n|turn|14\n|\n|t:|1695187772\n|move|p2a: \u6076\u9b54\u4eba\u53e4\u4ee3\u6a21\u677f|Crunch|p1a: Iron Moth\n|-damage|p1a: Iron Moth|0 fnt\n|faint|p1a: Iron Moth\n|-end|p1a: Iron Moth|Quark Drive|[silent]\n|\n|upkeep\n|\n|t:|1695187778\n|switch|p1a: Zamazenta|Zamazenta, shiny, tera:Fire|100/100\n|turn|15\n|\n|t:|1695187783\n|move|p2a: \u6076\u9b54\u4eba\u53e4\u4ee3\u6a21\u677f|Outrage|p1a: Zamazenta\n|-damage|p1a: Zamazenta|17/100\n|move|p1a: Zamazenta|Body Press|p2a: \u6076\u9b54\u4eba\u53e4\u4ee3\u6a21\u677f\n|-supereffective|p2a: \u6076\u9b54\u4eba\u53e4\u4ee3\u6a21\u677f\n|-damage|p2a: \u6076\u9b54\u4eba\u53e4\u4ee3\u6a21\u677f|0 fnt\n|faint|p2a: \u6076\u9b54\u4eba\u53e4\u4ee3\u6a21\u677f\n|-end|p2a: \u6076\u9b54\u4eba\u53e4\u4ee3\u6a21\u677f|Protosynthesis|[silent]\n|\n|-heal|p1a: Zamazenta|24/100|[from] item: Leftovers\n|upkeep\n|\n|t:|1695187795\n|switch|p2a: \u6211\u53ef\u662f\u80f8\u56f4\u5440\u554a\u5e93\u641c|Great Tusk|100/100\n|turn|16\n|\n|t:|1695187812\n|move|p1a: Zamazenta|Body Press|p2a: \u6211\u53ef\u662f\u80f8\u56f4\u5440\u554a\u5e93\u641c\n|-damage|p2a: \u6211\u53ef\u662f\u80f8\u56f4\u5440\u554a\u5e93\u641c|78/100\n|move|p2a: \u6211\u53ef\u662f\u80f8\u56f4\u5440\u554a\u5e93\u641c|Rapid Spin|p1a: Zamazenta\n|-damage|p1a: Zamazenta|10/100\n|-boost|p2a: \u6211\u53ef\u662f\u80f8\u56f4\u5440\u554a\u5e93\u641c|spe|1\n|\n|-heal|p2a: \u6211\u53ef\u662f\u80f8\u56f4\u5440\u554a\u5e93\u641c|84/100|[from] item: Leftovers\n|-heal|p1a: Zamazenta|16/100|[from] item: Leftovers\n|upkeep\n|turn|17\n|\n|t:|1695187818\n|move|p2a: \u6211\u53ef\u662f\u80f8\u56f4\u5440\u554a\u5e93\u641c|Stealth Rock|p1a: Zamazenta\n|-sidestart|p1: 1met|move: Stealth Rock\n|move|p1a: Zamazenta|Iron Defense|p1a: Zamazenta\n|-boost|p1a: Zamazenta|def|2\n|\n|-heal|p2a: \u6211\u53ef\u662f\u80f8\u56f4\u5440\u554a\u5e93\u641c|90/100|[from] item: Leftovers\n|-heal|p1a: Zamazenta|22/100|[from] item: Leftovers\n|upkeep\n|turn|18\n|\n|t:|1695187824\n|move|p2a: \u6211\u53ef\u662f\u80f8\u56f4\u5440\u554a\u5e93\u641c|Headlong Rush|p1a: Zamazenta\n|-supereffective|p1a: Zamazenta\n|-damage|p1a: Zamazenta|0 fnt\n|-unboost|p2a: \u6211\u53ef\u662f\u80f8\u56f4\u5440\u554a\u5e93\u641c|def|1\n|-unboost|p2a: \u6211\u53ef\u662f\u80f8\u56f4\u5440\u554a\u5e93\u641c|spd|1\n|faint|p1a: Zamazenta\n|\n|-heal|p2a: \u6211\u53ef\u662f\u80f8\u56f4\u5440\u554a\u5e93\u641c|96/100|[from] item: Leftovers\n|upkeep\n|\n|t:|1695187829\n|switch|p1a: Ogerpon|Ogerpon-Wellspring, F|100/100\n|-damage|p1a: Ogerpon|88/100|[from] Stealth Rock\n|turn|19\n|\n|t:|1695187838\n|-end|p2a: \u6211\u53ef\u662f\u80f8\u56f4\u5440\u554a\u5e93\u641c|Protosynthesis|[silent]\n|switch|p2a: \u9f99\u821e\u8b66\u544a|Dragapult, M|100/100\n|move|p1a: Ogerpon|Ivy Cudgel|p2a: \u9f99\u821e\u8b66\u544a\n|-resisted|p2a: \u9f99\u821e\u8b66\u544a\n|-damage|p2a: \u9f99\u821e\u8b66\u544a|59/100\n|\n|upkeep\n|turn|20\n|\n|t:|1695187854\n|move|p2a: \u9f99\u821e\u8b66\u544a|U-turn|p1a: Ogerpon\n|-supereffective|p1a: Ogerpon\n|-damage|p1a: Ogerpon|43/100\n|\n|t:|1695187858\n|switch|p2a: \u6c83\u53bb\u6015\u58f3|Torterra, M|100/100|[from] U-turn\n|move|p1a: Ogerpon|Knock Off|p2a: \u6c83\u53bb\u6015\u58f3\n|-damage|p2a: \u6c83\u53bb\u6015\u58f3|62/100\n|-enditem|p2a: \u6c83\u53bb\u6015\u58f3|White Herb|[from] move: Knock Off|[of] p1a: Ogerpon\n|\n|upkeep\n|turn|21\n|\n|t:|1695187868\n|switch|p2a: \u9f99\u821e\u8b66\u544a|Dragapult, M|59/100\n|move|p1a: Ogerpon|Ivy Cudgel|p2a: \u9f99\u821e\u8b66\u544a\n|-resisted|p2a: \u9f99\u821e\u8b66\u544a\n|-damage|p2a: \u9f99\u821e\u8b66\u544a|16/100\n|\n|upkeep\n|turn|22\n|\n|t:|1695187873\n|move|p2a: \u9f99\u821e\u8b66\u544a|Draco Meteor|p1a: Ogerpon\n|-damage|p1a: Ogerpon|0 fnt\n|-unboost|p2a: \u9f99\u821e\u8b66\u544a|spa|2\n|faint|p1a: Ogerpon\n|\n|upkeep\n|\n|t:|1695187878\n|switch|p1a: Kingambit|Kingambit, F|71/100\n|-damage|p1a: Kingambit|64/100|[from] Stealth Rock\n|-activate|p1a: Kingambit|ability: Supreme Overlord\n|-start|p1a: Kingambit|fallen5|[silent]\n|turn|23\n|\n|t:|1695187885\n|move|p2a: \u9f99\u821e\u8b66\u544a|U-turn|p1a: Kingambit\n|-crit|p1a: Kingambit\n|-damage|p1a: Kingambit|44/100\n|\n|t:|1695187889\n|switch|p2a: \u6c83\u53bb\u6015\u58f3|Torterra, M|62/100|[from] U-turn\n|move|p1a: Kingambit|Swords Dance|p1a: Kingambit\n|-boost|p1a: Kingambit|atk|2\n|\n|upkeep\n|turn|24\n|\n|t:|1695187899\n|move|p1a: Kingambit|Sucker Punch|p2a: \u6c83\u53bb\u6015\u58f3\n|-damage|p2a: \u6c83\u53bb\u6015\u58f3|0 fnt\n|faint|p2a: \u6c83\u53bb\u6015\u58f3\n|\n|upkeep\n|\n|t:|1695187906\n|switch|p2a: \u9f99\u821e\u8b66\u544a|Dragapult, M|16/100\n|turn|25\n|\n|t:|1695187911\n|move|p1a: Kingambit|Sucker Punch|p2a: \u9f99\u821e\u8b66\u544a\n|-supereffective|p2a: \u9f99\u821e\u8b66\u544a\n|-damage|p2a: \u9f99\u821e\u8b66\u544a|0 fnt\n|faint|p2a: \u9f99\u821e\u8b66\u544a\n|\n|upkeep\n|\n|t:|1695187914\n|switch|p2a: \u6211\u53ef\u662f\u80f8\u56f4\u5440\u554a\u5e93\u641c|Great Tusk|96/100\n|turn|26\n|\n|t:|1695187919\n|move|p1a: Kingambit|Sucker Punch|p2a: \u6211\u53ef\u662f\u80f8\u56f4\u5440\u554a\u5e93\u641c\n|-resisted|p2a: \u6211\u53ef\u662f\u80f8\u56f4\u5440\u554a\u5e93\u641c\n|-crit|p2a: \u6211\u53ef\u662f\u80f8\u56f4\u5440\u554a\u5e93\u641c\n|-damage|p2a: \u6211\u53ef\u662f\u80f8\u56f4\u5440\u554a\u5e93\u641c|24/100\n|move|p2a: \u6211\u53ef\u662f\u80f8\u56f4\u5440\u554a\u5e93\u641c|Close Combat|p1a: Kingambit\n|-supereffective|p1a: Kingambit\n|-damage|p1a: Kingambit|0 fnt\n|-unboost|p2a: \u6211\u53ef\u662f\u80f8\u56f4\u5440\u554a\u5e93\u641c|def|1\n|-unboost|p2a: \u6211\u53ef\u662f\u80f8\u56f4\u5440\u554a\u5e93\u641c|spd|1\n|faint|p1a: Kingambit\n|-end|p1a: Kingambit|fallen5|[silent]\n|\n|win|keykiko\n|raw|1met's rating: 1263 &rarr; <strong>1244</strong><br />(-19 for losing)\n|raw|keykiko's rating: 1355 &rarr; <strong>1370</strong><br />(+15 for winning)\n|l|\u26061met\n", "uploadtime": 1695187930, "views": 3, "p1id": "1met", "p2id": "keykiko", "formatid": "gen9ou", "rating": 1244, "private": 0, "password": ""}