{"id": "gen9ou-1947549824", "p1": "MrNUKE88", "p2": "EnchantedChanting", "format": "gen9ou", "log": "|j|\u2606MrNUKE88\n|j|\u2606EnchantedChanting\n|t:|1695171589\n|gametype|singles\n|player|p1|MrNUKE88|266|1046\n|player|p2|EnchantedChanting|waiter-gen4|1099\n|teamsize|p1|6\n|teamsize|p2|6\n|gen|9\n|tier|[Gen 9] OU\n|rated|\n|rule|Sleep Clause Mod: Limit one foe put to sleep\n|rule|Species Clause: Limit one of each Pok\u00e9mon\n|rule|OHKO Clause: OHKO moves are banned\n|rule|Evasion Items Clause: Evasion items are banned\n|rule|Evasion Moves Clause: Evasion moves are banned\n|rule|Endless Battle Clause: Forcing endless battles is banned\n|rule|HP Percentage Mod: HP is shown in percentages\n|clearpoke\n|poke|p1|Great Tusk|\n|poke|p1|Kingambit, F|\n|poke|p1|Gholdengo|\n|poke|p1|Landorus-Therian, M|\n|poke|p1|Samurott-Hisui, M|\n|poke|p1|Greninja-*, M|\n|poke|p2|Okidogi, M|\n|poke|p2|Iron Valiant|\n|poke|p2|Corviknight, M|\n|poke|p2|Kingambit, M|\n|poke|p2|Conkeldurr, M|\n|poke|p2|Ursaluna-Bloodmoon, M|\n|teampreview\n|inactive|Battle timer is ON: inactive players will automatically lose when time's up. (requested by MrNUKE88)\n|\n|t:|1695171636\n|start\n|switch|p1a: Landorus|Landorus-Therian, M, shiny|100/100\n|switch|p2a: Ursaluna|Ursaluna-Bloodmoon, M|100/100\n|-ability|p1a: Landorus|Intimidate|boost\n|-unboost|p2a: Ursaluna|atk|1\n|turn|1\n|inactive|EnchantedChanting has 120 seconds left.\n|\n|t:|1695171672\n|-terastallize|p2a: Ursaluna|Fighting\n|move|p1a: Landorus|Stealth Rock|p2a: Ursaluna\n|-sidestart|p2: EnchantedChanting|move: Stealth Rock\n|move|p2a: Ursaluna|Blood Moon|p1a: Landorus\n|-damage|p1a: Landorus|13/100\n|\n|upkeep\n|turn|2\n|inactive|EnchantedChanting has 120 seconds left.\n|\n|t:|1695171688\n|move|p1a: Landorus|U-turn|p2a: Ursaluna\n|-resisted|p2a: Ursaluna\n|-damage|p2a: Ursaluna|92/100\n|inactive|MrNUKE88 has 120 seconds left.\n|\n|t:|1695171721\n|switch|p1a: Samurott|Samurott-Hisui, M, shiny|100/100|[from] U-turn\n|move|p2a: Ursaluna|Calm Mind|p2a: Ursaluna\n|-boost|p2a: Ursaluna|spa|1\n|-boost|p2a: Ursaluna|spd|1\n|\n|-heal|p2a: Ursaluna|98/100|[from] item: Leftovers\n|upkeep\n|turn|3\n|inactive|EnchantedChanting has 120 seconds left.\n|\n|t:|1695171749\n|-terastallize|p1a: Samurott|Water\n|move|p1a: Samurott|Razor Shell|p2a: Ursaluna\n|-damage|p2a: Ursaluna|48/100\n|-unboost|p2a: Ursaluna|def|1\n|move|p2a: Ursaluna|Blood Moon|p1a: Samurott\n|-damage|p1a: Samurott|0 fnt\n|faint|p1a: Samurott\n|\n|-heal|p2a: Ursaluna|54/100|[from] item: Leftovers\n|upkeep\n|inactive|MrNUKE88 has 90 seconds left.\n|\n|t:|1695171773\n|switch|p1a: Greninja|Greninja, M|100/100\n|turn|4\n|inactive|EnchantedChanting has 120 seconds left.\n|\n|t:|1695171790\n|move|p2a: Ursaluna|Vacuum Wave|p1a: Greninja\n|-supereffective|p1a: Greninja\n|-damage|p1a: Greninja|0 fnt\n|faint|p1a: Greninja\n|\n|-heal|p2a: Ursaluna|60/100|[from] item: Leftovers\n|upkeep\n|\n|t:|1695171802\n|switch|p1a: Landorus|Landorus-Therian, M, shiny|13/100\n|-ability|p1a: Landorus|Intimidate|boost\n|-unboost|p2a: Ursaluna|atk|1\n|turn|5\n|\n|t:|1695171812\n|move|p2a: Ursaluna|Vacuum Wave|p1a: Landorus\n|-resisted|p1a: Landorus\n|-damage|p1a: Landorus|0 fnt\n|faint|p1a: Landorus\n|\n|-heal|p2a: Ursaluna|66/100|[from] item: Leftovers\n|upkeep\n|\n|t:|1695171823\n|switch|p1a: Kingambit|Kingambit, F, shiny|100/100\n|-activate|p1a: Kingambit|ability: Supreme Overlord\n|-start|p1a: Kingambit|fallen3|[silent]\n|turn|6\n|\n|t:|1695171831\n|-end|p1a: Kingambit|fallen3|[silent]\n|switch|p1a: Gholdengo|Gholdengo, shiny|100/100\n|move|p2a: Ursaluna|Vacuum Wave|p1a: Gholdengo\n|-supereffective|p1a: Gholdengo\n|-damage|p1a: Gholdengo|20/100\n|\n|-heal|p2a: Ursaluna|73/100|[from] item: Leftovers\n|upkeep\n|turn|7\n|inactive|MrNUKE88 has 90 seconds left.\n|-message|MrNUKE88 forfeited.\n|\n|win|EnchantedChanting\n|raw|MrNUKE88's rating: 1046 &rarr; <strong>1032</strong><br />(-14 for losing)\n|raw|EnchantedChanting's rating: 1099 &rarr; <strong>1120</strong><br />(+21 for winning)\n|l|\u2606MrNUKE88\n", "uploadtime": 1695171847, "views": 2, "p1id": "mrnuke88", "p2id": "enchantedchanting", "formatid": "gen9ou", "rating": 1032, "private": 0, "password": ""}