{"id": "gen9ou-1947575359", "p1": "girpling", "p2": "Wouldnotletthathat", "format": "gen9ou", "log": "|j|\u2606girpling\n|j|\u2606Wouldnotletthathat\n|t:|1695174065\n|gametype|singles\n|player|p1|girpling|hilbert|1205\n|player|p2|Wouldnotletthathat|2|1175\n|teamsize|p1|6\n|teamsize|p2|6\n|gen|9\n|tier|[Gen 9] OU\n|rated|\n|rule|Sleep Clause Mod: Limit one foe put to sleep\n|rule|Species Clause: Limit one of each Pok\u00e9mon\n|rule|OHKO Clause: OHKO moves are banned\n|rule|Evasion Items Clause: Evasion items are banned\n|rule|Evasion Moves Clause: Evasion moves are banned\n|rule|Endless Battle Clause: Forcing endless battles is banned\n|rule|HP Percentage Mod: HP is shown in percentages\n|clearpoke\n|poke|p1|Meowscarada, F|\n|poke|p1|Walking Wake|\n|poke|p1|Heatran, M|\n|poke|p1|Great Tusk|\n|poke|p1|Sandy Shocks|\n|poke|p1|Ninetales, F|\n|poke|p2|Kingambit, M|\n|poke|p2|Great Tusk|\n|poke|p2|Basculegion, M|\n|poke|p2|Pelipper, F|\n|poke|p2|Thundurus, M|\n|poke|p2|Greninja-*, M|\n|teampreview\n|inactive|Battle timer is ON: inactive players will automatically lose when time's up. (requested by Wouldnotletthathat)\n|\n|t:|1695174078\n|start\n|switch|p1a: Meowscarada|Meowscarada, F|100/100\n|switch|p2a: Pelipper|Pelipper, F|100/100\n|-weather|RainDance|[from] ability: Drizzle|[of] p2a: Pelipper\n|turn|1\n|\n|t:|1695174086\n|switch|p2a: Kingambit|Kingambit, M|100/100\n|move|p1a: Meowscarada|Knock Off|p2a: Kingambit\n|-start|p1a: Meowscarada|typechange|Dark|[from] ability: Protean\n|-resisted|p2a: Kingambit\n|-damage|p2a: Kingambit|83/100\n|-enditem|p2a: Kingambit|Leftovers|[from] move: Knock Off|[of] p1a: Meowscarada\n|\n|-weather|RainDance|[upkeep]\n|upkeep\n|turn|2\n|\n|t:|1695174096\n|move|p1a: Meowscarada|U-turn|p2a: Kingambit\n|-damage|p2a: Kingambit|68/100\n|\n|t:|1695174101\n|switch|p1a: Walking Wake|Walking Wake|100/100|[from] U-turn\n|-enditem|p1a: Walking Wake|Booster Energy\n|-activate|p1a: Walking Wake|ability: Protosynthesis|[fromitem]\n|-start|p1a: Walking Wake|protosynthesisspa\n|move|p2a: Kingambit|Stealth Rock|p1a: Walking Wake\n|-sidestart|p1: girpling|move: Stealth Rock\n|\n|-weather|RainDance|[upkeep]\n|upkeep\n|turn|3\n|\n|t:|1695174111\n|move|p2a: Kingambit|Sucker Punch|p1a: Walking Wake\n|-damage|p1a: Walking Wake|55/100\n|move|p1a: Walking Wake|Hydro Steam|p2a: Kingambit\n|-damage|p2a: Kingambit|0 fnt\n|faint|p2a: Kingambit\n|-end|p2a: Kingambit|fallenundefined|[silent]\n|\n|-weather|RainDance|[upkeep]\n|upkeep\n|\n|t:|1695174124\n|switch|p2a: Thundurus|Thundurus, M|100/100\n|turn|4\n|\n|t:|1695174137\n|move|p2a: Thundurus|Thunder Wave|p1a: Walking Wake\n|-status|p1a: Walking Wake|par\n|move|p1a: Walking Wake|Draco Meteor|p2a: Thundurus|[miss]\n|-miss|p1a: Walking Wake|p2a: Thundurus\n|\n|-weather|RainDance|[upkeep]\n|upkeep\n|turn|5\n|\n|t:|1695174145\n|move|p2a: Thundurus|Thunder|p1a: Walking Wake\n|-damage|p1a: Walking Wake|0 fnt\n|faint|p1a: Walking Wake\n|-end|p1a: Walking Wake|Protosynthesis|[silent]\n|\n|-weather|RainDance|[upkeep]\n|upkeep\n|\n|t:|1695174163\n|switch|p1a: Ninetales|Ninetales, F, shiny|100/100\n|-damage|p1a: Ninetales|76/100|[from] Stealth Rock\n|-weather|SunnyDay|[from] ability: Drought|[of] p1a: Ninetales\n|turn|6\n|\n|t:|1695174172\n|move|p2a: Thundurus|Thunder Wave|p1a: Ninetales\n|-status|p1a: Ninetales|par\n|move|p1a: Ninetales|Will-O-Wisp|p2a: Thundurus\n|-status|p2a: Thundurus|brn\n|\n|-weather|SunnyDay|[upkeep]\n|-damage|p2a: Thundurus|94/100 brn|[from] brn\n|upkeep\n|turn|7\n|c|\u2606Wouldnotletthathat|you're burning a special attacker?\n|\n|t:|1695174192\n|switch|p1a: Sandy Shocks|Sandy Shocks, shiny|100/100\n|-damage|p1a: Sandy Shocks|94/100|[from] Stealth Rock\n|-activate|p1a: Sandy Shocks|ability: Protosynthesis\n|-start|p1a: Sandy Shocks|protosynthesisspa\n|move|p2a: Thundurus|Thunder|p1a: Sandy Shocks\n|-immune|p1a: Sandy Shocks\n|\n|-weather|SunnyDay|[upkeep]\n|-heal|p1a: Sandy Shocks|100/100|[from] item: Leftovers\n|-damage|p2a: Thundurus|88/100 brn|[from] brn\n|upkeep\n|turn|8\n|c|\u2606girpling|I expected a switch\n|c|\u2606girpling|But u didnt\n|\n|t:|1695174211\n|switch|p2a: Pelipper|Pelipper, F|100/100\n|-weather|RainDance|[from] ability: Drizzle|[of] p2a: Pelipper\n|-end|p1a: Sandy Shocks|Protosynthesis\n|move|p1a: Sandy Shocks|Power Gem|p2a: Pelipper\n|-supereffective|p2a: Pelipper\n|-damage|p2a: Pelipper|52/100\n|\n|-weather|RainDance|[upkeep]\n|upkeep\n|turn|9\n|\n|t:|1695174221\n|-terastallize|p2a: Pelipper|Ground\n|move|p1a: Sandy Shocks|Thunderbolt|p2a: Pelipper\n|-immune|p2a: Pelipper\n|move|p2a: Pelipper|Surf|p1a: Sandy Shocks\n|-supereffective|p1a: Sandy Shocks\n|-damage|p1a: Sandy Shocks|0 fnt\n|faint|p1a: Sandy Shocks\n|-end|p1a: Sandy Shocks|Protosynthesis|[silent]\n|\n|-weather|RainDance|[upkeep]\n|upkeep\n|\n|t:|1695174231\n|switch|p1a: Meowscarada|Meowscarada, F|100/100\n|-damage|p1a: Meowscarada|88/100|[from] Stealth Rock\n|turn|10\n|\n|t:|1695174241\n|move|p1a: Meowscarada|U-turn|p2a: Pelipper\n|-start|p1a: Meowscarada|typechange|Bug|[from] ability: Protean\n|-damage|p2a: Pelipper|16/100\n|\n|t:|1695174246\n|switch|p1a: Ninetales|Ninetales, F, shiny|76/100 par|[from] U-turn\n|-damage|p1a: Ninetales|51/100 par|[from] Stealth Rock\n|-weather|SunnyDay|[from] ability: Drought|[of] p1a: Ninetales\n|move|p2a: Pelipper|Hurricane|p1a: Ninetales\n|-damage|p1a: Ninetales|10/100 par\n|-start|p1a: Ninetales|confusion\n|\n|-weather|SunnyDay|[upkeep]\n|upkeep\n|turn|11\n|\n|t:|1695174258\n|-activate|p1a: Ninetales|confusion\n|cant|p1a: Ninetales|par\n|move|p2a: Pelipper|U-turn|p1a: Ninetales\n|-resisted|p1a: Ninetales\n|-damage|p1a: Ninetales|4/100 par\n|inactive|Wouldnotletthathat has 120 seconds left.\n|inactive|Wouldnotletthathat has 90 seconds left.\n|\n|t:|1695174323\n|switch|p2a: Greninja|Greninja, M|100/100|[from] U-turn\n|\n|-weather|SunnyDay|[upkeep]\n|upkeep\n|turn|12\n|\n|t:|1695174329\n|move|p2a: Greninja|Ice Beam|p1a: Ninetales\n|-resisted|p1a: Ninetales\n|-damage|p1a: Ninetales|0 fnt\n|faint|p1a: Ninetales\n|-ability|p2a: Greninja|Battle Bond|boost\n|-boost|p2a: Greninja|atk|1\n|-boost|p2a: Greninja|spa|1\n|-boost|p2a: Greninja|spe|1\n|-activate|p2a: Greninja|ability: Battle Bond\n|-damage|p2a: Greninja|91/100|[from] item: Life Orb\n|\n|-weather|SunnyDay|[upkeep]\n|upkeep\n|\n|t:|1695174339\n|switch|p1a: Meowscarada|Meowscarada, F|88/100\n|-damage|p1a: Meowscarada|76/100|[from] Stealth Rock\n|turn|13\n|\n|t:|1695174344\n|-terastallize|p1a: Meowscarada|Fire\n|move|p2a: Greninja|Ice Beam|p1a: Meowscarada\n|-resisted|p1a: Meowscarada\n|-damage|p1a: Meowscarada|33/100\n|-damage|p2a: Greninja|81/100|[from] item: Life Orb\n|move|p1a: Meowscarada|Flower Trick|p2a: Greninja\n|-supereffective|p2a: Greninja\n|-crit|p2a: Greninja\n|-damage|p2a: Greninja|0 fnt\n|faint|p2a: Greninja\n|\n|-weather|SunnyDay|[upkeep]\n|-heal|p1a: Meowscarada|39/100|[from] item: Leftovers\n|upkeep\n|\n|t:|1695174356\n|switch|p2a: Pelipper|Pelipper, F, tera:Ground|16/100\n|-weather|RainDance|[from] ability: Drizzle|[of] p2a: Pelipper\n|turn|14\n|\n|t:|1695174367\n|move|p1a: Meowscarada|Knock Off|p2a: Pelipper\n|-damage|p2a: Pelipper|0 fnt\n|-enditem|p2a: Pelipper|Damp Rock|[from] move: Knock Off|[of] p1a: Meowscarada\n|faint|p2a: Pelipper\n|\n|-weather|RainDance|[upkeep]\n|-heal|p1a: Meowscarada|45/100|[from] item: Leftovers\n|upkeep\n|\n|t:|1695174374\n|switch|p2a: Basculegion|Basculegion, M|100/100\n|turn|15\n|\n|t:|1695174378\n|move|p2a: Basculegion|Wave Crash|p1a: Meowscarada\n|-supereffective|p1a: Meowscarada\n|-damage|p1a: Meowscarada|0 fnt\n|faint|p1a: Meowscarada\n|-damage|p2a: Basculegion|89/100|[from] Recoil\n|\n|-weather|RainDance|[upkeep]\n|upkeep\n|\n|t:|1695174385\n|switch|p1a: Great Tusk|Great Tusk|100/100\n|-damage|p1a: Great Tusk|98/100|[from] Stealth Rock\n|turn|16\n|c|\u2606Wouldnotletthathat|gg\n|c|\u2606girpling|Gg wp\n|\n|t:|1695174395\n|move|p2a: Basculegion|Wave Crash|p1a: Great Tusk\n|-supereffective|p1a: Great Tusk\n|-damage|p1a: Great Tusk|0 fnt\n|faint|p1a: Great Tusk\n|-end|p1a: Great Tusk|Protosynthesis|[silent]\n|-damage|p2a: Basculegion|58/100|[from] Recoil\n|\n|-weather|RainDance|[upkeep]\n|upkeep\n|c|\u2606Wouldnotletthathat|you too man\n|c|\u2606Wouldnotletthathat|how long you playing\n|\n|t:|1695174402\n|switch|p1a: Heatran|Heatran, M, shiny|100/100\n|-damage|p1a: Heatran|88/100|[from] Stealth Rock\n|turn|17\n|c|\u2606Wouldnotletthathat|?\n|c|\u2606girpling|How long i have been playing for?\n|c|\u2606Wouldnotletthathat|yeah sorry\n|c|\u2606Wouldnotletthathat|my keyboard sucks\n|inactive|girpling has 120 seconds left.\n|c|\u2606girpling|Its fine\n|\n|t:|1695174435\n|move|p2a: Basculegion|Wave Crash|p1a: Heatran\n|-supereffective|p1a: Heatran\n|-damage|p1a: Heatran|0 fnt\n|faint|p1a: Heatran\n|-damage|p2a: Basculegion|33/100|[from] Recoil\n|\n|win|Wouldnotletthathat\n|raw|girpling's rating: 1205 &rarr; <strong>1178</strong><br />(-27 for losing)\n|raw|Wouldnotletthathat's rating: 1175 &rarr; <strong>1202</strong><br />(+27 for winning)\n|l|\u2606girpling\n", "uploadtime": 1695174479, "views": 7, "p1id": "girpling", "p2id": "wouldnotletthathat", "formatid": "gen9ou", "rating": 1178, "private": 0, "password": ""}