{"id": "gen9ou-1947642014", "p1": "DrSliced", "p2": "Big Goober 666", "format": "gen9ou", "log": "|j|\u2606DrSliced\n|j|\u203dBig Goober 666\n|t:|1695181054\n|gametype|singles\n|player|p1|DrSliced|clair|1650\n|player|p2|Big Goober 666|169|1843\n|teamsize|p1|6\n|teamsize|p2|6\n|gen|9\n|tier|[Gen 9] OU\n|rated|\n|rule|Sleep Clause Mod: Limit one foe put to sleep\n|rule|Species Clause: Limit one of each Pok\u00e9mon\n|rule|OHKO Clause: OHKO moves are banned\n|rule|Evasion Items Clause: Evasion items are banned\n|rule|Evasion Moves Clause: Evasion moves are banned\n|rule|Endless Battle Clause: Forcing endless battles is banned\n|rule|HP Percentage Mod: HP is shown in percentages\n|clearpoke\n|poke|p1|Ceruledge, M|\n|poke|p1|Great Tusk|\n|poke|p1|Ogerpon-Wellspring, F|\n|poke|p1|Samurott-Hisui, F|\n|poke|p1|Fezandipiti, M|\n|poke|p1|Zapdos|\n|poke|p2|Gliscor, F|\n|poke|p2|Corviknight, F|\n|poke|p2|Toxapex, M|\n|poke|p2|Dragapult, M|\n|poke|p2|Blissey, F|\n|poke|p2|Clefable, M|\n|teampreview\n|inactive|Battle timer is ON: inactive players will automatically lose when time's up. (requested by Big Goober 666)\n|\n|t:|1695181066\n|start\n|switch|p1a: Samurott|Samurott-Hisui, F|100/100\n|switch|p2a: Gliscor|Gliscor, F|100/100\n|turn|1\n|\n|t:|1695181073\n|move|p2a: Gliscor|Protect|p2a: Gliscor\n|-singleturn|p2a: Gliscor|Protect\n|move|p1a: Samurott|Ceaseless Edge|p2a: Gliscor\n|-activate|p2a: Gliscor|move: Protect\n|\n|-status|p2a: Gliscor|tox|[from] item: Toxic Orb\n|upkeep\n|turn|2\n|\n|t:|1695181076\n|move|p1a: Samurott|Ceaseless Edge|p2a: Gliscor\n|-damage|p2a: Gliscor|75/100 tox\n|-sidestart|p2: Big Goober 666|Spikes\n|move|p2a: Gliscor|Earthquake|p1a: Samurott\n|-damage|p1a: Samurott|59/100\n|\n|-heal|p2a: Gliscor|88/100 tox|[from] ability: Poison Heal\n|upkeep\n|turn|3\n|\n|t:|1695181084\n|switch|p1a: Zapdos|Zapdos|100/100\n|move|p2a: Gliscor|Protect||[still]\n|-fail|p2a: Gliscor\n|\n|-heal|p2a: Gliscor|99/100 tox|[from] ability: Poison Heal\n|upkeep\n|turn|4\n|\n|t:|1695181089\n|move|p1a: Zapdos|Hurricane|p2a: Gliscor|[miss]\n|-miss|p1a: Zapdos|p2a: Gliscor\n|move|p2a: Gliscor|Spikes|p1a: Zapdos\n|-sidestart|p1: DrSliced|Spikes\n|\n|-heal|p2a: Gliscor|100/100 tox|[from] ability: Poison Heal\n|upkeep\n|turn|5\n|\n|t:|1695181091\n|move|p1a: Zapdos|Hurricane|p2a: Gliscor\n|-damage|p2a: Gliscor|35/100 tox\n|move|p2a: Gliscor|Knock Off|p1a: Zapdos\n|-damage|p1a: Zapdos|75/100\n|-enditem|p1a: Zapdos|Heavy-Duty Boots|[from] move: Knock Off|[of] p2a: Gliscor\n|\n|-heal|p2a: Gliscor|48/100 tox|[from] ability: Poison Heal\n|upkeep\n|turn|6\n|\n|t:|1695181098\n|move|p2a: Gliscor|Protect|p2a: Gliscor\n|-singleturn|p2a: Gliscor|Protect\n|move|p1a: Zapdos|Volt Switch|p2a: Gliscor\n|-activate|p2a: Gliscor|move: Protect\n|\n|-heal|p2a: Gliscor|60/100 tox|[from] ability: Poison Heal\n|upkeep\n|turn|7\n|\n|t:|1695181101\n|switch|p2a: Blissey|Blissey, F|100/100\n|move|p1a: Zapdos|Hurricane|p2a: Blissey\n|-damage|p2a: Blissey|81/100\n|\n|upkeep\n|turn|8\n|\n|t:|1695181107\n|move|p1a: Zapdos|Thunderbolt|p2a: Blissey\n|-damage|p2a: Blissey|64/100\n|move|p2a: Blissey|Soft-Boiled|p2a: Blissey\n|-heal|p2a: Blissey|100/100\n|\n|upkeep\n|turn|9\n|\n|t:|1695181109\n|move|p1a: Zapdos|Thunderbolt|p2a: Blissey\n|-damage|p2a: Blissey|84/100\n|move|p2a: Blissey|Seismic Toss|p1a: Zapdos\n|-damage|p1a: Zapdos|43/100\n|-status|p2a: Blissey|par|[from] ability: Static|[of] p1a: Zapdos\n|\n|upkeep\n|turn|10\n|\n|t:|1695181115\n|move|p1a: Zapdos|Roost|p1a: Zapdos\n|-heal|p1a: Zapdos|94/100\n|-singleturn|p1a: Zapdos|move: Roost\n|move|p2a: Blissey|Seismic Toss|p1a: Zapdos\n|-damage|p1a: Zapdos|62/100\n|\n|upkeep\n|turn|11\n|\n|t:|1695181117\n|move|p1a: Zapdos|Hurricane|p2a: Blissey\n|-damage|p2a: Blissey|64/100 par\n|-start|p2a: Blissey|confusion\n|-activate|p2a: Blissey|confusion\n|cant|p2a: Blissey|par\n|\n|upkeep\n|turn|12\n|\n|t:|1695181120\n|move|p1a: Zapdos|Roost|p1a: Zapdos\n|-heal|p1a: Zapdos|100/100\n|-singleturn|p1a: Zapdos|move: Roost\n|-activate|p2a: Blissey|confusion\n|move|p2a: Blissey|Soft-Boiled|p2a: Blissey\n|-heal|p2a: Blissey|100/100 par\n|\n|upkeep\n|turn|13\n|\n|t:|1695181127\n|move|p1a: Zapdos|Volt Switch|p2a: Blissey\n|-crit|p2a: Blissey\n|-damage|p2a: Blissey|80/100 par\n|\n|t:|1695181129\n|switch|p1a: Ceruledge|Ceruledge, M|100/100|[from] Volt Switch\n|-damage|p1a: Ceruledge|88/100|[from] Spikes\n|-activate|p2a: Blissey|confusion\n|move|p2a: Blissey|Stealth Rock|p1a: Ceruledge\n|-sidestart|p1: DrSliced|move: Stealth Rock\n|\n|upkeep\n|turn|14\n|\n|t:|1695181133\n|-curestatus|p2a: Blissey|par|[from] ability: Natural Cure\n|switch|p2a: Toxapex|Toxapex, M|100/100\n|move|p1a: Ceruledge|Swords Dance|p1a: Ceruledge\n|-boost|p1a: Ceruledge|atk|2\n|\n|upkeep\n|turn|15\n|\n|t:|1695181136\n|move|p1a: Ceruledge|Poltergeist|p2a: Toxapex\n|-activate|p2a: Toxapex|move: Poltergeist|Heavy-Duty Boots\n|-damage|p2a: Toxapex|27/100\n|move|p2a: Toxapex|Toxic|p1a: Ceruledge\n|-status|p1a: Ceruledge|tox\n|\n|-damage|p1a: Ceruledge|82/100 tox|[from] psn\n|upkeep\n|turn|16\n|\n|t:|1695181146\n|switch|p2a: Clefable|Clefable, M|100/100\n|-damage|p2a: Clefable|88/100|[from] Spikes\n|move|p1a: Ceruledge|Bitter Blade|p2a: Clefable\n|-damage|p2a: Clefable|56/100\n|-heal|p1a: Ceruledge|100/100 tox|[from] drain|[of] p2a: Clefable\n|\n|-heal|p2a: Clefable|62/100|[from] item: Leftovers\n|-damage|p1a: Ceruledge|88/100 tox|[from] psn\n|upkeep\n|turn|17\n|\n|t:|1695181150\n|move|p1a: Ceruledge|Poltergeist|p2a: Clefable\n|-activate|p2a: Clefable|move: Poltergeist|Leftovers\n|-damage|p2a: Clefable|10/100\n|move|p2a: Clefable|Moonlight|p2a: Clefable\n|-heal|p2a: Clefable|60/100\n|\n|-heal|p2a: Clefable|66/100|[from] item: Leftovers\n|-damage|p1a: Ceruledge|70/100 tox|[from] psn\n|upkeep\n|turn|18\n|\n|t:|1695181156\n|switch|p1a: Fezandipiti|Fezandipiti, M|100/100\n|-damage|p1a: Fezandipiti|88/100|[from] Spikes\n|-damage|p1a: Fezandipiti|76/100|[from] Stealth Rock\n|move|p2a: Clefable|Moonlight|p2a: Clefable\n|-heal|p2a: Clefable|100/100\n|\n|-heal|p1a: Fezandipiti|82/100|[from] item: Leftovers\n|upkeep\n|turn|19\n|\n|t:|1695181161\n|switch|p2a: Gliscor|Gliscor, F|60/100 tox\n|move|p1a: Fezandipiti|Poison Jab|p2a: Gliscor\n|-resisted|p2a: Gliscor\n|-damage|p2a: Gliscor|52/100 tox\n|\n|-heal|p1a: Fezandipiti|88/100|[from] item: Leftovers\n|-heal|p2a: Gliscor|65/100 tox|[from] ability: Poison Heal\n|upkeep\n|turn|20\n|\n|t:|1695181165\n|move|p1a: Fezandipiti|U-turn|p2a: Gliscor\n|-resisted|p2a: Gliscor\n|-damage|p2a: Gliscor|60/100 tox\n|\n|t:|1695181172\n|switch|p1a: Great Tusk|Great Tusk|100/100|[from] U-turn\n|-damage|p1a: Great Tusk|88/100|[from] Spikes\n|-damage|p1a: Great Tusk|85/100|[from] Stealth Rock\n|move|p2a: Gliscor|Knock Off|p1a: Great Tusk\n|-resisted|p1a: Great Tusk\n|-damage|p1a: Great Tusk|80/100\n|-enditem|p1a: Great Tusk|Leftovers|[from] move: Knock Off|[of] p2a: Gliscor\n|\n|-heal|p2a: Gliscor|73/100 tox|[from] ability: Poison Heal\n|upkeep\n|turn|21\n|\n|t:|1695181182\n|move|p2a: Gliscor|Protect|p2a: Gliscor\n|-singleturn|p2a: Gliscor|Protect\n|move|p1a: Great Tusk|Bulk Up|p1a: Great Tusk\n|-boost|p1a: Great Tusk|atk|1\n|-boost|p1a: Great Tusk|def|1\n|\n|-heal|p2a: Gliscor|85/100 tox|[from] ability: Poison Heal\n|upkeep\n|turn|22\n|\n|t:|1695181188\n|switch|p2a: Corviknight|Corviknight, F|100/100\n|-ability|p2a: Corviknight|Pressure\n|move|p1a: Great Tusk|Rapid Spin|p2a: Corviknight\n|-resisted|p2a: Corviknight\n|-damage|p2a: Corviknight|94/100\n|-boost|p1a: Great Tusk|spe|1\n|-sideend|p1: DrSliced|Spikes|[from] move: Rapid Spin|[of] p1a: Great Tusk\n|-sideend|p1: DrSliced|Stealth Rock|[from] move: Rapid Spin|[of] p1a: Great Tusk\n|\n|-heal|p2a: Corviknight|99/100|[from] item: Leftovers\n|upkeep\n|turn|23\n|\n|t:|1695181199\n|move|p1a: Great Tusk|Bulk Up|p1a: Great Tusk\n|-boost|p1a: Great Tusk|atk|1\n|-boost|p1a: Great Tusk|def|1\n|move|p2a: Corviknight|Defog|p1a: Great Tusk\n|-unboost|p1a: Great Tusk|evasion|1\n|-sideend|p2: Big Goober 666|Spikes|[from] move: Defog|[of] p2a: Corviknight\n|\n|-heal|p2a: Corviknight|100/100|[from] item: Leftovers\n|upkeep\n|turn|24\n|\n|t:|1695181203\n|move|p1a: Great Tusk|Earthquake|p2a: Corviknight\n|-immune|p2a: Corviknight\n|move|p2a: Corviknight|Iron Defense|p2a: Corviknight\n|-boost|p2a: Corviknight|def|2\n|\n|upkeep\n|turn|25\n|\n|t:|1695181206\n|-end|p1a: Great Tusk|Protosynthesis|[silent]\n|switch|p1a: Zapdos|Zapdos|100/100\n|move|p2a: Corviknight|Iron Defense|p2a: Corviknight\n|-boost|p2a: Corviknight|def|2\n|\n|upkeep\n|turn|26\n|\n|t:|1695181211\n|switch|p2a: Gliscor|Gliscor, F|85/100 tox\n|move|p1a: Zapdos|Hurricane|p2a: Gliscor\n|-damage|p2a: Gliscor|15/100 tox\n|\n|-heal|p2a: Gliscor|27/100 tox|[from] ability: Poison Heal\n|upkeep\n|turn|27\n|\n|t:|1695181217\n|move|p2a: Gliscor|Protect|p2a: Gliscor\n|-singleturn|p2a: Gliscor|Protect\n|move|p1a: Zapdos|Volt Switch|p2a: Gliscor\n|-activate|p2a: Gliscor|move: Protect\n|\n|-heal|p2a: Gliscor|39/100 tox|[from] ability: Poison Heal\n|upkeep\n|turn|28\n|\n|t:|1695181222\n|switch|p2a: Blissey|Blissey, F|80/100\n|move|p1a: Zapdos|Volt Switch|p2a: Blissey\n|-damage|p2a: Blissey|66/100\n|inactive|DrSliced has 120 seconds left.\n|\n|t:|1695181254\n|switch|p1a: Ogerpon|Ogerpon-Wellspring, F|100/100|[from] Volt Switch\n|\n|upkeep\n|turn|29\n|\n|t:|1695181259\n|switch|p2a: Dragapult|Dragapult, M|100/100\n|move|p1a: Ogerpon|Swords Dance|p1a: Ogerpon\n|-boost|p1a: Ogerpon|atk|2\n|\n|upkeep\n|turn|30\n|inactive|DrSliced has 120 seconds left.\n|\n|t:|1695181277\n|switch|p1a: Fezandipiti|Fezandipiti, M|88/100\n|-terastallize|p2a: Dragapult|Ghost\n|move|p2a: Dragapult|Shadow Ball|p1a: Fezandipiti\n|-damage|p1a: Fezandipiti|33/100\n|\n|-heal|p1a: Fezandipiti|39/100|[from] item: Leftovers\n|upkeep\n|turn|31\n|\n|t:|1695181281\n|switch|p1a: Samurott|Samurott-Hisui, F|59/100\n|move|p2a: Dragapult|Shadow Ball|p1a: Samurott\n|-resisted|p1a: Samurott\n|-damage|p1a: Samurott|5/100\n|-unboost|p1a: Samurott|spd|1\n|\n|upkeep\n|turn|32\n|\n|t:|1695181286\n|move|p1a: Samurott|Sucker Punch|p2a: Dragapult\n|-supereffective|p2a: Dragapult\n|-damage|p2a: Dragapult|20/100\n|move|p2a: Dragapult|Shadow Ball|p1a: Samurott\n|-resisted|p1a: Samurott\n|-damage|p1a: Samurott|0 fnt\n|faint|p1a: Samurott\n|\n|upkeep\n|\n|t:|1695181293\n|switch|p1a: Ceruledge|Ceruledge, M|70/100 tox\n|turn|33\n|\n|t:|1695181297\n|switch|p2a: Toxapex|Toxapex, M|60/100\n|move|p1a: Ceruledge|Bitter Blade|p2a: Toxapex\n|-resisted|p2a: Toxapex\n|-damage|p2a: Toxapex|48/100\n|-heal|p1a: Ceruledge|77/100 tox|[from] drain|[of] p2a: Toxapex\n|\n|-damage|p1a: Ceruledge|70/100 tox|[from] psn\n|upkeep\n|turn|34\n|\n|t:|1695181305\n|switch|p2a: Gliscor|Gliscor, F|39/100 tox\n|move|p1a: Ceruledge|Swords Dance|p1a: Ceruledge\n|-boost|p1a: Ceruledge|atk|2\n|\n|-damage|p1a: Ceruledge|58/100 tox|[from] psn\n|-heal|p2a: Gliscor|52/100 tox|[from] ability: Poison Heal\n|upkeep\n|turn|35\n|\n|t:|1695181310\n|move|p2a: Gliscor|Protect|p2a: Gliscor\n|-singleturn|p2a: Gliscor|Protect\n|move|p1a: Ceruledge|Bitter Blade|p2a: Gliscor\n|-activate|p2a: Gliscor|move: Protect\n|\n|-damage|p1a: Ceruledge|40/100 tox|[from] psn\n|-heal|p2a: Gliscor|64/100 tox|[from] ability: Poison Heal\n|upkeep\n|turn|36\n|\n|t:|1695181314\n|switch|p2a: Clefable|Clefable, M|100/100\n|move|p1a: Ceruledge|Bitter Blade|p2a: Clefable\n|-crit|p2a: Clefable\n|-damage|p2a: Clefable|49/100\n|-heal|p1a: Ceruledge|74/100 tox|[from] drain|[of] p2a: Clefable\n|\n|-heal|p2a: Clefable|56/100|[from] item: Leftovers\n|-damage|p1a: Ceruledge|50/100 tox|[from] psn\n|upkeep\n|turn|37\n|\n|t:|1695181319\n|move|p1a: Ceruledge|Poltergeist|p2a: Clefable\n|-activate|p2a: Clefable|move: Poltergeist|Leftovers\n|-damage|p2a: Clefable|0 fnt\n|faint|p2a: Clefable\n|\n|-damage|p1a: Ceruledge|19/100 tox|[from] psn\n|upkeep\n|\n|t:|1695181325\n|switch|p2a: Gliscor|Gliscor, F|64/100 tox\n|turn|38\n|\n|t:|1695181328\n|switch|p1a: Zapdos|Zapdos|100/100\n|move|p2a: Gliscor|Protect||[still]\n|-fail|p2a: Gliscor\n|\n|-heal|p2a: Gliscor|77/100 tox|[from] ability: Poison Heal\n|upkeep\n|turn|39\n|\n|t:|1695181335\n|move|p1a: Zapdos|Volt Switch|p2a: Gliscor\n|-immune|p2a: Gliscor\n|move|p2a: Gliscor|Spikes|p1a: Zapdos\n|-sidestart|p1: DrSliced|Spikes\n|\n|-heal|p2a: Gliscor|89/100 tox|[from] ability: Poison Heal\n|upkeep\n|turn|40\n|\n|t:|1695181340\n|move|p2a: Gliscor|Protect|p2a: Gliscor\n|-singleturn|p2a: Gliscor|Protect\n|move|p1a: Zapdos|Hurricane|p2a: Gliscor\n|-activate|p2a: Gliscor|move: Protect\n|\n|-heal|p2a: Gliscor|100/100 tox|[from] ability: Poison Heal\n|upkeep\n|turn|41\n|\n|t:|1695181343\n|move|p1a: Zapdos|Hurricane|p2a: Gliscor\n|-damage|p2a: Gliscor|32/100 tox\n|move|p2a: Gliscor|Spikes|p1a: Zapdos\n|-sidestart|p1: DrSliced|Spikes\n|\n|-heal|p2a: Gliscor|44/100 tox|[from] ability: Poison Heal\n|upkeep\n|turn|42\n|\n|t:|1695181349\n|move|p2a: Gliscor|Protect|p2a: Gliscor\n|-singleturn|p2a: Gliscor|Protect\n|move|p1a: Zapdos|Thunderbolt|p2a: Gliscor\n|-activate|p2a: Gliscor|move: Protect\n|\n|-heal|p2a: Gliscor|57/100 tox|[from] ability: Poison Heal\n|upkeep\n|turn|43\n|\n|t:|1695181352\n|switch|p2a: Blissey|Blissey, F|66/100\n|move|p1a: Zapdos|Hurricane|p2a: Blissey\n|-damage|p2a: Blissey|44/100\n|-start|p2a: Blissey|confusion\n|\n|upkeep\n|turn|44\n|\n|t:|1695181356\n|move|p1a: Zapdos|Thunderbolt|p2a: Blissey\n|-damage|p2a: Blissey|29/100\n|-activate|p2a: Blissey|confusion\n|move|p2a: Blissey|Soft-Boiled|p2a: Blissey\n|-heal|p2a: Blissey|79/100\n|\n|upkeep\n|turn|45\n|\n|t:|1695181360\n|move|p1a: Zapdos|Volt Switch|p2a: Blissey\n|-damage|p2a: Blissey|67/100\n|\n|t:|1695181362\n|switch|p1a: Great Tusk|Great Tusk|80/100|[from] Volt Switch\n|-damage|p1a: Great Tusk|64/100|[from] Spikes\n|-end|p2a: Blissey|confusion\n|move|p2a: Blissey|Soft-Boiled|p2a: Blissey\n|-heal|p2a: Blissey|100/100\n|\n|upkeep\n|turn|46\n|\n|t:|1695181370\n|switch|p2a: Corviknight|Corviknight, F|100/100\n|-ability|p2a: Corviknight|Pressure\n|move|p1a: Great Tusk|Earthquake|p2a: Corviknight\n|-immune|p2a: Corviknight\n|\n|upkeep\n|turn|47\n|\n|t:|1695181377\n|-end|p1a: Great Tusk|Protosynthesis|[silent]\n|switch|p1a: Zapdos|Zapdos|100/100\n|switch|p2a: Gliscor|Gliscor, F|57/100 tox\n|\n|-heal|p2a: Gliscor|69/100 tox|[from] ability: Poison Heal\n|upkeep\n|turn|48\n|\n|t:|1695181391\n|switch|p1a: Fezandipiti|Fezandipiti, M|39/100\n|-damage|p1a: Fezandipiti|22/100|[from] Spikes\n|move|p2a: Gliscor|Protect||[still]\n|-fail|p2a: Gliscor\n|\n|-heal|p1a: Fezandipiti|28/100|[from] item: Leftovers\n|-heal|p2a: Gliscor|82/100 tox|[from] ability: Poison Heal\n|upkeep\n|turn|49\n|\n|t:|1695181395\n|-terastallize|p1a: Fezandipiti|Water\n|move|p1a: Fezandipiti|Roost|p1a: Fezandipiti\n|-heal|p1a: Fezandipiti|78/100\n|move|p2a: Gliscor|Earthquake|p1a: Fezandipiti\n|-damage|p1a: Fezandipiti|46/100\n|\n|-heal|p1a: Fezandipiti|52/100|[from] item: Leftovers\n|-heal|p2a: Gliscor|94/100 tox|[from] ability: Poison Heal\n|upkeep\n|turn|50\n|\n|t:|1695181399\n|move|p1a: Fezandipiti|Roost|p1a: Fezandipiti\n|-heal|p1a: Fezandipiti|100/100\n|move|p2a: Gliscor|Knock Off|p1a: Fezandipiti\n|-damage|p1a: Fezandipiti|79/100\n|-enditem|p1a: Fezandipiti|Leftovers|[from] move: Knock Off|[of] p2a: Gliscor\n|\n|-heal|p2a: Gliscor|100/100 tox|[from] ability: Poison Heal\n|upkeep\n|turn|51\n|\n|t:|1695181403\n|move|p1a: Fezandipiti|Moonblast|p2a: Gliscor\n|-damage|p2a: Gliscor|74/100 tox\n|-unboost|p2a: Gliscor|spa|1\n|move|p2a: Gliscor|Spikes|p1a: Fezandipiti\n|-sidestart|p1: DrSliced|Spikes\n|\n|-heal|p2a: Gliscor|87/100 tox|[from] ability: Poison Heal\n|upkeep\n|turn|52\n|\n|t:|1695181407\n|move|p1a: Fezandipiti|U-turn|p2a: Gliscor\n|-resisted|p2a: Gliscor\n|-damage|p2a: Gliscor|82/100 tox\n|\n|t:|1695181409\n|switch|p1a: Zapdos|Zapdos|100/100|[from] U-turn\n|move|p2a: Gliscor|Earthquake|p1a: Zapdos\n|-immune|p1a: Zapdos\n|\n|-heal|p2a: Gliscor|95/100 tox|[from] ability: Poison Heal\n|upkeep\n|turn|53\n|\n|t:|1695181421\n|switch|p1a: Ogerpon|Ogerpon-Wellspring, F|100/100\n|-damage|p1a: Ogerpon|76/100|[from] Spikes\n|move|p2a: Gliscor|Knock Off|p1a: Ogerpon\n|-damage|p1a: Ogerpon|58/100\n|\n|-heal|p2a: Gliscor|100/100 tox|[from] ability: Poison Heal\n|upkeep\n|turn|54\n|\n|t:|1695181434\n|move|p1a: Ogerpon|Swords Dance|p1a: Ogerpon\n|-boost|p1a: Ogerpon|atk|2\n|move|p2a: Gliscor|Earthquake|p1a: Ogerpon\n|-resisted|p1a: Ogerpon\n|-damage|p1a: Ogerpon|37/100\n|\n|upkeep\n|turn|55\n|\n|t:|1695181439\n|switch|p2a: Corviknight|Corviknight, F|100/100\n|-ability|p2a: Corviknight|Pressure\n|move|p1a: Ogerpon|Horn Leech|p2a: Corviknight\n|-resisted|p2a: Corviknight\n|-damage|p2a: Corviknight|86/100\n|-heal|p1a: Ogerpon|46/100|[from] drain|[of] p2a: Corviknight\n|\n|-heal|p2a: Corviknight|93/100|[from] item: Leftovers\n|upkeep\n|turn|56\n|\n|t:|1695181444\n|move|p1a: Ogerpon|Ivy Cudgel|p2a: Corviknight\n|-crit|p2a: Corviknight\n|-damage|p2a: Corviknight|0 fnt\n|faint|p2a: Corviknight\n|\n|upkeep\n|\n|t:|1695181447\n|switch|p2a: Dragapult|Dragapult, M, tera:Ghost|20/100\n|turn|57\n|\n|t:|1695181453\n|switch|p1a: Ceruledge|Ceruledge, M|19/100 tox\n|-damage|p1a: Ceruledge|0 fnt|[from] Spikes\n|faint|p1a: Ceruledge\n|move|p2a: Dragapult|Shadow Ball|p1: Ceruledge|[notarget]\n|-fail|p2a: Dragapult\n|\n|upkeep\n|\n|t:|1695181456\n|switch|p1a: Fezandipiti|Fezandipiti, M, tera:Water|79/100\n|-damage|p1a: Fezandipiti|54/100|[from] Spikes\n|turn|58\n|\n|t:|1695181472\n|switch|p2a: Toxapex|Toxapex, M|81/100\n|move|p1a: Fezandipiti|Moonblast|p2a: Toxapex\n|-resisted|p2a: Toxapex\n|-damage|p2a: Toxapex|72/100\n|\n|upkeep\n|turn|59\n|\n|t:|1695181484\n|switch|p2a: Gliscor|Gliscor, F|100/100 tox\n|move|p1a: Fezandipiti|Roost|p1a: Fezandipiti\n|-heal|p1a: Fezandipiti|100/100\n|\n|upkeep\n|turn|60\n|\n|t:|1695181488\n|move|p1a: Fezandipiti|U-turn|p2a: Gliscor\n|-resisted|p2a: Gliscor\n|-damage|p2a: Gliscor|96/100 tox\n|\n|t:|1695181490\n|switch|p1a: Zapdos|Zapdos|100/100|[from] U-turn\n|move|p2a: Gliscor|Earthquake|p1a: Zapdos\n|-immune|p1a: Zapdos\n|\n|-heal|p2a: Gliscor|100/100 tox|[from] ability: Poison Heal\n|upkeep\n|turn|61\n|\n|t:|1695181496\n|switch|p2a: Blissey|Blissey, F|100/100\n|move|p1a: Zapdos|Thunderbolt|p2a: Blissey\n|-damage|p2a: Blissey|85/100\n|\n|upkeep\n|turn|62\n|\n|t:|1695181502\n|move|p1a: Zapdos|Volt Switch|p2a: Blissey\n|-damage|p2a: Blissey|73/100\n|\n|t:|1695181504\n|switch|p1a: Great Tusk|Great Tusk|64/100|[from] Volt Switch\n|-damage|p1a: Great Tusk|39/100|[from] Spikes\n|move|p2a: Blissey|Stealth Rock|p1a: Great Tusk\n|-sidestart|p1: DrSliced|move: Stealth Rock\n|\n|upkeep\n|turn|63\n|\n|t:|1695181511\n|move|p1a: Great Tusk|Earthquake|p2a: Blissey\n|-damage|p2a: Blissey|30/100\n|move|p2a: Blissey|Seismic Toss|p1a: Great Tusk\n|-damage|p1a: Great Tusk|16/100\n|\n|upkeep\n|turn|64\n|\n|t:|1695181516\n|switch|p2a: Gliscor|Gliscor, F|100/100 tox\n|move|p1a: Great Tusk|Rapid Spin|p2a: Gliscor\n|-damage|p2a: Gliscor|92/100 tox\n|-boost|p1a: Great Tusk|spe|1\n|-sideend|p1: DrSliced|Spikes|[from] move: Rapid Spin|[of] p1a: Great Tusk\n|-sideend|p1: DrSliced|Stealth Rock|[from] move: Rapid Spin|[of] p1a: Great Tusk\n|\n|-heal|p2a: Gliscor|100/100 tox|[from] ability: Poison Heal\n|upkeep\n|turn|65\n|\n|t:|1695181523\n|-end|p1a: Great Tusk|Protosynthesis|[silent]\n|switch|p1a: Ogerpon|Ogerpon-Wellspring, F|46/100\n|move|p2a: Gliscor|Spikes|p1a: Ogerpon\n|-sidestart|p1: DrSliced|Spikes\n|\n|upkeep\n|turn|66\n|\n|t:|1695181526\n|switch|p2a: Toxapex|Toxapex, M|100/100\n|move|p1a: Ogerpon|Trailblaze|p2a: Toxapex\n|-damage|p2a: Toxapex|83/100\n|-boost|p1a: Ogerpon|spe|1\n|\n|upkeep\n|turn|67\n|\n|t:|1695181531\n|move|p1a: Ogerpon|Swords Dance|p1a: Ogerpon\n|-boost|p1a: Ogerpon|atk|2\n|move|p2a: Toxapex|Toxic|p1a: Ogerpon\n|-status|p1a: Ogerpon|tox\n|\n|-damage|p1a: Ogerpon|40/100 tox|[from] psn\n|upkeep\n|turn|68\n|\n|t:|1695181534\n|move|p1a: Ogerpon|Horn Leech|p2a: Toxapex\n|-damage|p2a: Toxapex|29/100\n|-heal|p1a: Ogerpon|67/100 tox|[from] drain|[of] p2a: Toxapex\n|move|p2a: Toxapex|Haze|p2a: Toxapex\n|-clearallboost\n|\n|-damage|p1a: Ogerpon|55/100 tox|[from] psn\n|upkeep\n|turn|69\n|\n|t:|1695181544\n|move|p1a: Ogerpon|Horn Leech|p2a: Toxapex\n|-damage|p2a: Toxapex|3/100\n|-heal|p1a: Ogerpon|69/100 tox|[from] drain|[of] p2a: Toxapex\n|move|p2a: Toxapex|Recover|p2a: Toxapex\n|-heal|p2a: Toxapex|53/100\n|\n|-damage|p1a: Ogerpon|51/100 tox|[from] psn\n|upkeep\n|turn|70\n|\n|t:|1695181552\n|switch|p1a: Zapdos|Zapdos|100/100\n|move|p2a: Toxapex|Toxic Spikes|p1a: Zapdos\n|-sidestart|p1: DrSliced|move: Toxic Spikes\n|\n|upkeep\n|turn|71\n|\n|t:|1695181557\n|switch|p2a: Gliscor|Gliscor, F|100/100 tox\n|move|p1a: Zapdos|Hurricane|p2a: Gliscor\n|-damage|p2a: Gliscor|38/100 tox\n|-start|p2a: Gliscor|confusion\n|\n|-heal|p2a: Gliscor|50/100 tox|[from] ability: Poison Heal\n|upkeep\n|turn|72\n|\n|t:|1695181564\n|-activate|p2a: Gliscor|confusion\n|move|p2a: Gliscor|Protect|p2a: Gliscor\n|-singleturn|p2a: Gliscor|Protect\n|move|p1a: Zapdos|Hurricane|p2a: Gliscor\n|-activate|p2a: Gliscor|move: Protect\n|\n|-heal|p2a: Gliscor|63/100 tox|[from] ability: Poison Heal\n|upkeep\n|turn|73\n|\n|t:|1695181578\n|move|p1a: Zapdos|Hurricane|p2a: Gliscor\n|-crit|p2a: Gliscor\n|-damage|p2a: Gliscor|0 fnt\n|faint|p2a: Gliscor\n|\n|upkeep\n|\n|t:|1695181580\n|switch|p2a: Dragapult|Dragapult, M, tera:Ghost|20/100\n|turn|74\n|\n|t:|1695181591\n|switch|p1a: Great Tusk|Great Tusk|16/100\n|-damage|p1a: Great Tusk|3/100|[from] Spikes\n|-status|p1a: Great Tusk|psn\n|move|p2a: Dragapult|Draco Meteor|p1a: Great Tusk\n|-damage|p1a: Great Tusk|0 fnt\n|-unboost|p2a: Dragapult|spa|2\n|faint|p1a: Great Tusk\n|-end|p1a: Great Tusk|Protosynthesis|[silent]\n|\n|upkeep\n|inactive|DrSliced has 120 seconds left.\n|\n|t:|1695181619\n|switch|p1a: Zapdos|Zapdos|100/100\n|turn|75\n|\n|t:|1695181626\n|switch|p2a: Toxapex|Toxapex, M|86/100\n|move|p1a: Zapdos|Thunderbolt|p2a: Toxapex\n|-supereffective|p2a: Toxapex\n|-damage|p2a: Toxapex|8/100\n|\n|upkeep\n|turn|76\n|\n|t:|1695181631\n|move|p1a: Zapdos|Thunderbolt|p2a: Toxapex\n|-supereffective|p2a: Toxapex\n|-damage|p2a: Toxapex|0 fnt\n|faint|p2a: Toxapex\n|\n|upkeep\n|\n|t:|1695181632\n|switch|p2a: Blissey|Blissey, F|30/100\n|turn|77\n|j| JuiceInAbag\n|\n|t:|1695181660\n|move|p1a: Zapdos|Thunderbolt|p2a: Blissey\n|-damage|p2a: Blissey|15/100\n|-status|p2a: Blissey|par\n|move|p2a: Blissey|Soft-Boiled|p2a: Blissey\n|-heal|p2a: Blissey|65/100 par\n|\n|upkeep\n|turn|78\n|\n|t:|1695181664\n|move|p1a: Zapdos|Hurricane|p2a: Blissey|[miss]\n|-miss|p1a: Zapdos|p2a: Blissey\n|move|p2a: Blissey|Soft-Boiled|p2a: Blissey\n|-heal|p2a: Blissey|100/100 par\n|\n|upkeep\n|turn|79\n|\n|t:|1695181666\n|move|p1a: Zapdos|Hurricane|p2a: Blissey\n|-damage|p2a: Blissey|80/100 par\n|move|p2a: Blissey|Seismic Toss|p1a: Zapdos\n|-damage|p1a: Zapdos|69/100\n|\n|upkeep\n|turn|80\n|\n|t:|1695181670\n|move|p1a: Zapdos|Roost|p1a: Zapdos\n|-heal|p1a: Zapdos|100/100\n|-singleturn|p1a: Zapdos|move: Roost\n|move|p2a: Blissey|Seismic Toss|p1a: Zapdos\n|-damage|p1a: Zapdos|69/100\n|\n|upkeep\n|turn|81\n|l| JuiceInAbag\n|\n|t:|1695181687\n|move|p1a: Zapdos|Hurricane|p2a: Blissey\n|-damage|p2a: Blissey|59/100 par\n|-start|p2a: Blissey|confusion\n|-activate|p2a: Blissey|confusion\n|-damage|p2a: Blissey|58/100 par|[from] confusion\n|\n|upkeep\n|turn|82\n|\n|t:|1695181691\n|move|p1a: Zapdos|Roost|p1a: Zapdos\n|-heal|p1a: Zapdos|100/100\n|-singleturn|p1a: Zapdos|move: Roost\n|-end|p2a: Blissey|confusion\n|cant|p2a: Blissey|par\n|\n|upkeep\n|turn|83\n|\n|t:|1695181696\n|move|p1a: Zapdos|Volt Switch|p2a: Blissey\n|-damage|p2a: Blissey|46/100 par\n|\n|t:|1695181697\n|switch|p1a: Fezandipiti|Fezandipiti, M, tera:Water|100/100|[from] Volt Switch\n|-damage|p1a: Fezandipiti|88/100|[from] Spikes\n|-status|p1a: Fezandipiti|psn\n|move|p2a: Blissey|Soft-Boiled|p2a: Blissey\n|-heal|p2a: Blissey|96/100 par\n|\n|-damage|p1a: Fezandipiti|76/100 psn|[from] psn\n|upkeep\n|turn|84\n|\n|t:|1695181701\n|move|p1a: Fezandipiti|Poison Jab|p2a: Blissey\n|-damage|p2a: Blissey|70/100 par\n|move|p2a: Blissey|Seismic Toss|p1a: Fezandipiti\n|-damage|p1a: Fezandipiti|49/100 psn\n|\n|-damage|p1a: Fezandipiti|37/100 psn|[from] psn\n|upkeep\n|turn|85\n|\n|t:|1695181706\n|-curestatus|p2a: Blissey|par|[from] ability: Natural Cure\n|switch|p2a: Dragapult|Dragapult, M, tera:Ghost|20/100\n|move|p1a: Fezandipiti|Roost|p1a: Fezandipiti\n|-heal|p1a: Fezandipiti|87/100 psn\n|\n|-damage|p1a: Fezandipiti|75/100 psn|[from] psn\n|upkeep\n|turn|86\n|\n|t:|1695181711\n|move|p2a: Dragapult|Draco Meteor|p1a: Fezandipiti\n|-damage|p1a: Fezandipiti|14/100 psn\n|-unboost|p2a: Dragapult|spa|2\n|move|p1a: Fezandipiti|Moonblast|p2a: Dragapult\n|-damage|p2a: Dragapult|0 fnt\n|faint|p2a: Dragapult\n|\n|-damage|p1a: Fezandipiti|1/100 psn|[from] psn\n|upkeep\n|\n|t:|1695181715\n|switch|p2a: Blissey|Blissey, F|70/100\n|turn|87\n|\n|t:|1695181718\n|move|p1a: Fezandipiti|Roost|p1a: Fezandipiti\n|-heal|p1a: Fezandipiti|51/100 psn\n|move|p2a: Blissey|Seismic Toss|p1a: Fezandipiti\n|-damage|p1a: Fezandipiti|25/100 psn\n|\n|-damage|p1a: Fezandipiti|13/100 psn|[from] psn\n|upkeep\n|turn|88\n|\n|t:|1695181720\n|move|p1a: Fezandipiti|Roost|p1a: Fezandipiti\n|-heal|p1a: Fezandipiti|63/100 psn\n|move|p2a: Blissey|Seismic Toss|p1a: Fezandipiti\n|-damage|p1a: Fezandipiti|36/100 psn\n|\n|-damage|p1a: Fezandipiti|24/100 psn|[from] psn\n|upkeep\n|turn|89\n|\n|t:|1695181723\n|move|p1a: Fezandipiti|Roost|p1a: Fezandipiti\n|-heal|p1a: Fezandipiti|74/100 psn\n|move|p2a: Blissey|Seismic Toss|p1a: Fezandipiti\n|-damage|p1a: Fezandipiti|48/100 psn\n|\n|-damage|p1a: Fezandipiti|35/100 psn|[from] psn\n|upkeep\n|turn|90\n|\n|t:|1695181726\n|move|p1a: Fezandipiti|Roost|p1a: Fezandipiti\n|-heal|p1a: Fezandipiti|85/100 psn\n|move|p2a: Blissey|Seismic Toss|p1a: Fezandipiti\n|-damage|p1a: Fezandipiti|59/100 psn\n|\n|-damage|p1a: Fezandipiti|47/100 psn|[from] psn\n|upkeep\n|turn|91\n|\n|t:|1695181730\n|move|p1a: Fezandipiti|Poison Jab|p2a: Blissey\n|-damage|p2a: Blissey|46/100\n|move|p2a: Blissey|Seismic Toss|p1a: Fezandipiti\n|-damage|p1a: Fezandipiti|20/100 psn\n|\n|-damage|p1a: Fezandipiti|8/100 psn|[from] psn\n|upkeep\n|turn|92\n|\n|t:|1695181733\n|move|p1a: Fezandipiti|Poison Jab|p2a: Blissey\n|-damage|p2a: Blissey|22/100\n|move|p2a: Blissey|Soft-Boiled|p2a: Blissey\n|-heal|p2a: Blissey|72/100\n|\n|-damage|p1a: Fezandipiti|0 fnt|[from] psn\n|faint|p1a: Fezandipiti\n|upkeep\n|\n|t:|1695181741\n|switch|p1a: Zapdos|Zapdos|100/100\n|turn|93\n|-message|Big Goober 666 forfeited.\n|\n|win|DrSliced\n|raw|DrSliced's rating: 1650 &rarr; <strong>1680</strong><br />(+30 for winning)\n|raw|Big Goober 666's rating: 1843 &rarr; <strong>1813</strong><br />(-30 for losing)\n|l|\u203dBig Goober 666\n|c|\u2606DrSliced|gg\n", "uploadtime": 1695181761, "views": 4, "p1id": "drsliced", "p2id": "biggoober666", "formatid": "gen9ou", "rating": 1680, "private": 0, "password": ""}