{"id": "gen9ou-1947659150", "p1": "Emilpup", "p2": "jimmination", "format": "gen9ou", "log": "|j|\u2606Emilpup\n|j|\u2606jimmination\n|t:|1695183190\n|gametype|singles\n|player|p1|Emilpup|leon-tower|1170\n|player|p2|jimmination|rancher|1147\n|teamsize|p1|6\n|teamsize|p2|6\n|gen|9\n|tier|[Gen 9] OU\n|rated|\n|rule|Sleep Clause Mod: Limit one foe put to sleep\n|rule|Species Clause: Limit one of each Pok\u00e9mon\n|rule|OHKO Clause: OHKO moves are banned\n|rule|Evasion Items Clause: Evasion items are banned\n|rule|Evasion Moves Clause: Evasion moves are banned\n|rule|Endless Battle Clause: Forcing endless battles is banned\n|rule|HP Percentage Mod: HP is shown in percentages\n|clearpoke\n|poke|p1|Okidogi, M|\n|poke|p1|Ursaluna-Bloodmoon, M|\n|poke|p1|Ursaring, F|\n|poke|p1|Cinderace, F|\n|poke|p1|Enamorus, F|\n|poke|p1|Ogerpon-Wellspring, F|\n|poke|p2|Ursaluna-Bloodmoon, M|\n|poke|p2|Kingambit, F|\n|poke|p2|Landorus-Therian, M|\n|poke|p2|Cinderace, M|\n|poke|p2|Gholdengo|\n|poke|p2|Slowking-Galar, M|\n|teampreview\n|inactive|Battle timer is ON: inactive players will automatically lose when time's up. (requested by Emilpup)\n|\n|t:|1695183218\n|start\n|switch|p1a: Yuichi|Ursaring, F|100/100\n|switch|p2a: Slowking|Slowking-Galar, M|100/100\n|turn|1\n|\n|t:|1695183231\n|move|p1a: Yuichi|Earthquake|p2a: Slowking\n|-supereffective|p2a: Slowking\n|-damage|p2a: Slowking|36/100\n|move|p2a: Slowking|Thunder Wave|p1a: Yuichi\n|-status|p1a: Yuichi|par\n|\n|upkeep\n|turn|2\n|\n|t:|1695183242\n|switch|p2a: Gholdengo|Gholdengo|100/100\n|-item|p2a: Gholdengo|Air Balloon\n|cant|p1a: Yuichi|par\n|\n|upkeep\n|turn|3\n|\n|t:|1695183252\n|move|p2a: Gholdengo|Make It Rain|p1a: Yuichi\n|-damage|p1a: Yuichi|51/100 par\n|-unboost|p2a: Gholdengo|spa|1\n|move|p1a: Yuichi|Crunch|p2a: Gholdengo\n|-supereffective|p2a: Gholdengo\n|-damage|p2a: Gholdengo|13/100\n|-enditem|p2a: Gholdengo|Air Balloon\n|\n|upkeep\n|turn|4\n|\n|t:|1695183268\n|switch|p2a: Kingambit|Kingambit, F|100/100\n|move|p1a: Yuichi|Crunch|p2a: Kingambit\n|-resisted|p2a: Kingambit\n|-damage|p2a: Kingambit|85/100\n|\n|upkeep\n|turn|5\n|\n|t:|1695183275\n|move|p2a: Kingambit|Swords Dance|p2a: Kingambit\n|-boost|p2a: Kingambit|atk|2\n|move|p1a: Yuichi|Earthquake|p2a: Kingambit\n|-supereffective|p2a: Kingambit\n|-damage|p2a: Kingambit|7/100\n|\n|upkeep\n|turn|6\n|\n|t:|1695183298\n|move|p2a: Kingambit|Kowtow Cleave|p1a: Yuichi\n|-damage|p1a: Yuichi|0 fnt\n|faint|p1a: Yuichi\n|\n|upkeep\n|\n|t:|1695183305\n|switch|p1a: Cherrybomb|Cinderace, F, shiny|100/100\n|turn|7\n|\n|t:|1695183311\n|move|p2a: Kingambit|Sucker Punch||[still]\n|-fail|p2a: Kingambit\n|move|p1a: Cherrybomb|Will-O-Wisp|p2a: Kingambit\n|-status|p2a: Kingambit|brn\n|\n|-damage|p2a: Kingambit|1/100 brn|[from] brn\n|upkeep\n|turn|8\n|\n|t:|1695183320\n|switch|p1a: Strawberry|Enamorus, F|100/100\n|move|p2a: Kingambit|Sucker Punch||[still]\n|-fail|p2a: Kingambit\n|\n|-damage|p2a: Kingambit|0 fnt|[from] brn\n|faint|p2a: Kingambit\n|-end|p2a: Kingambit|fallenundefined|[silent]\n|upkeep\n|\n|t:|1695183329\n|switch|p2a: Slowking|Slowking-Galar, M|69/100\n|turn|9\n|\n|t:|1695183333\n|move|p1a: Strawberry|Earth Power|p2a: Slowking\n|-supereffective|p2a: Slowking\n|-damage|p2a: Slowking|24/100\n|move|p2a: Slowking|Thunder Wave|p1a: Strawberry\n|-status|p1a: Strawberry|par\n|\n|upkeep\n|turn|10\n|\n|t:|1695183344\n|switch|p1a: Cherrybomb|Cinderace, F, shiny|100/100\n|switch|p2a: Landorus|Landorus-Therian, M|100/100\n|-ability|p2a: Landorus|Intimidate|boost\n|-unboost|p1a: Cherrybomb|atk|1\n|\n|upkeep\n|turn|11\n|\n|t:|1695183352\n|move|p1a: Cherrybomb|Will-O-Wisp|p2a: Landorus\n|-status|p2a: Landorus|brn\n|move|p2a: Landorus|Stealth Rock|p1a: Cherrybomb\n|-sidestart|p1: Emilpup|move: Stealth Rock\n|\n|-damage|p2a: Landorus|94/100 brn|[from] brn\n|upkeep\n|turn|12\n|\n|t:|1695183365\n|move|p1a: Cherrybomb|Court Change|p1a: Cherrybomb\n|-swapsideconditions\n|-activate|p1a: Cherrybomb|move: Court Change\n|move|p2a: Landorus|Taunt|p1a: Cherrybomb\n|-start|p1a: Cherrybomb|move: Taunt\n|\n|-heal|p2a: Landorus|100/100 brn|[from] item: Leftovers\n|-damage|p2a: Landorus|94/100 brn|[from] brn\n|upkeep\n|turn|13\n|\n|t:|1695183375\n|switch|p1a: Strawberry|Enamorus, F|100/100 par\n|move|p2a: Landorus|Stealth Rock|p1a: Strawberry\n|-sidestart|p1: Emilpup|move: Stealth Rock\n|\n|-heal|p2a: Landorus|100/100 brn|[from] item: Leftovers\n|-damage|p2a: Landorus|94/100 brn|[from] brn\n|upkeep\n|turn|14\n|\n|t:|1695183384\n|move|p1a: Strawberry|Moonblast|p2a: Landorus\n|-damage|p2a: Landorus|38/100 brn\n|move|p2a: Landorus|U-turn|p1a: Strawberry\n|-resisted|p1a: Strawberry\n|-damage|p1a: Strawberry|96/100 par\n|\n|t:|1695183390\n|switch|p2a: Slowking|Slowking-Galar, M|57/100|[from] U-turn\n|\n|upkeep\n|turn|15\n|\n|t:|1695183402\n|switch|p1a: Cherrybomb|Cinderace, F, shiny|100/100\n|move|p2a: Slowking|Psychic|p1a: Cherrybomb\n|-damage|p1a: Cherrybomb|55/100\n|\n|upkeep\n|turn|16\n|\n|t:|1695183411\n|move|p1a: Cherrybomb|Pyro Ball|p2a: Slowking\n|-damage|p2a: Slowking|11/100\n|-status|p2a: Slowking|brn\n|move|p2a: Slowking|Thunder Wave|p1a: Cherrybomb\n|-status|p1a: Cherrybomb|par\n|\n|-damage|p2a: Slowking|5/100 brn|[from] brn\n|upkeep\n|turn|17\n|\n|t:|1695183423\n|switch|p2a: Landorus|Landorus-Therian, M|38/100 brn\n|-damage|p2a: Landorus|25/100 brn|[from] Stealth Rock\n|-ability|p2a: Landorus|Intimidate|boost\n|-unboost|p1a: Cherrybomb|atk|1\n|move|p1a: Cherrybomb|U-turn|p2a: Landorus\n|-resisted|p2a: Landorus\n|-damage|p2a: Landorus|20/100 brn\n|\n|t:|1695183430\n|switch|p1a: Strawberry|Enamorus, F|96/100 par|[from] U-turn\n|-damage|p1a: Strawberry|72/100 par|[from] Stealth Rock\n|\n|-heal|p2a: Landorus|26/100 brn|[from] item: Leftovers\n|-damage|p2a: Landorus|20/100 brn|[from] brn\n|upkeep\n|turn|18\n|\n|t:|1695183437\n|move|p1a: Strawberry|Psychic|p2a: Landorus\n|-damage|p2a: Landorus|0 fnt\n|faint|p2a: Landorus\n|\n|upkeep\n|\n|t:|1695183442\n|switch|p2a: Slowking|Slowking-Galar, M|38/100 brn\n|turn|19\n|\n|t:|1695183446\n|move|p1a: Strawberry|Psychic|p2a: Slowking\n|-damage|p2a: Slowking|14/100 brn\n|move|p2a: Slowking|Psychic|p1a: Strawberry\n|-damage|p1a: Strawberry|23/100 par\n|\n|-damage|p2a: Slowking|8/100 brn|[from] brn\n|upkeep\n|turn|20\n|\n|t:|1695183472\n|switch|p2a: Cinderace|Cinderace, M|100/100\n|move|p1a: Strawberry|Psychic|p2a: Cinderace\n|-damage|p2a: Cinderace|58/100\n|\n|upkeep\n|turn|21\n|\n|t:|1695183482\n|move|p2a: Cinderace|U-turn|p1a: Strawberry\n|-start|p2a: Cinderace|typechange|Bug|[from] ability: Libero\n|-resisted|p1a: Strawberry\n|-damage|p1a: Strawberry|9/100 par\n|\n|t:|1695183489\n|switch|p2a: Gholdengo|Gholdengo|13/100|[from] U-turn\n|-damage|p2a: Gholdengo|7/100|[from] Stealth Rock\n|move|p1a: Strawberry|Psychic|p2a: Gholdengo\n|-resisted|p2a: Gholdengo\n|-damage|p2a: Gholdengo|0 fnt\n|faint|p2a: Gholdengo\n|\n|upkeep\n|\n|t:|1695183497\n|switch|p2a: Cinderace|Cinderace, M|58/100\n|turn|22\n|\n|t:|1695183503\n|switch|p1a: Cherrybomb|Cinderace, F, shiny|55/100 par\n|move|p2a: Cinderace|U-turn|p1a: Cherrybomb\n|-start|p2a: Cinderace|typechange|Bug|[from] ability: Libero\n|-resisted|p1a: Cherrybomb\n|-damage|p1a: Cherrybomb|31/100 par\n|\n|t:|1695183511\n|switch|p2a: Ursaluna|Ursaluna-Bloodmoon, M|100/100|[from] U-turn\n|-damage|p2a: Ursaluna|94/100|[from] Stealth Rock\n|\n|-heal|p2a: Ursaluna|100/100|[from] item: Leftovers\n|upkeep\n|turn|23\n|\n|t:|1695183518\n|cant|p1a: Cherrybomb|par\n|move|p2a: Ursaluna|Calm Mind|p2a: Ursaluna\n|-boost|p2a: Ursaluna|spa|1\n|-boost|p2a: Ursaluna|spd|1\n|\n|upkeep\n|turn|24\n|\n|t:|1695183523\n|move|p1a: Cherrybomb|Pyro Ball|p2a: Ursaluna\n|-damage|p2a: Ursaluna|37/100\n|-status|p2a: Ursaluna|brn\n|move|p2a: Ursaluna|Calm Mind|p2a: Ursaluna\n|-boost|p2a: Ursaluna|spa|1\n|-boost|p2a: Ursaluna|spd|1\n|\n|-heal|p2a: Ursaluna|44/100 brn|[from] item: Leftovers\n|-damage|p2a: Ursaluna|37/100 brn|[from] brn\n|upkeep\n|turn|25\n|\n|t:|1695183536\n|move|p2a: Ursaluna|Vacuum Wave|p1a: Cherrybomb\n|-damage|p1a: Cherrybomb|0 fnt\n|faint|p1a: Cherrybomb\n|\n|-heal|p2a: Ursaluna|44/100 brn|[from] item: Leftovers\n|-damage|p2a: Ursaluna|37/100 brn|[from] brn\n|upkeep\n|\n|t:|1695183552\n|switch|p1a: Inu Yasha|Okidogi, M|100/100\n|-damage|p1a: Inu Yasha|94/100|[from] Stealth Rock\n|turn|26\n|\n|t:|1695183565\n|-terastallize|p1a: Inu Yasha|Flying\n|move|p2a: Ursaluna|Vacuum Wave|p1a: Inu Yasha\n|-resisted|p1a: Inu Yasha\n|-damage|p1a: Inu Yasha|79/100\n|move|p1a: Inu Yasha|Drain Punch|p2a: Ursaluna\n|-supereffective|p2a: Ursaluna\n|-damage|p2a: Ursaluna|0 fnt\n|-heal|p1a: Inu Yasha|100/100|[from] drain|[of] p2a: Ursaluna\n|faint|p2a: Ursaluna\n|\n|upkeep\n|\n|t:|1695183585\n|switch|p2a: Slowking|Slowking-Galar, M|41/100 brn\n|turn|27\n|\n|t:|1695183589\n|move|p1a: Inu Yasha|Tera Blast|p2a: Slowking\n|-damage|p2a: Slowking|6/100 brn\n|move|p2a: Slowking|Thunder Wave|p1a: Inu Yasha\n|-status|p1a: Inu Yasha|par\n|\n|-damage|p2a: Slowking|0 fnt|[from] brn\n|faint|p2a: Slowking\n|upkeep\n|\n|t:|1695183596\n|switch|p2a: Cinderace|Cinderace, M|58/100\n|turn|28\n|\n|t:|1695183601\n|-terastallize|p2a: Cinderace|Fire\n|move|p2a: Cinderace|Pyro Ball|p1a: Inu Yasha\n|-damage|p1a: Inu Yasha|42/100 par\n|cant|p1a: Inu Yasha|par\n|\n|-heal|p1a: Inu Yasha|48/100 par|[from] item: Leftovers\n|upkeep\n|turn|29\n|\n|t:|1695183609\n|move|p2a: Cinderace|Pyro Ball|p1a: Inu Yasha\n|-damage|p1a: Inu Yasha|0 fnt\n|faint|p1a: Inu Yasha\n|\n|upkeep\n|\n|t:|1695183616\n|switch|p1a: Orenji|Ursaluna-Bloodmoon, M|100/100\n|-damage|p1a: Orenji|94/100|[from] Stealth Rock\n|turn|30\n|\n|t:|1695183622\n|move|p2a: Cinderace|Pyro Ball|p1a: Orenji\n|-damage|p1a: Orenji|30/100\n|move|p1a: Orenji|Focus Blast|p2a: Cinderace\n|-damage|p2a: Cinderace|0 fnt\n|faint|p2a: Cinderace\n|\n|win|Emilpup\n|raw|Emilpup's rating: 1170 &rarr; <strong>1193</strong><br />(+23 for winning)\n|raw|jimmination's rating: 1147 &rarr; <strong>1124</strong><br />(-23 for losing)\n|l|\u2606jimmination\n", "uploadtime": 1695183640, "views": 4, "p1id": "emilpup", "p2id": "jimmination", "formatid": "gen9ou", "rating": 1124, "private": 0, "password": ""}