{"id": "gen9ou-1947692774", "p1": "blazingfox4", "p2": "JachiMalz", "format": "gen9ou", "log": "|j|\u2606blazingfox4\n|j|\u2606JachiMalz\n|t:|1695187960\n|gametype|singles\n|player|p1|blazingfox4|blackbelt-gen4dp|1302\n|player|p2|JachiMalz|rocketgruntf|1349\n|teamsize|p1|6\n|teamsize|p2|6\n|gen|9\n|tier|[Gen 9] OU\n|rated|\n|rule|Sleep Clause Mod: Limit one foe put to sleep\n|rule|Species Clause: Limit one of each Pok\u00e9mon\n|rule|OHKO Clause: OHKO moves are banned\n|rule|Evasion Items Clause: Evasion items are banned\n|rule|Evasion Moves Clause: Evasion moves are banned\n|rule|Endless Battle Clause: Forcing endless battles is banned\n|rule|HP Percentage Mod: HP is shown in percentages\n|clearpoke\n|poke|p1|Torterra, M|\n|poke|p1|Slowking-Galar, M|\n|poke|p1|Ursaluna-Bloodmoon, M|\n|poke|p1|Landorus-Therian, M|\n|poke|p1|Great Tusk|\n|poke|p1|Iron Moth|\n|poke|p2|Milotic, F|\n|poke|p2|Dragapult, M|\n|poke|p2|Jirachi|\n|poke|p2|Great Tusk|\n|poke|p2|Roaring Moon|\n|poke|p2|Corviknight, M|\n|teampreview\n|inactive|Battle timer is ON: inactive players will automatically lose when time's up. (requested by blazingfox4)\n|\n|t:|1695187975\n|start\n|switch|p1a: Ursaluna|Ursaluna-Bloodmoon, M|100/100\n|switch|p2a: Corviknight|Corviknight, M|100/100\n|-ability|p2a: Corviknight|Pressure\n|turn|1\n|\n|t:|1695187991\n|switch|p1a: Landorus|Landorus-Therian, M|100/100\n|-ability|p1a: Landorus|Intimidate|boost\n|-unboost|p2a: Corviknight|atk|1\n|move|p2a: Corviknight|Body Press|p1a: Landorus\n|-resisted|p1a: Landorus\n|-damage|p1a: Landorus|89/100\n|-damage|p2a: Corviknight|84/100|[from] item: Rocky Helmet|[of] p1a: Landorus\n|\n|upkeep\n|turn|2\n|\n|t:|1695187996\n|move|p1a: Landorus|Stealth Rock|p2a: Corviknight\n|-sidestart|p2: JachiMalz|move: Stealth Rock\n|move|p2a: Corviknight|U-turn|p1a: Landorus\n|-resisted|p1a: Landorus\n|-damage|p1a: Landorus|84/100\n|-damage|p2a: Corviknight|67/100|[from] item: Rocky Helmet|[of] p1a: Landorus\n|\n|t:|1695188000\n|switch|p2a: Jirachi|Jirachi|100/100|[from] U-turn\n|-damage|p2a: Jirachi|94/100|[from] Stealth Rock\n|\n|upkeep\n|turn|3\n|\n|t:|1695188004\n|move|p2a: Jirachi|Stealth Rock|p1a: Landorus\n|-sidestart|p1: blazingfox4|move: Stealth Rock\n|move|p1a: Landorus|Earthquake|p2a: Jirachi\n|-supereffective|p2a: Jirachi\n|-damage|p2a: Jirachi|0 fnt\n|faint|p2a: Jirachi\n|\n|upkeep\n|\n|t:|1695188008\n|switch|p2a: Roaring Moon|Roaring Moon|100/100\n|-damage|p2a: Roaring Moon|88/100|[from] Stealth Rock\n|turn|4\n|\n|t:|1695188012\n|move|p2a: Roaring Moon|Knock Off|p1a: Landorus\n|-damage|p1a: Landorus|8/100\n|-damage|p2a: Roaring Moon|72/100|[from] item: Rocky Helmet|[of] p1a: Landorus\n|-enditem|p1a: Landorus|Rocky Helmet|[from] move: Knock Off|[of] p2a: Roaring Moon\n|move|p1a: Landorus|U-turn|p2a: Roaring Moon\n|-supereffective|p2a: Roaring Moon\n|-damage|p2a: Roaring Moon|8/100\n|\n|t:|1695188033\n|switch|p1a: Ursaluna|Ursaluna-Bloodmoon, M|100/100|[from] U-turn\n|-damage|p1a: Ursaluna|94/100|[from] Stealth Rock\n|\n|-heal|p1a: Ursaluna|100/100|[from] item: Leftovers\n|upkeep\n|turn|5\n|\n|t:|1695188044\n|move|p1a: Ursaluna|Vacuum Wave|p2a: Roaring Moon\n|-supereffective|p2a: Roaring Moon\n|-damage|p2a: Roaring Moon|0 fnt\n|faint|p2a: Roaring Moon\n|-end|p2a: Roaring Moon|Protosynthesis|[silent]\n|\n|upkeep\n|\n|t:|1695188048\n|switch|p2a: Milotic|Milotic, F|100/100\n|-damage|p2a: Milotic|88/100|[from] Stealth Rock\n|turn|6\n|\n|t:|1695188056\n|move|p2a: Milotic|Scald|p1a: Ursaluna\n|-supereffective|p1a: Ursaluna\n|-damage|p1a: Ursaluna|40/100\n|move|p1a: Ursaluna|Blood Moon|p2a: Milotic\n|-damage|p2a: Milotic|41/100\n|\n|-heal|p2a: Milotic|47/100|[from] item: Leftovers\n|-heal|p1a: Ursaluna|47/100|[from] item: Leftovers\n|upkeep\n|turn|7\n|\n|t:|1695188064\n|switch|p1a: Landorus|Landorus-Therian, M|8/100\n|-damage|p1a: Landorus|0 fnt|[from] Stealth Rock\n|faint|p1a: Landorus\n|move|p2a: Milotic|Scald|p1: Landorus|[notarget]\n|-fail|p2a: Milotic\n|\n|-heal|p2a: Milotic|54/100|[from] item: Leftovers\n|upkeep\n|\n|t:|1695188067\n|switch|p1a: Slowking|Slowking-Galar, M|100/100\n|-damage|p1a: Slowking|88/100|[from] Stealth Rock\n|turn|8\n|\n|t:|1695188071\n|move|p2a: Milotic|Recover|p2a: Milotic\n|-heal|p2a: Milotic|100/100\n|move|p1a: Slowking|Future Sight|p2a: Milotic\n|-start|p1a: Slowking|move: Future Sight\n|\n|upkeep\n|turn|9\n|\n|t:|1695188087\n|move|p2a: Milotic|Scald|p1a: Slowking\n|-damage|p1a: Slowking|78/100\n|move|p1a: Slowking|Sludge Bomb|p2a: Milotic\n|-damage|p2a: Milotic|81/100\n|-status|p2a: Milotic|psn\n|\n|-heal|p2a: Milotic|88/100 psn|[from] item: Leftovers\n|-damage|p2a: Milotic|75/100 psn|[from] psn\n|upkeep\n|turn|10\n|inactive|blazingfox4 has 120 seconds left.\n|\n|t:|1695188127\n|move|p2a: Milotic|Flip Turn|p1a: Slowking\n|-damage|p1a: Slowking|63/100\n|\n|t:|1695188129\n|switch|p2a: Corviknight|Corviknight, M|67/100|[from] Flip Turn\n|-damage|p2a: Corviknight|55/100|[from] Stealth Rock\n|-ability|p2a: Corviknight|Pressure\n|move|p1a: Slowking|Sludge Bomb|p2a: Corviknight\n|-immune|p2a: Corviknight\n|\n|-end|p2a: Corviknight|move: Future Sight\n|-resisted|p2a: Corviknight\n|-damage|p2a: Corviknight|33/100\n|upkeep\n|turn|11\n|\n|t:|1695188150\n|move|p2a: Corviknight|Roost|p2a: Corviknight\n|-heal|p2a: Corviknight|83/100\n|-singleturn|p2a: Corviknight|move: Roost\n|move|p1a: Slowking|Flamethrower|p2a: Corviknight\n|-supereffective|p2a: Corviknight\n|-damage|p2a: Corviknight|38/100\n|\n|upkeep\n|turn|12\n|\n|t:|1695188164\n|move|p2a: Corviknight|Defog|p1a: Slowking\n|-unboost|p1a: Slowking|evasion|1\n|-sideend|p1: blazingfox4|Stealth Rock|[from] move: Defog|[of] p2a: Corviknight\n|-sideend|p2: JachiMalz|Stealth Rock|[from] move: Defog|[of] p2a: Corviknight\n|move|p1a: Slowking|Flamethrower|p2a: Corviknight\n|-supereffective|p2a: Corviknight\n|-damage|p2a: Corviknight|0 fnt\n|faint|p2a: Corviknight\n|\n|upkeep\n|\n|t:|1695188167\n|switch|p2a: Dragapult|Dragapult, M|100/100\n|turn|13\n|\n|t:|1695188173\n|switch|p1a: Ursaluna|Ursaluna-Bloodmoon, M|47/100\n|-terastallize|p2a: Dragapult|Water\n|move|p2a: Dragapult|Hydro Pump|p1a: Ursaluna\n|-supereffective|p1a: Ursaluna\n|-damage|p1a: Ursaluna|0 fnt\n|faint|p1a: Ursaluna\n|\n|upkeep\n|\n|t:|1695188179\n|switch|p1a: Iron Moth|Iron Moth|100/100\n|-enditem|p1a: Iron Moth|Booster Energy\n|-activate|p1a: Iron Moth|ability: Quark Drive|[fromitem]\n|-start|p1a: Iron Moth|quarkdrivespe\n|turn|14\n|\n|t:|1695188181\n|move|p1a: Iron Moth|Energy Ball|p2a: Dragapult\n|-supereffective|p2a: Dragapult\n|-damage|p2a: Dragapult|24/100\n|move|p2a: Dragapult|Hydro Pump|p1a: Iron Moth\n|-supereffective|p1a: Iron Moth\n|-damage|p1a: Iron Moth|0 fnt\n|faint|p1a: Iron Moth\n|-end|p1a: Iron Moth|Quark Drive|[silent]\n|\n|upkeep\n|\n|t:|1695188185\n|switch|p1a: Slowking|Slowking-Galar, M|97/100\n|turn|15\n|\n|t:|1695188188\n|switch|p2a: Great Tusk|Great Tusk|100/100\n|move|p1a: Slowking|Future Sight|p2a: Great Tusk\n|-start|p1a: Slowking|move: Future Sight\n|\n|upkeep\n|turn|16\n|\n|t:|1695188191\n|switch|p1a: Great Tusk|Great Tusk|100/100\n|move|p2a: Great Tusk|Earthquake|p1a: Great Tusk\n|-crit|p1a: Great Tusk\n|-damage|p1a: Great Tusk|68/100\n|\n|-heal|p1a: Great Tusk|75/100|[from] item: Leftovers\n|upkeep\n|turn|17\n|\n|t:|1695188215\n|move|p2a: Great Tusk|Earthquake|p1a: Great Tusk\n|-damage|p1a: Great Tusk|54/100\n|move|p1a: Great Tusk|Stealth Rock|p2a: Great Tusk\n|-sidestart|p2: JachiMalz|move: Stealth Rock\n|\n|-end|p2a: Great Tusk|move: Future Sight\n|-supereffective|p2a: Great Tusk\n|-damage|p2a: Great Tusk|4/100\n|-heal|p1a: Great Tusk|60/100|[from] item: Leftovers\n|upkeep\n|turn|18\n|\n|t:|1695188218\n|move|p2a: Great Tusk|Earthquake|p1a: Great Tusk\n|-damage|p1a: Great Tusk|38/100\n|move|p1a: Great Tusk|Rapid Spin|p2a: Great Tusk\n|-damage|p2a: Great Tusk|0 fnt\n|-boost|p1a: Great Tusk|spe|1\n|faint|p2a: Great Tusk\n|-end|p2a: Great Tusk|Protosynthesis|[silent]\n|\n|-heal|p1a: Great Tusk|44/100|[from] item: Leftovers\n|upkeep\n|\n|t:|1695188221\n|switch|p2a: Milotic|Milotic, F|75/100 psn\n|-damage|p2a: Milotic|63/100 psn|[from] Stealth Rock\n|turn|19\n|\n|t:|1695188225\n|move|p1a: Great Tusk|Knock Off|p2a: Milotic\n|-damage|p2a: Milotic|41/100 psn\n|-enditem|p2a: Milotic|Leftovers|[from] move: Knock Off|[of] p1a: Great Tusk\n|move|p2a: Milotic|Scald|p1a: Great Tusk\n|-supereffective|p1a: Great Tusk\n|-damage|p1a: Great Tusk|0 fnt\n|faint|p1a: Great Tusk\n|-end|p1a: Great Tusk|Protosynthesis|[silent]\n|\n|-damage|p2a: Milotic|29/100 psn|[from] psn\n|upkeep\n|\n|t:|1695188233\n|switch|p1a: Torterra|Torterra, M|100/100\n|turn|20\n|\n|t:|1695188235\n|-terastallize|p1a: Torterra|Ice\n|move|p1a: Torterra|Shell Smash|p1a: Torterra\n|-unboost|p1a: Torterra|def|1\n|-unboost|p1a: Torterra|spd|1\n|-boost|p1a: Torterra|atk|2\n|-boost|p1a: Torterra|spa|2\n|-boost|p1a: Torterra|spe|2\n|-enditem|p1a: Torterra|White Herb\n|-clearnegativeboost|p1a: Torterra|[silent]\n|move|p2a: Milotic|Ice Beam|p1a: Torterra\n|-resisted|p1a: Torterra\n|-damage|p1a: Torterra|90/100\n|\n|-damage|p2a: Milotic|16/100 psn|[from] psn\n|upkeep\n|turn|21\n|\n|t:|1695188238\n|move|p1a: Torterra|Earthquake|p2a: Milotic\n|-damage|p2a: Milotic|0 fnt\n|faint|p2a: Milotic\n|\n|upkeep\n|\n|t:|1695188240\n|switch|p2a: Dragapult|Dragapult, M, tera:Water|24/100\n|-damage|p2a: Dragapult|12/100|[from] Stealth Rock\n|turn|22\n|\n|t:|1695188243\n|move|p1a: Torterra|Earthquake|p2a: Dragapult\n|-damage|p2a: Dragapult|0 fnt\n|faint|p2a: Dragapult\n|\n|win|blazingfox4\n|raw|blazingfox4's rating: 1302 &rarr; <strong>1325</strong><br />(+23 for winning)\n|raw|JachiMalz's rating: 1349 &rarr; <strong>1326</strong><br />(-23 for losing)\n|c|\u2606blazingfox4|gg\n|l|\u2606JachiMalz\n", "uploadtime": 1695189936, "views": 2, "p1id": "blazingfox4", "p2id": "jachimalz", "formatid": "gen9ou", "rating": 1325, "private": 0, "password": ""}