{"id": "gen9ou-1947681739", "p1": "TomoTaco69", "p2": "ArchwingDragon", "format": "gen9ou", "log": "|j|\u2606TomoTaco69\n|j|\u2606ArchwingDragon\n|t:|1695186307\n|gametype|singles\n|player|p1|TomoTaco69|265|1422\n|player|p2|ArchwingDragon|sailor|1390\n|teamsize|p1|6\n|teamsize|p2|6\n|gen|9\n|tier|[Gen 9] OU\n|rated|\n|rule|Sleep Clause Mod: Limit one foe put to sleep\n|rule|Species Clause: Limit one of each Pok\u00e9mon\n|rule|OHKO Clause: OHKO moves are banned\n|rule|Evasion Items Clause: Evasion items are banned\n|rule|Evasion Moves Clause: Evasion moves are banned\n|rule|Endless Battle Clause: Forcing endless battles is banned\n|rule|HP Percentage Mod: HP is shown in percentages\n|clearpoke\n|poke|p1|Samurott-Hisui, F|\n|poke|p1|Ninetales-Alola, F|\n|poke|p1|Rotom-Wash|\n|poke|p1|Sinistcha|\n|poke|p1|Corviknight, M|\n|poke|p1|Garchomp, F|\n|poke|p2|Enamorus, F|\n|poke|p2|Glimmora, M|\n|poke|p2|Gholdengo|\n|poke|p2|Kingambit, M|\n|poke|p2|Iron Moth|\n|poke|p2|Dragapult, M|\n|teampreview\n|\n|t:|1695186319\n|start\n|switch|p1a: Aki|Rotom-Wash|100/100\n|switch|p2a: Glimmora|Glimmora, M|100/100\n|turn|1\n|\n|t:|1695186326\n|move|p2a: Glimmora|Stealth Rock|p1a: Aki\n|-sidestart|p1: TomoTaco69|move: Stealth Rock\n|move|p1a: Aki|Thunder Wave|p2a: Glimmora\n|-status|p2a: Glimmora|par\n|\n|upkeep\n|turn|2\n|\n|t:|1695186331\n|move|p1a: Aki|Hydro Pump|p2a: Glimmora\n|-supereffective|p2a: Glimmora\n|-enditem|p2a: Glimmora|Focus Sash\n|-damage|p2a: Glimmora|1/100 par\n|cant|p2a: Glimmora|par\n|\n|upkeep\n|turn|3\n|\n|t:|1695186339\n|move|p1a: Aki|Volt Switch|p2a: Glimmora\n|-damage|p2a: Glimmora|0 fnt\n|faint|p2a: Glimmora\n|\n|t:|1695186354\n|switch|p1a: Reze|Garchomp, F|100/100|[from] Volt Switch\n|-damage|p1a: Reze|95/100|[from] Stealth Rock\n|\n|upkeep\n|\n|t:|1695186360\n|switch|p2a: Iron Moth|Iron Moth|100/100\n|-enditem|p2a: Iron Moth|Booster Energy\n|-activate|p2a: Iron Moth|ability: Quark Drive|[fromitem]\n|-start|p2a: Iron Moth|quarkdrivespe\n|turn|4\n|\n|t:|1695186373\n|-terastallize|p1a: Reze|Fire\n|move|p2a: Iron Moth|Dazzling Gleam|p1a: Reze\n|-resisted|p1a: Reze\n|-damage|p1a: Reze|81/100\n|move|p1a: Reze|Scale Shot|p2a: Iron Moth\n|-damage|p2a: Iron Moth|82/100\n|-damage|p2a: Iron Moth|60/100\n|-damage|p2a: Iron Moth|40/100\n|-damage|p2a: Iron Moth|21/100\n|-damage|p2a: Iron Moth|2/100\n|-hitcount|p2a: Iron Moth|5\n|-unboost|p1a: Reze|def|1\n|-boost|p1a: Reze|spe|1\n|\n|upkeep\n|turn|5\n|\n|t:|1695186391\n|move|p2a: Iron Moth|Psychic|p1a: Reze\n|-damage|p1a: Reze|50/100\n|move|p1a: Reze|Earthquake|p2a: Iron Moth\n|-supereffective|p2a: Iron Moth\n|-damage|p2a: Iron Moth|0 fnt\n|faint|p2a: Iron Moth\n|-end|p2a: Iron Moth|Quark Drive|[silent]\n|\n|upkeep\n|\n|t:|1695186400\n|switch|p2a: Gholdengo|Gholdengo|100/100\n|turn|6\n|\n|t:|1695186407\n|move|p1a: Reze|Earthquake|p2a: Gholdengo\n|-supereffective|p2a: Gholdengo\n|-damage|p2a: Gholdengo|0 fnt\n|faint|p2a: Gholdengo\n|\n|upkeep\n|\n|t:|1695186411\n|switch|p2a: Enamorus|Enamorus, F|100/100\n|turn|7\n|\n|t:|1695186416\n|move|p1a: Reze|Tera Blast|p2a: Enamorus\n|-damage|p2a: Enamorus|34/100\n|move|p2a: Enamorus|Earth Power|p1a: Reze\n|-supereffective|p1a: Reze\n|-damage|p1a: Reze|0 fnt\n|faint|p1a: Reze\n|\n|-heal|p2a: Enamorus|40/100|[from] item: Leftovers\n|upkeep\n|\n|t:|1695186421\n|switch|p1a: Aki|Rotom-Wash|100/100\n|-damage|p1a: Aki|88/100|[from] Stealth Rock\n|turn|8\n|\n|t:|1695186431\n|-terastallize|p2a: Enamorus|Ground\n|move|p2a: Enamorus|Moonblast|p1a: Aki\n|-damage|p1a: Aki|50/100\n|move|p1a: Aki|Thunder Wave|p2a: Enamorus\n|-immune|p2a: Enamorus\n|\n|-heal|p2a: Enamorus|47/100|[from] item: Leftovers\n|-heal|p1a: Aki|56/100|[from] item: Leftovers\n|upkeep\n|turn|9\n|\n|t:|1695186442\n|move|p2a: Enamorus|Calm Mind|p2a: Enamorus\n|-boost|p2a: Enamorus|spa|1\n|-boost|p2a: Enamorus|spd|1\n|move|p1a: Aki|Hydro Pump|p2a: Enamorus\n|-supereffective|p2a: Enamorus\n|-damage|p2a: Enamorus|0 fnt\n|faint|p2a: Enamorus\n|\n|-heal|p1a: Aki|63/100|[from] item: Leftovers\n|upkeep\n|\n|t:|1695186449\n|switch|p2a: Dragapult|Dragapult, M|100/100\n|turn|10\n|\n|t:|1695186455\n|move|p2a: Dragapult|Dragon Darts|p1a: Aki\n|-damage|p1a: Aki|24/100\n|-anim|p2a: Dragapult|Dragon Darts|p1a: Aki\n|-damage|p1a: Aki|0 fnt\n|faint|p1a: Aki\n|\n|upkeep\n|\n|t:|1695186464\n|switch|p1a: StarScream|Corviknight, M, shiny|100/100\n|-damage|p1a: StarScream|88/100|[from] Stealth Rock\n|-ability|p1a: StarScream|Pressure\n|turn|11\n|\n|t:|1695186470\n|switch|p2a: Kingambit|Kingambit, M|100/100\n|-activate|p2a: Kingambit|ability: Supreme Overlord\n|-start|p2a: Kingambit|fallen4|[silent]\n|move|p1a: StarScream|Defog|p2a: Kingambit\n|-unboost|p2a: Kingambit|evasion|1\n|-sideend|p1: TomoTaco69|Stealth Rock|[from] move: Defog|[of] p1a: StarScream\n|\n|upkeep\n|turn|12\n|\n|t:|1695186479\n|move|p1a: StarScream|U-turn|p2a: Kingambit\n|-damage|p2a: Kingambit|90/100\n|\n|t:|1695186482\n|switch|p1a: Cha Cha Scald|Sinistcha|100/100|[from] U-turn\n|move|p2a: Kingambit|Swords Dance|p2a: Kingambit\n|-boost|p2a: Kingambit|atk|2\n|\n|upkeep\n|turn|13\n|\n|t:|1695186489\n|move|p1a: Cha Cha Scald|Scald|p2a: Kingambit\n|-damage|p2a: Kingambit|68/100\n|-status|p2a: Kingambit|brn\n|move|p2a: Kingambit|Kowtow Cleave|p1a: Cha Cha Scald\n|-supereffective|p1a: Cha Cha Scald\n|-damage|p1a: Cha Cha Scald|0 fnt\n|faint|p1a: Cha Cha Scald\n|\n|-damage|p2a: Kingambit|62/100 brn|[from] brn\n|upkeep\n|\n|t:|1695186491\n|switch|p1a: Saber Alter|Samurott-Hisui, F|100/100\n|turn|14\n|\n|t:|1695186497\n|move|p1a: Saber Alter|Sacred Sword|p2a: Kingambit\n|-supereffective|p2a: Kingambit\n|-damage|p2a: Kingambit|0 fnt\n|faint|p2a: Kingambit\n|-end|p2a: Kingambit|fallen4|[silent]\n|\n|upkeep\n|\n|t:|1695186501\n|switch|p2a: Dragapult|Dragapult, M|100/100\n|turn|15\n|\n|t:|1695186509\n|switch|p1a: StarScream|Corviknight, M, shiny|88/100\n|-ability|p1a: StarScream|Pressure\n|move|p2a: Dragapult|U-turn|p1a: StarScream\n|-resisted|p1a: StarScream\n|-damage|p1a: StarScream|82/100\n|-damage|p2a: Dragapult|84/100|[from] item: Rocky Helmet|[of] p1a: StarScream\n|\n|upkeep\n|turn|16\n|-message|ArchwingDragon forfeited.\n|\n|win|TomoTaco69\n|raw|TomoTaco69's rating: 1422 &rarr; <strong>1440</strong><br />(+18 for winning)\n|raw|ArchwingDragon's rating: 1390 &rarr; <strong>1372</strong><br />(-18 for losing)\n|l|\u2606ArchwingDragon\n", "uploadtime": 1695186517, "views": 3, "p1id": "tomotaco69", "p2id": "archwingdragon", "formatid": "gen9ou", "rating": 1372, "private": 0, "password": ""}