{"id": "gen9ou-1947603329", "p1": "Reduxal", "p2": "Joe Bingle", "format": "gen9ou", "log": "|j|\u2606Reduxal\n|j|\u2606Joe Bingle\n|t:|1695176901\n|gametype|singles\n|player|p1|Reduxal|unknown|1402\n|player|p2|Joe Bingle|harlequin|1494\n|teamsize|p1|6\n|teamsize|p2|6\n|gen|9\n|tier|[Gen 9] OU\n|rated|\n|rule|Sleep Clause Mod: Limit one foe put to sleep\n|rule|Species Clause: Limit one of each Pok\u00e9mon\n|rule|OHKO Clause: OHKO moves are banned\n|rule|Evasion Items Clause: Evasion items are banned\n|rule|Evasion Moves Clause: Evasion moves are banned\n|rule|Endless Battle Clause: Forcing endless battles is banned\n|rule|HP Percentage Mod: HP is shown in percentages\n|clearpoke\n|poke|p1|Ursaluna-Bloodmoon, M|\n|poke|p1|Iron Valiant|\n|poke|p1|Cinderace, M|\n|poke|p1|Ogerpon-Wellspring, F|\n|poke|p1|Rillaboom, M|\n|poke|p1|Tyranitar, F|\n|poke|p2|Ninetales-Alola, M|\n|poke|p2|Okidogi, M|\n|poke|p2|Gliscor, F|\n|poke|p2|Kingambit, M|\n|poke|p2|Ursaluna-Bloodmoon, M|\n|poke|p2|Alomomola, F|\n|teampreview\n|\n|t:|1695176920\n|start\n|switch|p1a: Cinderace|Cinderace, M|100/100\n|switch|p2a: Gliscor|Gliscor, F|100/100\n|turn|1\n|\n|t:|1695176925\n|move|p1a: Cinderace|Will-O-Wisp|p2a: Gliscor|[miss]\n|-miss|p1a: Cinderace|p2a: Gliscor\n|move|p2a: Gliscor|Earthquake|p1a: Cinderace\n|-supereffective|p1a: Cinderace\n|-damage|p1a: Cinderace|0 fnt\n|faint|p1a: Cinderace\n|\n|-status|p2a: Gliscor|tox|[from] item: Toxic Orb\n|upkeep\n|\n|t:|1695176931\n|switch|p1a: Ogerpon|Ogerpon-Wellspring, F|100/100\n|turn|2\n|c|\u2606Joe Bingle|that is unfortunate\n|\n|t:|1695176937\n|move|p1a: Ogerpon|Ivy Cudgel|p2a: Gliscor\n|-supereffective|p2a: Gliscor\n|-damage|p2a: Gliscor|0 fnt\n|faint|p2a: Gliscor\n|\n|upkeep\n|\n|t:|1695176946\n|switch|p2a: Okidogi|Okidogi, M|100/100\n|turn|3\n|\n|t:|1695176954\n|move|p1a: Ogerpon|Ivy Cudgel|p2a: Okidogi\n|-damage|p2a: Okidogi|57/100\n|move|p2a: Okidogi|Poison Jab|p1a: Ogerpon\n|-supereffective|p1a: Ogerpon\n|-damage|p1a: Ogerpon|0 fnt\n|faint|p1a: Ogerpon\n|\n|-heal|p2a: Okidogi|63/100|[from] item: Leftovers\n|upkeep\n|\n|t:|1695176964\n|switch|p1a: Iron Valiant|Iron Valiant|100/100\n|-enditem|p1a: Iron Valiant|Booster Energy\n|-activate|p1a: Iron Valiant|ability: Quark Drive|[fromitem]\n|-start|p1a: Iron Valiant|quarkdrivespe\n|turn|4\n|\n|t:|1695176971\n|switch|p2a: Alomomola|Alomomola, F|100/100\n|move|p1a: Iron Valiant|Moonblast|p2a: Alomomola\n|-damage|p2a: Alomomola|49/100\n|\n|-heal|p2a: Alomomola|55/100|[from] item: Leftovers\n|upkeep\n|turn|5\n|\n|t:|1695176977\n|move|p1a: Iron Valiant|Calm Mind|p1a: Iron Valiant\n|-boost|p1a: Iron Valiant|spa|1\n|-boost|p1a: Iron Valiant|spd|1\n|move|p2a: Alomomola|Flip Turn|p1a: Iron Valiant\n|-damage|p1a: Iron Valiant|81/100\n|\n|t:|1695176981\n|switch|p2a: Ursaluna|Ursaluna-Bloodmoon, M|100/100|[from] Flip Turn\n|\n|upkeep\n|turn|6\n|\n|t:|1695176990\n|-terastallize|p2a: Ursaluna|Fairy\n|move|p1a: Iron Valiant|Moonblast|p2a: Ursaluna\n|-damage|p2a: Ursaluna|47/100\n|-unboost|p2a: Ursaluna|spa|1\n|move|p2a: Ursaluna|Moonblast|p1a: Iron Valiant\n|-supereffective|p1a: Iron Valiant\n|-damage|p1a: Iron Valiant|0 fnt\n|faint|p1a: Iron Valiant\n|-end|p1a: Iron Valiant|Quark Drive|[silent]\n|\n|upkeep\n|\n|t:|1695176999\n|switch|p1a: Rillaboom|Rillaboom, M|100/100\n|-fieldstart|move: Grassy Terrain|[from] ability: Grassy Surge|[of] p1a: Rillaboom\n|turn|7\n|\n|t:|1695177005\n|switch|p2a: Ninetales|Ninetales-Alola, M, shiny|100/100\n|-weather|Snow|[from] ability: Snow Warning|[of] p2a: Ninetales\n|move|p1a: Rillaboom|High Horsepower|p2a: Ninetales\n|-damage|p2a: Ninetales|60/100\n|\n|-weather|Snow|[upkeep]\n|-heal|p2a: Ninetales|66/100|[from] Grassy Terrain\n|upkeep\n|turn|8\n|\n|t:|1695177008\n|switch|p1a: Tyranitar|Tyranitar, F|100/100\n|-weather|Sandstorm|[from] ability: Sand Stream|[of] p1a: Tyranitar\n|move|p2a: Ninetales|Aurora Veil||[still]\n|-fail|p2a: Ninetales\n|\n|-weather|Sandstorm|[upkeep]\n|-damage|p2a: Ninetales|60/100|[from] Sandstorm\n|-heal|p2a: Ninetales|66/100|[from] Grassy Terrain\n|upkeep\n|turn|9\n|\n|t:|1695177016\n|switch|p2a: Alomomola|Alomomola, F|88/100\n|move|p1a: Tyranitar|High Horsepower|p2a: Alomomola\n|-damage|p2a: Alomomola|69/100\n|\n|-weather|Sandstorm|[upkeep]\n|-damage|p2a: Alomomola|63/100|[from] Sandstorm\n|-heal|p2a: Alomomola|69/100|[from] Grassy Terrain\n|-heal|p2a: Alomomola|76/100|[from] item: Leftovers\n|upkeep\n|turn|10\n|\n|t:|1695177021\n|move|p1a: Tyranitar|Knock Off|p2a: Alomomola\n|-damage|p2a: Alomomola|46/100\n|-enditem|p2a: Alomomola|Leftovers|[from] move: Knock Off|[of] p1a: Tyranitar\n|move|p2a: Alomomola|Wish|p2a: Alomomola\n|\n|-weather|Sandstorm|[upkeep]\n|-damage|p2a: Alomomola|40/100|[from] Sandstorm\n|-heal|p2a: Alomomola|46/100|[from] Grassy Terrain\n|upkeep\n|turn|11\n|\n|t:|1695177027\n|move|p1a: Tyranitar|Stone Edge|p2a: Alomomola\n|-damage|p2a: Alomomola|17/100\n|move|p2a: Alomomola|Flip Turn|p1a: Tyranitar\n|-supereffective|p1a: Tyranitar\n|-damage|p1a: Tyranitar|76/100\n|\n|t:|1695177033\n|switch|p2a: Ursaluna|Ursaluna-Bloodmoon, M, tera:Fairy|47/100|[from] Flip Turn\n|\n|-weather|Sandstorm|[upkeep]\n|-damage|p2a: Ursaluna|40/100|[from] Sandstorm\n|-heal|p2a: Ursaluna|100/100|[from] move: Wish|[wisher] Alomomola\n|-heal|p1a: Tyranitar|82/100|[from] Grassy Terrain\n|-fieldend|move: Grassy Terrain\n|upkeep\n|turn|12\n|\n|t:|1695177038\n|move|p1a: Tyranitar|Stone Edge|p2a: Ursaluna\n|-damage|p2a: Ursaluna|62/100\n|move|p2a: Ursaluna|Earth Power|p1a: Tyranitar\n|-supereffective|p1a: Tyranitar\n|-damage|p1a: Tyranitar|40/100\n|\n|-weather|none\n|upkeep\n|turn|13\n|\n|t:|1695177049\n|move|p1a: Tyranitar|Stone Edge|p2a: Ursaluna\n|-damage|p2a: Ursaluna|21/100\n|move|p2a: Ursaluna|Earth Power|p1a: Tyranitar\n|-supereffective|p1a: Tyranitar\n|-damage|p1a: Tyranitar|0 fnt\n|faint|p1a: Tyranitar\n|\n|upkeep\n|\n|t:|1695177060\n|switch|p1a: Rillaboom|Rillaboom, M|100/100\n|-fieldstart|move: Grassy Terrain|[from] ability: Grassy Surge|[of] p1a: Rillaboom\n|turn|14\n|\n|t:|1695177064\n|switch|p2a: Ninetales|Ninetales-Alola, M, shiny|66/100\n|-weather|Snow|[from] ability: Snow Warning|[of] p2a: Ninetales\n|move|p1a: Rillaboom|Grassy Glide|p2a: Ninetales\n|-damage|p2a: Ninetales|17/100\n|\n|-weather|Snow|[upkeep]\n|-heal|p2a: Ninetales|23/100|[from] Grassy Terrain\n|upkeep\n|turn|15\n|\n|t:|1695177069\n|move|p1a: Rillaboom|Grassy Glide|p2a: Ninetales\n|-damage|p2a: Ninetales|0 fnt\n|faint|p2a: Ninetales\n|\n|-weather|Snow|[upkeep]\n|upkeep\n|\n|t:|1695177072\n|switch|p2a: Okidogi|Okidogi, M|63/100\n|turn|16\n|\n|t:|1695177075\n|move|p1a: Rillaboom|Grassy Glide|p2a: Okidogi\n|-resisted|p2a: Okidogi\n|-damage|p2a: Okidogi|43/100\n|move|p2a: Okidogi|Drain Punch|p1a: Rillaboom\n|-damage|p1a: Rillaboom|58/100\n|-heal|p2a: Okidogi|64/100|[from] drain|[of] p1a: Rillaboom\n|\n|-weather|Snow|[upkeep]\n|-heal|p1a: Rillaboom|64/100|[from] Grassy Terrain\n|-heal|p2a: Okidogi|70/100|[from] Grassy Terrain\n|-heal|p2a: Okidogi|76/100|[from] item: Leftovers\n|upkeep\n|turn|17\n|\n|t:|1695177078\n|move|p1a: Rillaboom|Grassy Glide|p2a: Okidogi\n|-resisted|p2a: Okidogi\n|-damage|p2a: Okidogi|55/100\n|move|p2a: Okidogi|Poison Jab|p1a: Rillaboom\n|-supereffective|p1a: Rillaboom\n|-damage|p1a: Rillaboom|0 fnt\n|faint|p1a: Rillaboom\n|\n|-weather|Snow|[upkeep]\n|-heal|p2a: Okidogi|61/100|[from] Grassy Terrain\n|-heal|p2a: Okidogi|67/100|[from] item: Leftovers\n|upkeep\n|\n|t:|1695177082\n|switch|p1a: Ursaluna|Ursaluna-Bloodmoon, M|100/100\n|turn|18\n|\n|t:|1695177085\n|-terastallize|p1a: Ursaluna|Poison\n|move|p2a: Okidogi|Drain Punch|p1a: Ursaluna\n|-resisted|p1a: Ursaluna\n|-damage|p1a: Ursaluna|89/100\n|-heal|p2a: Okidogi|74/100|[from] drain|[of] p1a: Ursaluna\n|move|p1a: Ursaluna|Calm Mind|p1a: Ursaluna\n|-boost|p1a: Ursaluna|spa|1\n|-boost|p1a: Ursaluna|spd|1\n|\n|-weather|none\n|-heal|p2a: Okidogi|80/100|[from] Grassy Terrain\n|-heal|p2a: Okidogi|86/100|[from] item: Leftovers\n|-heal|p1a: Ursaluna|95/100|[from] Grassy Terrain\n|-heal|p1a: Ursaluna|100/100|[from] item: Leftovers\n|-fieldend|move: Grassy Terrain\n|upkeep\n|turn|19\n|\n|t:|1695177091\n|move|p2a: Okidogi|Knock Off|p1a: Ursaluna\n|-crit|p1a: Ursaluna\n|-damage|p1a: Ursaluna|71/100\n|-enditem|p1a: Ursaluna|Leftovers|[from] move: Knock Off|[of] p2a: Okidogi\n|move|p1a: Ursaluna|Blood Moon|p2a: Okidogi\n|-damage|p2a: Okidogi|0 fnt\n|faint|p2a: Okidogi\n|\n|upkeep\n|\n|t:|1695177104\n|switch|p2a: Alomomola|Alomomola, F|50/100\n|turn|20\n|\n|t:|1695177109\n|move|p2a: Alomomola|Wish|p2a: Alomomola\n|move|p1a: Ursaluna|Calm Mind|p1a: Ursaluna\n|-boost|p1a: Ursaluna|spa|1\n|-boost|p1a: Ursaluna|spd|1\n|\n|upkeep\n|turn|21\n|\n|t:|1695177115\n|move|p2a: Alomomola|Flip Turn|p1a: Ursaluna\n|-damage|p1a: Ursaluna|61/100\n|\n|t:|1695177118\n|switch|p2a: Ursaluna|Ursaluna-Bloodmoon, M, tera:Fairy|21/100|[from] Flip Turn\n|move|p1a: Ursaluna|Moonlight|p1a: Ursaluna\n|-heal|p1a: Ursaluna|100/100\n|\n|-heal|p2a: Ursaluna|83/100|[from] move: Wish|[wisher] Alomomola\n|upkeep\n|turn|22\n|\n|t:|1695177121\n|move|p2a: Ursaluna|Earth Power|p1a: Ursaluna\n|-supereffective|p1a: Ursaluna\n|-crit|p1a: Ursaluna\n|-damage|p1a: Ursaluna|0 fnt\n|faint|p1a: Ursaluna\n|\n|win|Joe Bingle\n|raw|Reduxal's rating: 1402 &rarr; <strong>1387</strong><br />(-15 for losing)\n|raw|Joe Bingle's rating: 1494 &rarr; <strong>1509</strong><br />(+15 for winning)\n|c|\u2606Joe Bingle|gg\n", "uploadtime": 1695177134, "views": 3, "p1id": "reduxal", "p2id": "joebingle", "formatid": "gen9ou", "rating": 1387, "private": 0, "password": ""}