{"id": "gen9ou-1947604955", "p1": "zeref203", "p2": "Kiky14", "format": "gen9ou", "log": "|j|\u2606zeref203\n|j|\u2606Kiky14\n|t:|1695177068\n|gametype|singles\n|player|p1|zeref203|265|1170\n|player|p2|Kiky14|hilda-wonderlauncher|1181\n|teamsize|p1|6\n|teamsize|p2|6\n|gen|9\n|tier|[Gen 9] OU\n|rated|\n|rule|Sleep Clause Mod: Limit one foe put to sleep\n|rule|Species Clause: Limit one of each Pok\u00e9mon\n|rule|OHKO Clause: OHKO moves are banned\n|rule|Evasion Items Clause: Evasion items are banned\n|rule|Evasion Moves Clause: Evasion moves are banned\n|rule|Endless Battle Clause: Forcing endless battles is banned\n|rule|HP Percentage Mod: HP is shown in percentages\n|clearpoke\n|poke|p1|Gholdengo|\n|poke|p1|Great Tusk|\n|poke|p1|Arcanine-Hisui, M|\n|poke|p1|Hatterene, F|\n|poke|p1|Ogerpon-Wellspring, F|\n|poke|p1|Milotic, M|\n|poke|p2|Garganacl, M|\n|poke|p2|Corviknight, F|\n|poke|p2|Clodsire, F|\n|poke|p2|Cresselia, F|\n|poke|p2|Iron Valiant|\n|poke|p2|Meowscarada, F|\n|teampreview\n|inactive|Battle timer is ON: inactive players will automatically lose when time's up. (requested by zeref203)\n|\n|t:|1695177075\n|start\n|switch|p1a: Selene|Hatterene, F, shiny|100/100\n|switch|p2a: Itzy|Meowscarada, F|100/100\n|turn|1\n|\n|t:|1695177084\n|move|p2a: Itzy|Trick|p1a: Selene\n|-start|p2a: Itzy|typechange|Psychic|[from] ability: Protean\n|-activate|p2a: Itzy|move: Trick|[of] p1a: Selene\n|-item|p1a: Selene|Choice Scarf|[from] move: Trick\n|-item|p2a: Itzy|Weakness Policy|[from] move: Trick\n|move|p1a: Selene|Trick Room|p1a: Selene\n|-fieldstart|move: Trick Room|[of] p1a: Selene\n|\n|upkeep\n|turn|2\n|\n|t:|1695177099\n|switch|p1a: Aldoron|Ogerpon-Wellspring, F, shiny|100/100\n|move|p2a: Itzy|U-turn|p1a: Aldoron\n|-supereffective|p1a: Aldoron\n|-crit|p1a: Aldoron\n|-damage|p1a: Aldoron|8/100\n|\n|t:|1695177111\n|switch|p2a: Corviknight|Corviknight, F|100/100|[from] U-turn\n|\n|upkeep\n|turn|3\n|\n|t:|1695177117\n|move|p2a: Corviknight|U-turn|p1a: Aldoron\n|-supereffective|p1a: Aldoron\n|-damage|p1a: Aldoron|0 fnt\n|faint|p1a: Aldoron\n|\n|t:|1695177135\n|switch|p2a: Les serafim|Garganacl, M|100/100|[from] U-turn\n|\n|upkeep\n|\n|t:|1695177144\n|switch|p1a: Mercuphobia|Milotic, M, shiny|100/100\n|turn|4\n|\n|t:|1695177155\n|-terastallize|p2a: Les serafim|Ghost\n|move|p2a: Les serafim|Salt Cure|p1a: Mercuphobia\n|-damage|p1a: Mercuphobia|90/100\n|-start|p1a: Mercuphobia|Salt Cure\n|move|p1a: Mercuphobia|Scald|p2a: Les serafim\n|-damage|p2a: Les serafim|83/100\n|\n|-heal|p2a: Les serafim|89/100|[from] item: Leftovers\n|-damage|p1a: Mercuphobia|66/100|[from] Salt Cure\n|-status|p1a: Mercuphobia|brn|[from] item: Flame Orb\n|upkeep\n|turn|5\n|\n|t:|1695177170\n|move|p2a: Les serafim|Iron Defense|p2a: Les serafim\n|-boost|p2a: Les serafim|def|2\n|move|p1a: Mercuphobia|Flip Turn|p2a: Les serafim\n|-damage|p2a: Les serafim|87/100\n|\n|t:|1695177176\n|switch|p1a: Selene|Hatterene, F, shiny|100/100|[from] Flip Turn\n|\n|-heal|p2a: Les serafim|94/100|[from] item: Leftovers\n|-fieldend|move: Trick Room\n|upkeep\n|turn|6\n|\n|t:|1695177194\n|move|p2a: Les serafim|Salt Cure|p1a: Selene\n|-damage|p1a: Selene|83/100\n|-start|p1a: Selene|Salt Cure\n|move|p1a: Selene|Giga Drain|p2a: Les serafim\n|-damage|p2a: Les serafim|74/100\n|-heal|p1a: Selene|99/100|[from] drain|[of] p2a: Les serafim\n|\n|-heal|p2a: Les serafim|80/100|[from] item: Leftovers\n|-damage|p1a: Selene|86/100|[from] Salt Cure\n|upkeep\n|turn|7\n|\n|t:|1695177201\n|move|p2a: Les serafim|Iron Defense|p2a: Les serafim\n|-boost|p2a: Les serafim|def|2\n|move|p1a: Selene|Giga Drain|p2a: Les serafim\n|-damage|p2a: Les serafim|62/100\n|-heal|p1a: Selene|100/100|[from] drain|[of] p2a: Les serafim\n|\n|-heal|p2a: Les serafim|68/100|[from] item: Leftovers\n|-damage|p1a: Selene|88/100|[from] Salt Cure\n|upkeep\n|turn|8\n|\n|t:|1695177211\n|switch|p1a: Mercuphobia|Milotic, M, shiny|66/100 brn\n|move|p2a: Les serafim|Recover|p2a: Les serafim\n|-heal|p2a: Les serafim|100/100\n|\n|-damage|p1a: Mercuphobia|60/100 brn|[from] brn\n|upkeep\n|turn|9\n|\n|t:|1695177216\n|move|p1a: Mercuphobia|Scald|p2a: Les serafim\n|-damage|p2a: Les serafim|82/100\n|move|p2a: Les serafim|Salt Cure|p1a: Mercuphobia\n|-crit|p1a: Mercuphobia\n|-damage|p1a: Mercuphobia|49/100 brn\n|-start|p1a: Mercuphobia|Salt Cure\n|\n|-heal|p2a: Les serafim|88/100|[from] item: Leftovers\n|-damage|p1a: Mercuphobia|43/100 brn|[from] brn\n|-damage|p1a: Mercuphobia|18/100 brn|[from] Salt Cure\n|upkeep\n|turn|10\n|-message|zeref203 forfeited.\n|\n|win|Kiky14\n|raw|zeref203's rating: 1170 &rarr; <strong>1146</strong><br />(-24 for losing)\n|raw|Kiky14's rating: 1181 &rarr; <strong>1205</strong><br />(+24 for winning)\n|l|\u2606zeref203\n", "uploadtime": 1695177237, "views": 3, "p1id": "zeref203", "p2id": "kiky14", "formatid": "gen9ou", "rating": 1146, "private": 0, "password": ""}