{"id": "gen9ou-1947648963", "p1": "DrSliced", "p2": "dgoman", "format": "gen9ou", "log": "|j|\u2606DrSliced\n|j|\u2606dgoman\n|t:|1695181887\n|gametype|singles\n|player|p1|DrSliced|clair|1680\n|player|p2|dgoman|flannery|1658\n|teamsize|p1|6\n|teamsize|p2|6\n|gen|9\n|tier|[Gen 9] OU\n|rated|\n|rule|Sleep Clause Mod: Limit one foe put to sleep\n|rule|Species Clause: Limit one of each Pok\u00e9mon\n|rule|OHKO Clause: OHKO moves are banned\n|rule|Evasion Items Clause: Evasion items are banned\n|rule|Evasion Moves Clause: Evasion moves are banned\n|rule|Endless Battle Clause: Forcing endless battles is banned\n|rule|HP Percentage Mod: HP is shown in percentages\n|clearpoke\n|poke|p1|Ceruledge, F|\n|poke|p1|Great Tusk|\n|poke|p1|Ogerpon-Wellspring, F|\n|poke|p1|Samurott-Hisui, F|\n|poke|p1|Fezandipiti, M|\n|poke|p1|Zapdos|\n|poke|p2|Ursaluna-Bloodmoon, M|\n|poke|p2|Moltres|\n|poke|p2|Great Tusk|\n|poke|p2|Gholdengo|\n|poke|p2|Meowscarada, M|\n|poke|p2|Samurott-Hisui, F|\n|teampreview\n|inactive|Battle timer is ON: inactive players will automatically lose when time's up. (requested by dgoman)\n|\n|t:|1695181893\n|start\n|switch|p1a: Samurott|Samurott-Hisui, F|100/100\n|switch|p2a: Samuuth Criminal|Samurott-Hisui, F|100/100\n|turn|1\n|\n|t:|1695181898\n|move|p1a: Samurott|Sacred Sword|p2a: Samuuth Criminal\n|-supereffective|p2a: Samuuth Criminal\n|-damage|p2a: Samuuth Criminal|2/100\n|move|p2a: Samuuth Criminal|Ceaseless Edge|p1a: Samurott\n|-resisted|p1a: Samurott\n|-damage|p1a: Samurott|71/100\n|-sidestart|p1: DrSliced|Spikes\n|\n|upkeep\n|turn|2\n|\n|t:|1695181904\n|switch|p2a: Rocks With You|Great Tusk|100/100\n|move|p1a: Samurott|Sacred Sword|p2a: Rocks With You\n|-damage|p2a: Rocks With You|81/100\n|\n|-heal|p2a: Rocks With You|87/100|[from] item: Leftovers\n|upkeep\n|turn|3\n|\n|t:|1695181907\n|switch|p1a: Zapdos|Zapdos|100/100\n|move|p2a: Rocks With You|Stealth Rock|p1a: Zapdos\n|-sidestart|p1: DrSliced|move: Stealth Rock\n|\n|-heal|p2a: Rocks With You|94/100|[from] item: Leftovers\n|upkeep\n|turn|4\n|\n|t:|1695181915\n|-end|p2a: Rocks With You|Protosynthesis|[silent]\n|switch|p2a: The Ghold Is Mine|Gholdengo|100/100\n|move|p1a: Zapdos|Hurricane|p2a: The Ghold Is Mine|[miss]\n|-miss|p1a: Zapdos|p2a: The Ghold Is Mine\n|\n|upkeep\n|turn|5\n|\n|t:|1695181921\n|move|p1a: Zapdos|Thunderbolt|p2a: The Ghold Is Mine\n|-damage|p2a: The Ghold Is Mine|54/100\n|move|p2a: The Ghold Is Mine|Shadow Ball|p1a: Zapdos\n|-damage|p1a: Zapdos|57/100\n|\n|-heal|p2a: The Ghold Is Mine|60/100|[from] item: Leftovers\n|upkeep\n|turn|6\n|\n|t:|1695181926\n|move|p1a: Zapdos|Thunderbolt|p2a: The Ghold Is Mine\n|-damage|p2a: The Ghold Is Mine|18/100\n|move|p2a: The Ghold Is Mine|Nasty Plot|p2a: The Ghold Is Mine\n|-boost|p2a: The Ghold Is Mine|spa|2\n|\n|-heal|p2a: The Ghold Is Mine|25/100|[from] item: Leftovers\n|upkeep\n|turn|7\n|\n|t:|1695181932\n|switch|p2a: WannaBeSweepnSmth|Ursaluna-Bloodmoon, M|100/100\n|move|p1a: Zapdos|Thunderbolt|p2a: WannaBeSweepnSmth\n|-immune|p2a: WannaBeSweepnSmth\n|\n|upkeep\n|turn|8\n|\n|t:|1695181953\n|switch|p1a: Fezandipiti|Fezandipiti, M|100/100\n|-damage|p1a: Fezandipiti|88/100|[from] Spikes\n|-damage|p1a: Fezandipiti|76/100|[from] Stealth Rock\n|move|p2a: WannaBeSweepnSmth|Blood Moon|p1a: Fezandipiti\n|-damage|p1a: Fezandipiti|18/100\n|\n|-heal|p1a: Fezandipiti|24/100|[from] item: Leftovers\n|upkeep\n|turn|9\n|\n|t:|1695181960\n|move|p1a: Fezandipiti|Moonblast|p2a: WannaBeSweepnSmth\n|-damage|p2a: WannaBeSweepnSmth|74/100\n|move|p2a: WannaBeSweepnSmth|Calm Mind|p2a: WannaBeSweepnSmth\n|-boost|p2a: WannaBeSweepnSmth|spa|1\n|-boost|p2a: WannaBeSweepnSmth|spd|1\n|\n|-heal|p1a: Fezandipiti|30/100|[from] item: Leftovers\n|-heal|p2a: WannaBeSweepnSmth|80/100|[from] item: Leftovers\n|upkeep\n|turn|10\n|\n|t:|1695181965\n|move|p1a: Fezandipiti|Moonblast|p2a: WannaBeSweepnSmth\n|-crit|p2a: WannaBeSweepnSmth\n|-damage|p2a: WannaBeSweepnSmth|41/100\n|move|p2a: WannaBeSweepnSmth|Earth Power|p1a: Fezandipiti\n|-supereffective|p1a: Fezandipiti\n|-damage|p1a: Fezandipiti|0 fnt\n|faint|p1a: Fezandipiti\n|\n|-heal|p2a: WannaBeSweepnSmth|47/100|[from] item: Leftovers\n|upkeep\n|j| juicelol\n|inactive|DrSliced has 120 seconds left.\n|inactive|DrSliced has 90 seconds left.\n|\n|t:|1695182026\n|switch|p1a: Ogerpon|Ogerpon-Wellspring, F|100/100\n|-damage|p1a: Ogerpon|88/100|[from] Spikes\n|-damage|p1a: Ogerpon|76/100|[from] Stealth Rock\n|turn|11\n|\n|t:|1695182044\n|-terastallize|p1a: Ogerpon|Water\n|detailschange|p1a: Ogerpon|Ogerpon-Wellspring-Tera, F, tera:Water\n|-ability|p1a: Ogerpon|Embody Aspect (Wellspring)|boost\n|-boost|p1a: Ogerpon|spd|1\n|-terastallize|p2a: WannaBeSweepnSmth|Fighting\n|move|p1a: Ogerpon|Ivy Cudgel|p2a: WannaBeSweepnSmth\n|-damage|p2a: WannaBeSweepnSmth|0 fnt\n|faint|p2a: WannaBeSweepnSmth\n|\n|upkeep\n|\n|t:|1695182051\n|switch|p2a: Kitty Jean|Meowscarada, M|100/100\n|turn|12\n|\n|t:|1695182068\n|switch|p1a: Samurott|Samurott-Hisui, F|71/100\n|-damage|p1a: Samurott|59/100|[from] Spikes\n|-damage|p1a: Samurott|46/100|[from] Stealth Rock\n|move|p2a: Kitty Jean|Flower Trick|p1a: Samurott\n|-start|p2a: Kitty Jean|typechange|Grass|[from] ability: Protean\n|-supereffective|p1a: Samurott\n|-crit|p1a: Samurott\n|-damage|p1a: Samurott|0 fnt\n|faint|p1a: Samurott\n|\n|upkeep\n|\n|t:|1695182072\n|switch|p1a: Zapdos|Zapdos|57/100\n|turn|13\n|\n|t:|1695182076\n|switch|p2a: Samuuth Criminal|Samurott-Hisui, F|2/100\n|move|p1a: Zapdos|Roost|p1a: Zapdos\n|-heal|p1a: Zapdos|100/100\n|-singleturn|p1a: Zapdos|move: Roost\n|\n|upkeep\n|turn|14\n|\n|t:|1695182086\n|move|p2a: Samuuth Criminal|Aqua Jet|p1a: Zapdos\n|-damage|p1a: Zapdos|80/100\n|move|p1a: Zapdos|Thunderbolt|p2a: Samuuth Criminal\n|-supereffective|p2a: Samuuth Criminal\n|-damage|p2a: Samuuth Criminal|0 fnt\n|faint|p2a: Samuuth Criminal\n|\n|upkeep\n|\n|t:|1695182094\n|switch|p2a: Kitty Jean|Meowscarada, M|100/100\n|turn|15\n|\n|t:|1695182108\n|move|p2a: Kitty Jean|Knock Off|p1a: Zapdos\n|-start|p2a: Kitty Jean|typechange|Dark|[from] ability: Protean\n|-damage|p1a: Zapdos|3/100\n|-enditem|p1a: Zapdos|Heavy-Duty Boots|[from] move: Knock Off|[of] p2a: Kitty Jean\n|move|p1a: Zapdos|Roost|p1a: Zapdos\n|-heal|p1a: Zapdos|53/100\n|-singleturn|p1a: Zapdos|move: Roost\n|\n|upkeep\n|turn|16\n|inactive|DrSliced has 120 seconds left.\n|inactive|DrSliced has 90 seconds left.\n|\n|t:|1695182160\n|switch|p1a: Great Tusk|Great Tusk|100/100\n|-damage|p1a: Great Tusk|88/100|[from] Spikes\n|-damage|p1a: Great Tusk|85/100|[from] Stealth Rock\n|move|p2a: Kitty Jean|Knock Off|p1a: Great Tusk\n|-resisted|p1a: Great Tusk\n|-damage|p1a: Great Tusk|70/100\n|-enditem|p1a: Great Tusk|Leftovers|[from] move: Knock Off|[of] p2a: Kitty Jean\n|\n|upkeep\n|turn|17\n|\n|t:|1695182164\n|switch|p2a: Burn the World|Moltres|100/100\n|-end|p1a: Great Tusk|Protosynthesis|[silent]\n|switch|p1a: Ogerpon|Ogerpon-Wellspring-Tera, F, tera:Water|76/100\n|-damage|p1a: Ogerpon|64/100|[from] Spikes\n|-damage|p1a: Ogerpon|51/100|[from] Stealth Rock\n|-ability|p1a: Ogerpon|Embody Aspect (Wellspring)|boost\n|-boost|p1a: Ogerpon|spd|1\n|\n|upkeep\n|turn|18\n|\n|t:|1695182173\n|switch|p2a: The Ghold Is Mine|Gholdengo|25/100\n|move|p1a: Ogerpon|Trailblaze|p2a: The Ghold Is Mine\n|-resisted|p2a: The Ghold Is Mine\n|-damage|p2a: The Ghold Is Mine|14/100\n|-boost|p1a: Ogerpon|spe|1\n|\n|-heal|p2a: The Ghold Is Mine|20/100|[from] item: Leftovers\n|upkeep\n|turn|19\n|\n|t:|1695182183\n|move|p1a: Ogerpon|Swords Dance|p1a: Ogerpon\n|-boost|p1a: Ogerpon|atk|2\n|move|p2a: The Ghold Is Mine|Shadow Ball|p1a: Ogerpon\n|-damage|p1a: Ogerpon|22/100\n|\n|-heal|p2a: The Ghold Is Mine|26/100|[from] item: Leftovers\n|upkeep\n|turn|20\n|\n|t:|1695182186\n|move|p1a: Ogerpon|Horn Leech|p2a: The Ghold Is Mine\n|-resisted|p2a: The Ghold Is Mine\n|-damage|p2a: The Ghold Is Mine|0 fnt\n|-heal|p1a: Ogerpon|38/100|[from] drain|[of] p2a: The Ghold Is Mine\n|faint|p2a: The Ghold Is Mine\n|\n|upkeep\n|\n|t:|1695182188\n|switch|p2a: Kitty Jean|Meowscarada, M|100/100\n|turn|21\n|\n|t:|1695182200\n|switch|p1a: Great Tusk|Great Tusk|70/100\n|-damage|p1a: Great Tusk|58/100|[from] Spikes\n|-damage|p1a: Great Tusk|55/100|[from] Stealth Rock\n|move|p2a: Kitty Jean|Sucker Punch||[still]\n|-fail|p2a: Kitty Jean\n|\n|upkeep\n|turn|22\n|\n|t:|1695182204\n|switch|p2a: Rocks With You|Great Tusk|94/100\n|move|p1a: Great Tusk|Rapid Spin|p2a: Rocks With You\n|-damage|p2a: Rocks With You|86/100\n|-boost|p1a: Great Tusk|spe|1\n|-sideend|p1: DrSliced|Spikes|[from] move: Rapid Spin|[of] p1a: Great Tusk\n|-sideend|p1: DrSliced|Stealth Rock|[from] move: Rapid Spin|[of] p1a: Great Tusk\n|\n|-heal|p2a: Rocks With You|92/100|[from] item: Leftovers\n|upkeep\n|turn|23\n|\n|t:|1695182209\n|move|p1a: Great Tusk|Bulk Up|p1a: Great Tusk\n|-boost|p1a: Great Tusk|atk|1\n|-boost|p1a: Great Tusk|def|1\n|move|p2a: Rocks With You|Rapid Spin|p1a: Great Tusk\n|-damage|p1a: Great Tusk|50/100\n|-boost|p2a: Rocks With You|spe|1\n|\n|-heal|p2a: Rocks With You|98/100|[from] item: Leftovers\n|upkeep\n|turn|24\n|\n|t:|1695182211\n|move|p1a: Great Tusk|Body Press|p2a: Rocks With You\n|-damage|p2a: Rocks With You|65/100\n|move|p2a: Rocks With You|Ice Spinner|p1a: Great Tusk\n|-supereffective|p1a: Great Tusk\n|-damage|p1a: Great Tusk|34/100\n|\n|-heal|p2a: Rocks With You|71/100|[from] item: Leftovers\n|upkeep\n|turn|25\n|\n|t:|1695182216\n|move|p2a: Rocks With You|Ice Spinner|p1a: Great Tusk\n|-supereffective|p1a: Great Tusk\n|-damage|p1a: Great Tusk|21/100\n|move|p1a: Great Tusk|Body Press|p2a: Rocks With You\n|-damage|p2a: Rocks With You|39/100\n|\n|-heal|p2a: Rocks With You|46/100|[from] item: Leftovers\n|upkeep\n|turn|26\n|\n|t:|1695182221\n|move|p1a: Great Tusk|Rapid Spin|p2a: Rocks With You\n|-damage|p2a: Rocks With You|34/100\n|-boost|p1a: Great Tusk|spe|1\n|move|p2a: Rocks With You|Rapid Spin|p1a: Great Tusk\n|-damage|p1a: Great Tusk|15/100\n|-boost|p2a: Rocks With You|spe|1\n|\n|-heal|p2a: Rocks With You|41/100|[from] item: Leftovers\n|upkeep\n|turn|27\n|\n|t:|1695182226\n|-end|p2a: Rocks With You|Protosynthesis|[silent]\n|switch|p2a: Burn the World|Moltres|100/100\n|move|p1a: Great Tusk|Body Press|p2a: Burn the World\n|-resisted|p2a: Burn the World\n|-damage|p2a: Burn the World|79/100\n|\n|upkeep\n|turn|28\n|\n|t:|1695182230\n|-end|p1a: Great Tusk|Protosynthesis|[silent]\n|switch|p1a: Ogerpon|Ogerpon-Wellspring-Tera, F, tera:Water|38/100\n|-ability|p1a: Ogerpon|Embody Aspect (Wellspring)|boost\n|-boost|p1a: Ogerpon|spd|1\n|move|p2a: Burn the World|Flamethrower|p1a: Ogerpon\n|-resisted|p1a: Ogerpon\n|-damage|p1a: Ogerpon|25/100\n|\n|upkeep\n|turn|29\n|\n|t:|1695182234\n|move|p1a: Ogerpon|Ivy Cudgel|p2a: Burn the World\n|-supereffective|p2a: Burn the World\n|-damage|p2a: Burn the World|0 fnt\n|faint|p2a: Burn the World\n|\n|upkeep\n|\n|t:|1695182235\n|switch|p2a: Kitty Jean|Meowscarada, M|100/100\n|turn|30\n|\n|t:|1695182242\n|switch|p1a: Great Tusk|Great Tusk|15/100\n|move|p2a: Kitty Jean|Flower Trick|p1a: Great Tusk\n|-start|p2a: Kitty Jean|typechange|Grass|[from] ability: Protean\n|-supereffective|p1a: Great Tusk\n|-crit|p1a: Great Tusk\n|-damage|p1a: Great Tusk|0 fnt\n|faint|p1a: Great Tusk\n|-end|p1a: Great Tusk|Protosynthesis|[silent]\n|\n|upkeep\n|\n|t:|1695182244\n|switch|p1a: Ceruledge|Ceruledge, F|100/100\n|turn|31\n|inactive|dgoman has 120 seconds left.\n|\n|t:|1695182274\n|switch|p2a: Rocks With You|Great Tusk|41/100\n|move|p1a: Ceruledge|Poltergeist|p2a: Rocks With You|[miss]\n|-miss|p1a: Ceruledge|p2a: Rocks With You\n|\n|-heal|p2a: Rocks With You|47/100|[from] item: Leftovers\n|upkeep\n|turn|32\n|\n|t:|1695182297\n|switch|p1a: Zapdos|Zapdos|53/100\n|move|p2a: Rocks With You|Stealth Rock|p1a: Zapdos\n|-sidestart|p1: DrSliced|move: Stealth Rock\n|\n|-heal|p2a: Rocks With You|53/100|[from] item: Leftovers\n|upkeep\n|turn|33\n|inactive|dgoman has 120 seconds left.\n|\n|t:|1695182322\n|move|p1a: Zapdos|Roost|p1a: Zapdos\n|-heal|p1a: Zapdos|100/100\n|-singleturn|p1a: Zapdos|move: Roost\n|move|p2a: Rocks With You|Earthquake|p1a: Zapdos\n|-supereffective|p1a: Zapdos\n|-damage|p1a: Zapdos|0 fnt\n|faint|p1a: Zapdos\n|\n|-heal|p2a: Rocks With You|59/100|[from] item: Leftovers\n|upkeep\n|\n|t:|1695182326\n|switch|p1a: Ogerpon|Ogerpon-Wellspring-Tera, F, tera:Water|25/100\n|-damage|p1a: Ogerpon|12/100|[from] Stealth Rock\n|-ability|p1a: Ogerpon|Embody Aspect (Wellspring)|boost\n|-boost|p1a: Ogerpon|spd|1\n|turn|34\n|inactive|dgoman has 120 seconds left.\n|inactive|DrSliced has 120 seconds left.\n|\n|t:|1695182364\n|move|p1a: Ogerpon|Horn Leech|p2a: Rocks With You\n|-supereffective|p2a: Rocks With You\n|-crit|p2a: Rocks With You\n|-damage|p2a: Rocks With You|0 fnt\n|-heal|p1a: Ogerpon|55/100|[from] drain|[of] p2a: Rocks With You\n|faint|p2a: Rocks With You\n|-end|p2a: Rocks With You|Protosynthesis|[silent]\n|\n|upkeep\n|\n|t:|1695182367\n|switch|p2a: Kitty Jean|Meowscarada, M|100/100\n|turn|35\n|\n|t:|1695182378\n|move|p2a: Kitty Jean|Knock Off|p1a: Ogerpon\n|-start|p2a: Kitty Jean|typechange|Dark|[from] ability: Protean\n|-damage|p1a: Ogerpon|0 fnt\n|faint|p1a: Ogerpon\n|\n|upkeep\n|\n|t:|1695182380\n|switch|p1a: Ceruledge|Ceruledge, F|100/100\n|-damage|p1a: Ceruledge|76/100|[from] Stealth Rock\n|turn|36\n|\n|t:|1695182382\n|move|p2a: Kitty Jean|Knock Off|p1a: Ceruledge\n|-supereffective|p1a: Ceruledge\n|-damage|p1a: Ceruledge|0 fnt\n|-enditem|p1a: Ceruledge|Spell Tag|[from] move: Knock Off|[of] p2a: Kitty Jean\n|faint|p1a: Ceruledge\n|\n|win|dgoman\n|raw|DrSliced's rating: 1680 &rarr; <strong>1659</strong><br />(-21 for losing)\n|raw|dgoman's rating: 1658 &rarr; <strong>1679</strong><br />(+21 for winning)\n|l|\u2606DrSliced\n", "uploadtime": 1695182386, "views": 3, "p1id": "drsliced", "p2id": "dgoman", "formatid": "gen9ou", "rating": 1659, "private": 0, "password": ""}