{"id": "gen9ou-1947602302", "p1": "linlinglonglong", "p2": "Danuenue", "format": "gen9ou", "log": "|j|\u2606linlinglonglong\n|j|\u2606Danuenue\n|t:|1695176797\n|gametype|singles\n|player|p1|linlinglonglong|169|1196\n|player|p2|Danuenue|cynthia|1120\n|teamsize|p1|6\n|teamsize|p2|6\n|gen|9\n|tier|[Gen 9] OU\n|rated|\n|rule|Sleep Clause Mod: Limit one foe put to sleep\n|rule|Species Clause: Limit one of each Pok\u00e9mon\n|rule|OHKO Clause: OHKO moves are banned\n|rule|Evasion Items Clause: Evasion items are banned\n|rule|Evasion Moves Clause: Evasion moves are banned\n|rule|Endless Battle Clause: Forcing endless battles is banned\n|rule|HP Percentage Mod: HP is shown in percentages\n|clearpoke\n|poke|p1|Kingambit, M|\n|poke|p1|Glimmora, F|\n|poke|p1|Zamazenta-*|\n|poke|p1|Iron Valiant|\n|poke|p1|Iron Moth|\n|poke|p1|Ogerpon-Wellspring, F|\n|poke|p2|Torterra, F|\n|poke|p2|Chandelure, F|\n|poke|p2|Hatterene, F|\n|poke|p2|Empoleon, F|\n|poke|p2|Ambipom, M|\n|poke|p2|Gliscor, M|\n|teampreview\n|inactive|Battle timer is ON: inactive players will automatically lose when time's up. (requested by Danuenue)\n|inactive|linlinglonglong has 120 seconds left.\n|inactive|Danuenue has 120 seconds left.\n|inactive|linlinglonglong has 90 seconds left.\n|\n|t:|1695176860\n|start\n|switch|p1a: Glimmora|Glimmora, F|100/100\n|switch|p2a: Hatterene|Hatterene, F|100/100\n|turn|1\n|inactive|Danuenue has 120 seconds left.\n|\n|t:|1695176908\n|move|p1a: Glimmora|Power Gem|p2a: Hatterene\n|-damage|p2a: Hatterene|52/100\n|move|p2a: Hatterene|Psyshock|p1a: Glimmora\n|-supereffective|p1a: Glimmora\n|-enditem|p1a: Glimmora|Focus Sash\n|-damage|p1a: Glimmora|1/100\n|\n|upkeep\n|turn|2\n|\n|t:|1695176929\n|switch|p2a: Gliscor|Gliscor, M|100/100\n|move|p1a: Glimmora|Power Gem|p2a: Gliscor\n|-damage|p2a: Gliscor|43/100\n|\n|-status|p2a: Gliscor|tox|[from] item: Toxic Orb\n|upkeep\n|turn|3\n|\n|t:|1695176938\n|move|p2a: Gliscor|Aerial Ace|p1a: Glimmora\n|-resisted|p1a: Glimmora\n|-damage|p1a: Glimmora|0 fnt\n|-activate|p1a: Glimmora|ability: Toxic Debris\n|-sidestart|p2: Danuenue|move: Toxic Spikes\n|faint|p1a: Glimmora\n|\n|-heal|p2a: Gliscor|56/100 tox|[from] ability: Poison Heal\n|upkeep\n|\n|t:|1695176957\n|switch|p1a: Iron Moth|Iron Moth|100/100\n|-enditem|p1a: Iron Moth|Booster Energy\n|-activate|p1a: Iron Moth|ability: Quark Drive|[fromitem]\n|-start|p1a: Iron Moth|quarkdrivespe\n|turn|4\n|\n|t:|1695176964\n|move|p1a: Iron Moth|Substitute|p1a: Iron Moth\n|-start|p1a: Iron Moth|Substitute\n|-damage|p1a: Iron Moth|76/100\n|move|p2a: Gliscor|Earthquake|p1a: Iron Moth\n|-supereffective|p1a: Iron Moth\n|-end|p1a: Iron Moth|Substitute\n|\n|-heal|p2a: Gliscor|68/100 tox|[from] ability: Poison Heal\n|upkeep\n|turn|5\n|\n|t:|1695176976\n|move|p1a: Iron Moth|Fiery Dance|p2a: Gliscor\n|-damage|p2a: Gliscor|9/100 tox\n|-boost|p1a: Iron Moth|spa|1\n|move|p2a: Gliscor|Earthquake|p1a: Iron Moth\n|-supereffective|p1a: Iron Moth\n|-damage|p1a: Iron Moth|0 fnt\n|faint|p1a: Iron Moth\n|-end|p1a: Iron Moth|Quark Drive|[silent]\n|\n|-heal|p2a: Gliscor|21/100 tox|[from] ability: Poison Heal\n|upkeep\n|\n|t:|1695176986\n|switch|p1a: Iron Valiant|Iron Valiant|100/100\n|-enditem|p1a: Iron Valiant|Booster Energy\n|-activate|p1a: Iron Valiant|ability: Quark Drive|[fromitem]\n|-start|p1a: Iron Valiant|quarkdrivespe\n|turn|6\n|\n|t:|1695176993\n|move|p1a: Iron Valiant|Calm Mind|p1a: Iron Valiant\n|-boost|p1a: Iron Valiant|spa|1\n|-boost|p1a: Iron Valiant|spd|1\n|move|p2a: Gliscor|Aerial Ace|p1a: Iron Valiant\n|-supereffective|p1a: Iron Valiant\n|-damage|p1a: Iron Valiant|44/100\n|\n|-heal|p2a: Gliscor|34/100 tox|[from] ability: Poison Heal\n|upkeep\n|turn|7\n|\n|t:|1695177005\n|switch|p2a: Chandelure|Chandelure, F|100/100\n|-status|p2a: Chandelure|psn\n|move|p1a: Iron Valiant|Moonblast|p2a: Chandelure\n|-resisted|p2a: Chandelure\n|-damage|p2a: Chandelure|48/100 psn\n|\n|-damage|p2a: Chandelure|36/100 psn|[from] psn\n|upkeep\n|turn|8\n|inactive|linlinglonglong has 120 seconds left.\n|\n|t:|1695177040\n|move|p1a: Iron Valiant|Moonblast|p2a: Chandelure\n|-resisted|p2a: Chandelure\n|-damage|p2a: Chandelure|0 fnt\n|faint|p2a: Chandelure\n|\n|upkeep\n|inactive|Danuenue has 120 seconds left.\n|inactive|Danuenue has 90 seconds left.\n|c|\u2606linlinglonglong|go fvcker\n|c|\u2606Danuenue|ayo\n|c|\u2606Danuenue|fvuck my ass\n|\n|t:|1695177102\n|switch|p2a: Hatterene|Hatterene, F|52/100\n|-status|p2a: Hatterene|psn\n|turn|9\n|c|\u2606Danuenue|uh\n|c|\u2606linlinglonglong|I will\n|c|\u2606Danuenue|yes\n|c|\u2606linlinglonglong|just wait\n|c|\u2606Danuenue|just like that\n|c|\u2606Danuenue|uhh\n|inactive|linlinglonglong has 120 seconds left.\n|c|\u2606Danuenue|uh\n|c|\u2606linlinglonglong|you want it from the back?\n|c|\u2606Danuenue|uhhh\n|\n|t:|1695177123\n|move|p1a: Iron Valiant|Moonblast|p2a: Hatterene\n|-damage|p2a: Hatterene|0 fnt\n|faint|p2a: Hatterene\n|\n|upkeep\n|c|\u2606Danuenue|yessir\n|\n|t:|1695177128\n|switch|p2a: Gliscor|Gliscor, M|34/100 tox\n|turn|10\n|c|\u2606Danuenue|uhh\n|c|\u2606linlinglonglong|oh yes ;)\n|c|\u2606Danuenue|imma cummm\n|c|\u2606Danuenue|ohhhh\n|c|\u2606Danuenue|yASS\n|c|\u2606linlinglonglong|fvckkk\n|\n|t:|1695177147\n|move|p1a: Iron Valiant|Moonblast|p2a: Gliscor\n|-damage|p2a: Gliscor|0 fnt\n|faint|p2a: Gliscor\n|\n|upkeep\n|c|\u2606Danuenue|insane\n|c|\u2606linlinglonglong|uh yeahhhh\n|c|\u2606Danuenue|uhh\n|\n|t:|1695177157\n|switch|p2a: Ambipom|Ambipom, M|100/100\n|-status|p2a: Ambipom|psn\n|turn|11\n|\n|t:|1695177160\n|-terastallize|p2a: Ambipom|Normal\n|move|p2a: Ambipom|Fake Out|p1a: Iron Valiant\n|-damage|p1a: Iron Valiant|2/100\n|cant|p1a: Iron Valiant|flinch\n|\n|-damage|p2a: Ambipom|88/100 psn|[from] psn\n|upkeep\n|turn|12\n|c|\u2606Danuenue|uhh\n|\n|t:|1695177165\n|switch|p2a: Empoleon|Empoleon, F|100/100\n|move|p1a: Iron Valiant|Moonblast|p2a: Empoleon\n|-resisted|p2a: Empoleon\n|-damage|p2a: Empoleon|65/100\n|\n|upkeep\n|turn|13\n|\n|t:|1695177168\n|move|p1a: Iron Valiant|Hypnosis|p2a: Empoleon\n|-status|p2a: Empoleon|slp|[from] move: Hypnosis\n|cant|p2a: Empoleon|slp\n|\n|upkeep\n|turn|14\n|\n|t:|1695177173\n|switch|p2a: Ambipom|Ambipom, M, tera:Normal|88/100 psn\n|move|p1a: Iron Valiant|Psyshock|p2a: Ambipom\n|-crit|p2a: Ambipom\n|-damage|p2a: Ambipom|0 fnt\n|faint|p2a: Ambipom\n|\n|upkeep\n|c|\u2606Danuenue|ay\n|c|\u2606linlinglonglong|ayo\n|c|\u2606Danuenue|do anal fam\n|\n|t:|1695177186\n|switch|p2a: Torterra|Torterra, F|100/100\n|-status|p2a: Torterra|psn\n|turn|15\n|c|\u2606linlinglonglong|okay\n|c|\u2606Danuenue|uhh\n|c|\u2606linlinglonglong|fuccccc\n|c|\u2606Danuenue|rub those cheeks\n|c|\u2606Danuenue|uhhh\n|\n|t:|1695177199\n|move|p1a: Iron Valiant|Moonblast|p2a: Torterra\n|-damage|p2a: Torterra|23/100 psn\n|-unboost|p2a: Torterra|spa|1\n|move|p2a: Torterra|Bullet Seed|p1a: Iron Valiant\n|-damage|p1a: Iron Valiant|0 fnt\n|faint|p1a: Iron Valiant\n|-end|p1a: Iron Valiant|Quark Drive|[silent]\n|-hitcount|p1: Iron Valiant|1\n|\n|-damage|p2a: Torterra|10/100 psn|[from] psn\n|upkeep\n|c|\u2606linlinglonglong|IS THAT A TAPEWORM\n|c|\u2606Danuenue|ya\n|\n|t:|1695177207\n|switch|p1a: Ogerpon|Ogerpon-Wellspring, F|100/100\n|turn|16\n|c|\u2606Danuenue|std\n|c|\u2606linlinglonglong|even better\n|c|\u2606Danuenue|have fun w it\n|\n|t:|1695177218\n|move|p1a: Ogerpon|Swords Dance|p1a: Ogerpon\n|-boost|p1a: Ogerpon|atk|2\n|move|p2a: Torterra|Bullet Seed|p1a: Ogerpon\n|-damage|p1a: Ogerpon|86/100\n|-damage|p1a: Ogerpon|72/100\n|-damage|p1a: Ogerpon|57/100\n|-damage|p1a: Ogerpon|41/100\n|-damage|p1a: Ogerpon|25/100\n|-hitcount|p1a: Ogerpon|5\n|\n|-damage|p2a: Torterra|0 fnt|[from] psn\n|faint|p2a: Torterra\n|upkeep\n|\n|t:|1695177227\n|switch|p2a: Empoleon|Empoleon, F|65/100 slp\n|turn|17\n|\n|t:|1695177231\n|move|p1a: Ogerpon|Power Whip|p2a: Empoleon\n|-damage|p2a: Empoleon|0 fnt\n|faint|p2a: Empoleon\n|\n|win|linlinglonglong\n|raw|linlinglonglong's rating: 1172 &rarr; <strong>1193</strong><br />(+21 for winning)\n|raw|Danuenue's rating: 1120 &rarr; <strong>1099</strong><br />(-21 for losing)\n", "uploadtime": 1695177090, "views": 2, "p1id": "linlinglonglong", "p2id": "danuenue", "formatid": "gen9ou", "rating": 1099, "private": 0, "password": ""}