{"id": "gen9ou-1947641072", "p1": "LaggyBaggy5162", "p2": "PKMNTrainerKRitz", "format": "gen9ou", "log": "|j|\u2606LaggyBaggy5162\n|j|\u2606PKMNTrainerKRitz\n|t:|1695180943\n|gametype|singles\n|player|p1|LaggyBaggy5162|265|1613\n|player|p2|PKMNTrainerKRitz|pokekid|1636\n|teamsize|p1|6\n|teamsize|p2|6\n|gen|9\n|tier|[Gen 9] OU\n|rated|\n|rule|Sleep Clause Mod: Limit one foe put to sleep\n|rule|Species Clause: Limit one of each Pok\u00e9mon\n|rule|OHKO Clause: OHKO moves are banned\n|rule|Evasion Items Clause: Evasion items are banned\n|rule|Evasion Moves Clause: Evasion moves are banned\n|rule|Endless Battle Clause: Forcing endless battles is banned\n|rule|HP Percentage Mod: HP is shown in percentages\n|clearpoke\n|poke|p1|Torkoal, M|\n|poke|p1|Great Tusk|\n|poke|p1|Ogerpon-Hearthflame, F|\n|poke|p1|Roaring Moon|\n|poke|p1|Hatterene, F|\n|poke|p1|Walking Wake|\n|poke|p2|Glimmora, F|\n|poke|p2|Gholdengo|\n|poke|p2|Kingambit, M|\n|poke|p2|Ogerpon-Wellspring, F|\n|poke|p2|Iron Moth|\n|poke|p2|Iron Valiant|\n|teampreview\n|inactive|Battle timer is ON: inactive players will automatically lose when time's up. (requested by LaggyBaggy5162)\n|\n|t:|1695180950\n|start\n|switch|p1a: Walking Wake|Walking Wake|100/100\n|switch|p2a: Glimmora|Glimmora, F|100/100\n|turn|1\n|\n|t:|1695180954\n|move|p1a: Walking Wake|Hydro Steam|p2a: Glimmora\n|-supereffective|p2a: Glimmora\n|-enditem|p2a: Glimmora|Focus Sash\n|-damage|p2a: Glimmora|1/100\n|move|p2a: Glimmora|Stealth Rock|p1a: Walking Wake\n|-sidestart|p1: LaggyBaggy5162|move: Stealth Rock\n|\n|upkeep\n|turn|2\n|\n|t:|1695180960\n|move|p1a: Walking Wake|Hydro Steam|p2a: Glimmora\n|-supereffective|p2a: Glimmora\n|-damage|p2a: Glimmora|0 fnt\n|faint|p2a: Glimmora\n|\n|upkeep\n|\n|t:|1695180961\n|switch|p2a: Ogerpon|Ogerpon-Wellspring, F|100/100\n|turn|3\n|\n|t:|1695180965\n|-end|p1a: Walking Wake|Protosynthesis|[silent]\n|switch|p1a: Roaring Moon|Roaring Moon|100/100\n|-damage|p1a: Roaring Moon|88/100|[from] Stealth Rock\n|move|p2a: Ogerpon|Swords Dance|p2a: Ogerpon\n|-boost|p2a: Ogerpon|atk|2\n|\n|upkeep\n|turn|4\n|\n|t:|1695180970\n|move|p1a: Roaring Moon|U-turn|p2a: Ogerpon\n|-supereffective|p2a: Ogerpon\n|-damage|p2a: Ogerpon|30/100\n|\n|t:|1695180974\n|-end|p1a: Roaring Moon|Protosynthesis|[silent]\n|switch|p1a: Hatterene|Hatterene, F|100/100|[from] U-turn\n|-damage|p1a: Hatterene|88/100|[from] Stealth Rock\n|move|p2a: Ogerpon|Play Rough|p1a: Hatterene\n|-damage|p1a: Hatterene|30/100\n|-unboost|p1a: Hatterene|atk|1\n|-enditem|p1a: Hatterene|Eject Button\n|\n|t:|1695180976\n|switch|p1a: Roaring Moon|Roaring Moon|88/100\n|-damage|p1a: Roaring Moon|76/100|[from] Stealth Rock\n|\n|upkeep\n|turn|5\n|\n|t:|1695180983\n|switch|p2a: Iron Mothematics|Iron Moth|100/100\n|-enditem|p2a: Iron Mothematics|Booster Energy\n|-activate|p2a: Iron Mothematics|ability: Quark Drive|[fromitem]\n|-start|p2a: Iron Mothematics|quarkdrivespe\n|move|p1a: Roaring Moon|U-turn|p2a: Iron Mothematics\n|-resisted|p2a: Iron Mothematics\n|-damage|p2a: Iron Mothematics|91/100\n|\n|t:|1695181005\n|-end|p1a: Roaring Moon|Protosynthesis|[silent]\n|switch|p1a: Torkoal|Torkoal, M|100/100|[from] U-turn\n|-damage|p1a: Torkoal|76/100|[from] Stealth Rock\n|-weather|SunnyDay|[from] ability: Drought|[of] p1a: Torkoal\n|\n|-weather|SunnyDay|[upkeep]\n|upkeep\n|turn|6\n|\n|t:|1695181015\n|move|p2a: Iron Mothematics|Substitute|p2a: Iron Mothematics\n|-start|p2a: Iron Mothematics|Substitute\n|-damage|p2a: Iron Mothematics|66/100\n|move|p1a: Torkoal|Earthquake|p2a: Iron Mothematics\n|-supereffective|p2a: Iron Mothematics\n|-end|p2a: Iron Mothematics|Substitute\n|\n|-weather|SunnyDay|[upkeep]\n|upkeep\n|turn|7\n|\n|t:|1695181021\n|-end|p2a: Iron Mothematics|Quark Drive|[silent]\n|switch|p2a: Ogerpon|Ogerpon-Wellspring, F|30/100\n|move|p1a: Torkoal|Earthquake|p2a: Ogerpon\n|-resisted|p2a: Ogerpon\n|-damage|p2a: Ogerpon|17/100\n|\n|-weather|SunnyDay|[upkeep]\n|upkeep\n|turn|8\n|inactive|LaggyBaggy5162 has 120 seconds left.\n|\n|t:|1695181053\n|switch|p1a: Great Tusk|Great Tusk|100/100\n|-damage|p1a: Great Tusk|98/100|[from] Stealth Rock\n|-activate|p1a: Great Tusk|ability: Protosynthesis\n|-start|p1a: Great Tusk|protosynthesisdef\n|move|p2a: Ogerpon|Play Rough|p1a: Great Tusk\n|-supereffective|p1a: Great Tusk\n|-damage|p1a: Great Tusk|65/100\n|\n|-weather|SunnyDay|[upkeep]\n|upkeep\n|turn|9\n|\n|t:|1695181060\n|move|p2a: Ogerpon|Horn Leech|p1a: Great Tusk\n|-supereffective|p1a: Great Tusk\n|-damage|p1a: Great Tusk|29/100\n|-heal|p2a: Ogerpon|39/100|[from] drain|[of] p1a: Great Tusk\n|move|p1a: Great Tusk|Rapid Spin|p2a: Ogerpon\n|-damage|p2a: Ogerpon|18/100\n|-boost|p1a: Great Tusk|spe|1\n|-sideend|p1: LaggyBaggy5162|Stealth Rock|[from] move: Rapid Spin|[of] p1a: Great Tusk\n|\n|-weather|SunnyDay|[upkeep]\n|upkeep\n|turn|10\n|\n|t:|1695181069\n|switch|p2a: Gholdengo|Gholdengo|100/100\n|-item|p2a: Gholdengo|Air Balloon\n|-end|p1a: Great Tusk|Protosynthesis|[silent]\n|switch|p1a: Ogerpon|Ogerpon-Hearthflame, F|100/100\n|-ability|p1a: Ogerpon|Mold Breaker\n|\n|-weather|SunnyDay|[upkeep]\n|upkeep\n|turn|11\n|\n|t:|1695181080\n|-terastallize|p2a: Gholdengo|Fairy\n|move|p1a: Ogerpon|Ivy Cudgel|p2a: Gholdengo\n|-crit|p2a: Gholdengo\n|-damage|p2a: Gholdengo|0 fnt\n|-enditem|p2a: Gholdengo|Air Balloon\n|faint|p2a: Gholdengo\n|\n|-weather|SunnyDay|[upkeep]\n|upkeep\n|\n|t:|1695181087\n|switch|p2a: Iron Mothematics|Iron Moth|66/100\n|turn|12\n|\n|t:|1695181096\n|move|p1a: Ogerpon|Ivy Cudgel|p2a: Iron Mothematics\n|-resisted|p2a: Iron Mothematics\n|-damage|p2a: Iron Mothematics|4/100\n|move|p2a: Iron Mothematics|Sludge Wave|p1a: Ogerpon\n|-supereffective|p1a: Ogerpon\n|-damage|p1a: Ogerpon|0 fnt\n|faint|p1a: Ogerpon\n|\n|-weather|none\n|upkeep\n|\n|t:|1695181100\n|switch|p1a: Roaring Moon|Roaring Moon|76/100\n|turn|13\n|\n|t:|1695181113\n|move|p1a: Roaring Moon|U-turn|p2a: Iron Mothematics\n|-resisted|p2a: Iron Mothematics\n|-damage|p2a: Iron Mothematics|0 fnt\n|faint|p2a: Iron Mothematics\n|-end|p2a: Iron Mothematics|Quark Drive|[silent]\n|\n|t:|1695181121\n|-end|p1a: Roaring Moon|Protosynthesis|[silent]\n|switch|p1a: Torkoal|Torkoal, M|76/100|[from] U-turn\n|-weather|SunnyDay|[from] ability: Drought|[of] p1a: Torkoal\n|\n|-weather|SunnyDay|[upkeep]\n|upkeep\n|\n|t:|1695181127\n|switch|p2a: Iron Valiant|Iron Valiant|100/100\n|-enditem|p2a: Iron Valiant|Booster Energy\n|-activate|p2a: Iron Valiant|ability: Quark Drive|[fromitem]\n|-start|p2a: Iron Valiant|quarkdrivespe\n|turn|14\n|\n|t:|1695181141\n|move|p2a: Iron Valiant|Hypnosis|p1a: Torkoal\n|-status|p1a: Torkoal|slp|[from] move: Hypnosis\n|cant|p1a: Torkoal|slp\n|\n|-weather|SunnyDay|[upkeep]\n|upkeep\n|turn|15\n|\n|t:|1695181144\n|move|p2a: Iron Valiant|Close Combat|p1a: Torkoal\n|-damage|p1a: Torkoal|35/100 slp\n|-unboost|p2a: Iron Valiant|def|1\n|-unboost|p2a: Iron Valiant|spd|1\n|cant|p1a: Torkoal|slp\n|\n|-weather|SunnyDay|[upkeep]\n|upkeep\n|turn|16\n|\n|t:|1695181150\n|switch|p1a: Hatterene|Hatterene, F|30/100\n|move|p2a: Iron Valiant|Close Combat|p1a: Hatterene\n|-resisted|p1a: Hatterene\n|-damage|p1a: Hatterene|19/100\n|-unboost|p2a: Iron Valiant|def|1\n|-unboost|p2a: Iron Valiant|spd|1\n|\n|-weather|SunnyDay|[upkeep]\n|upkeep\n|turn|17\n|\n|t:|1695181153\n|move|p2a: Iron Valiant|Moonblast|p1a: Hatterene\n|-damage|p1a: Hatterene|0 fnt\n|faint|p1a: Hatterene\n|\n|-weather|SunnyDay|[upkeep]\n|upkeep\n|\n|t:|1695181156\n|switch|p1a: Roaring Moon|Roaring Moon|76/100\n|-activate|p1a: Roaring Moon|ability: Protosynthesis\n|-start|p1a: Roaring Moon|protosynthesisatk\n|turn|18\n|\n|t:|1695181159\n|move|p1a: Roaring Moon|Iron Head|p2a: Iron Valiant\n|-supereffective|p2a: Iron Valiant\n|-damage|p2a: Iron Valiant|0 fnt\n|faint|p2a: Iron Valiant\n|-end|p2a: Iron Valiant|Quark Drive|[silent]\n|\n|-weather|SunnyDay|[upkeep]\n|upkeep\n|\n|t:|1695181162\n|switch|p2a: Kingambit|Kingambit, M|100/100\n|-activate|p2a: Kingambit|ability: Supreme Overlord\n|-start|p2a: Kingambit|fallen4|[silent]\n|turn|19\n|\n|t:|1695181167\n|-end|p1a: Roaring Moon|Protosynthesis|[silent]\n|switch|p1a: Great Tusk|Great Tusk|29/100\n|-activate|p1a: Great Tusk|ability: Protosynthesis\n|-start|p1a: Great Tusk|protosynthesisdef\n|move|p2a: Kingambit|Swords Dance|p2a: Kingambit\n|-boost|p2a: Kingambit|atk|2\n|\n|-weather|SunnyDay|[upkeep]\n|upkeep\n|turn|20\n|\n|t:|1695181174\n|move|p2a: Kingambit|Sucker Punch|p1a: Great Tusk\n|-resisted|p1a: Great Tusk\n|-damage|p1a: Great Tusk|0 fnt\n|faint|p1a: Great Tusk\n|-end|p1a: Great Tusk|Protosynthesis|[silent]\n|\n|-weather|none\n|upkeep\n|\n|t:|1695181177\n|switch|p1a: Walking Wake|Walking Wake|100/100\n|turn|21\n|\n|t:|1695181182\n|move|p2a: Kingambit|Sucker Punch|p1a: Walking Wake\n|-damage|p1a: Walking Wake|0 fnt\n|faint|p1a: Walking Wake\n|-end|p1a: Walking Wake|Protosynthesis|[silent]\n|\n|upkeep\n|\n|t:|1695181186\n|switch|p1a: Torkoal|Torkoal, M|35/100 slp\n|-weather|SunnyDay|[from] ability: Drought|[of] p1a: Torkoal\n|turn|22\n|\n|t:|1695181192\n|move|p2a: Kingambit|Kowtow Cleave|p1a: Torkoal\n|-damage|p1a: Torkoal|0 fnt\n|faint|p1a: Torkoal\n|\n|-weather|SunnyDay|[upkeep]\n|upkeep\n|\n|t:|1695181195\n|switch|p1a: Roaring Moon|Roaring Moon|76/100\n|-activate|p1a: Roaring Moon|ability: Protosynthesis\n|-start|p1a: Roaring Moon|protosynthesisatk\n|turn|23\n|\n|t:|1695181201\n|-terastallize|p1a: Roaring Moon|Steel\n|move|p1a: Roaring Moon|Outrage|p2a: Kingambit\n|-resisted|p2a: Kingambit\n|-damage|p2a: Kingambit|61/100\n|move|p2a: Kingambit|Iron Head|p1a: Roaring Moon\n|-resisted|p1a: Roaring Moon\n|-damage|p1a: Roaring Moon|0 fnt\n|faint|p1a: Roaring Moon\n|-end|p1a: Roaring Moon|Protosynthesis|[silent]\n|\n|win|PKMNTrainerKRitz\n|raw|LaggyBaggy5162's rating: 1613 &rarr; <strong>1594</strong><br />(-19 for losing)\n|raw|PKMNTrainerKRitz's rating: 1636 &rarr; <strong>1655</strong><br />(+19 for winning)\n|l|\u2606LaggyBaggy5162\n", "uploadtime": 1695181213, "views": 5, "p1id": "laggybaggy5162", "p2id": "pkmntrainerkritz", "formatid": "gen9ou", "rating": 1594, "private": 0, "password": ""}