{"id": "gen9ou-1947610777", "p1": "Chabbott918", "p2": "JeanC17", "format": "gen9ou", "log": "|j|\u2606Chabbott918\n|j|\u2606JeanC17\n|t:|1695177663\n|gametype|singles\n|player|p1|Chabbott918|iris-gen5bw2|1347\n|player|p2|JeanC17|1|1366\n|teamsize|p1|6\n|teamsize|p2|6\n|gen|9\n|tier|[Gen 9] OU\n|rated|\n|rule|Sleep Clause Mod: Limit one foe put to sleep\n|rule|Species Clause: Limit one of each Pok\u00e9mon\n|rule|OHKO Clause: OHKO moves are banned\n|rule|Evasion Items Clause: Evasion items are banned\n|rule|Evasion Moves Clause: Evasion moves are banned\n|rule|Endless Battle Clause: Forcing endless battles is banned\n|rule|HP Percentage Mod: HP is shown in percentages\n|clearpoke\n|poke|p1|Articuno-Galar|\n|poke|p1|Tyranitar, M|\n|poke|p1|Okidogi, M|\n|poke|p1|Empoleon, M|\n|poke|p1|Ogerpon-Hearthflame, F|\n|poke|p1|Sandy Shocks|\n|poke|p2|Azumarill, M|\n|poke|p2|Staraptor, M|\n|poke|p2|Toedscruel, M|\n|poke|p2|Skeledirge, F|\n|poke|p2|Ninetales-Alola, M|\n|poke|p2|Iron Valiant|\n|teampreview\n|\n|t:|1695177672\n|start\n|switch|p1a: Sandy Shocks|Sandy Shocks|100/100\n|switch|p2a: Skeledirge|Skeledirge, F|100/100\n|turn|1\n|\n|t:|1695177682\n|switch|p2a: Staraptor|Staraptor, M|100/100\n|-ability|p2a: Staraptor|Intimidate|boost\n|-unboost|p1a: Sandy Shocks|atk|1\n|move|p1a: Sandy Shocks|Light Screen|p1a: Sandy Shocks\n|-sidestart|p1: Chabbott918|move: Light Screen\n|\n|upkeep\n|turn|2\n|\n|t:|1695177688\n|move|p2a: Staraptor|Final Gambit|p1a: Sandy Shocks\n|-damage|p1a: Sandy Shocks|0 fnt\n|faint|p2a: Staraptor\n|faint|p1a: Sandy Shocks\n|-end|p1a: Sandy Shocks|Protosynthesis|[silent]\n|\n|upkeep\n|\n|t:|1695177700\n|switch|p1a: Empoleon|Empoleon, M|100/100\n|switch|p2a: Toedscruel|Toedscruel, M|100/100\n|turn|3\n|\n|t:|1695177706\n|move|p1a: Empoleon|Stealth Rock|p2a: Toedscruel\n|-sidestart|p2: JeanC17|move: Stealth Rock\n|move|p2a: Toedscruel|Spore|p1a: Empoleon\n|-status|p1a: Empoleon|slp|[from] move: Spore\n|\n|upkeep\n|turn|4\n|\n|t:|1695177715\n|switch|p1a: Ogerpon|Ogerpon-Hearthflame, F|100/100\n|-ability|p1a: Ogerpon|Mold Breaker\n|move|p2a: Toedscruel|Rapid Spin|p1a: Ogerpon\n|-damage|p1a: Ogerpon|89/100\n|-boost|p2a: Toedscruel|spe|1\n|-sideend|p2: JeanC17|Stealth Rock|[from] move: Rapid Spin|[of] p2a: Toedscruel\n|\n|upkeep\n|turn|5\n|\n|t:|1695177734\n|move|p1a: Ogerpon|Swords Dance|p1a: Ogerpon\n|-boost|p1a: Ogerpon|atk|2\n|move|p2a: Toedscruel|Spikes|p1a: Ogerpon\n|-sidestart|p1: Chabbott918|Spikes\n|\n|upkeep\n|turn|6\n|\n|t:|1695177757\n|switch|p2a: Ninetales|Ninetales-Alola, M|100/100\n|-weather|Snow|[from] ability: Snow Warning|[of] p2a: Ninetales\n|move|p1a: Ogerpon|Horn Leech|p2a: Ninetales\n|-damage|p2a: Ninetales|55/100\n|-heal|p1a: Ogerpon|100/100|[from] drain|[of] p2a: Ninetales\n|\n|-weather|Snow|[upkeep]\n|upkeep\n|turn|7\n|\n|t:|1695177767\n|move|p1a: Ogerpon|Ivy Cudgel|p2a: Ninetales\n|-supereffective|p2a: Ninetales\n|-damage|p2a: Ninetales|0 fnt\n|faint|p2a: Ninetales\n|\n|-weather|Snow|[upkeep]\n|upkeep\n|\n|t:|1695177776\n|switch|p2a: Azumarill|Azumarill, M|100/100\n|turn|8\n|\n|t:|1695177781\n|-terastallize|p2a: Azumarill|Steel\n|move|p1a: Ogerpon|Horn Leech|p2a: Azumarill\n|-resisted|p2a: Azumarill\n|-damage|p2a: Azumarill|57/100\n|move|p2a: Azumarill|Belly Drum|p2a: Azumarill\n|-damage|p2a: Azumarill|7/100\n|-setboost|p2a: Azumarill|atk|6|[from] move: Belly Drum\n|-enditem|p2a: Azumarill|Sitrus Berry|[eat]\n|-heal|p2a: Azumarill|32/100|[from] item: Sitrus Berry\n|\n|-weather|Snow|[upkeep]\n|-sideend|p1: Chabbott918|move: Light Screen\n|upkeep\n|turn|9\n|\n|t:|1695177789\n|move|p2a: Azumarill|Aqua Jet|p1a: Ogerpon\n|-damage|p1a: Ogerpon|0 fnt\n|faint|p1a: Ogerpon\n|\n|-weather|Snow|[upkeep]\n|upkeep\n|\n|t:|1695177795\n|switch|p1a: Tyranitar|Tyranitar, M|100/100\n|-damage|p1a: Tyranitar|88/100|[from] Spikes\n|-weather|Sandstorm|[from] ability: Sand Stream|[of] p1a: Tyranitar\n|turn|10\n|\n|t:|1695177813\n|move|p2a: Azumarill|Aqua Jet|p1a: Tyranitar\n|-supereffective|p1a: Tyranitar\n|-damage|p1a: Tyranitar|0 fnt\n|faint|p1a: Tyranitar\n|\n|-weather|Sandstorm|[upkeep]\n|upkeep\n|\n|t:|1695177816\n|switch|p1a: Okidogi|Okidogi, M|100/100\n|-damage|p1a: Okidogi|88/100|[from] Spikes\n|turn|11\n|\n|t:|1695177822\n|move|p2a: Azumarill|Aqua Jet|p1a: Okidogi\n|-damage|p1a: Okidogi|0 fnt\n|faint|p1a: Okidogi\n|\n|-weather|Sandstorm|[upkeep]\n|upkeep\n|\n|t:|1695177827\n|switch|p1a: Empoleon|Empoleon, M|100/100 slp\n|-damage|p1a: Empoleon|88/100 slp|[from] Spikes\n|turn|12\n|\n|t:|1695177830\n|cant|p1a: Empoleon|slp\n|move|p2a: Azumarill|Brick Break|p1a: Empoleon\n|-supereffective|p1a: Empoleon\n|-damage|p1a: Empoleon|0 fnt\n|faint|p1a: Empoleon\n|\n|-weather|Sandstorm|[upkeep]\n|upkeep\n|\n|t:|1695177833\n|switch|p1a: Articuno|Articuno-Galar|100/100\n|turn|13\n|\n|t:|1695177836\n|-terastallize|p1a: Articuno|Fighting\n|move|p2a: Azumarill|Aqua Jet|p1a: Articuno\n|-damage|p1a: Articuno|0 fnt\n|faint|p1a: Articuno\n|\n|win|JeanC17\n|raw|Chabbott918's rating: 1347 &rarr; <strong>1328</strong><br />(-19 for losing)\n|raw|JeanC17's rating: 1366 &rarr; <strong>1385</strong><br />(+19 for winning)\n|c|\u2606Chabbott918|gg\n|c|\u2606JeanC17|gg\n", "uploadtime": 1695177845, "views": 3, "p1id": "chabbott918", "p2id": "jeanc17", "formatid": "gen9ou", "rating": 1328, "private": 0, "password": ""}