{"id": "gen9ou-1947593724", "p1": "TokenPKMN", "p2": "JeanC17", "format": "gen9ou", "log": "|j|\u2606TokenPKMN\n|j|\u2606JeanC17\n|t:|1695175914\n|gametype|singles\n|player|p1|TokenPKMN|harlequin|1239\n|player|p2|JeanC17|1|1342\n|teamsize|p1|6\n|teamsize|p2|6\n|gen|9\n|tier|[Gen 9] OU\n|rated|\n|rule|Sleep Clause Mod: Limit one foe put to sleep\n|rule|Species Clause: Limit one of each Pok\u00e9mon\n|rule|OHKO Clause: OHKO moves are banned\n|rule|Evasion Items Clause: Evasion items are banned\n|rule|Evasion Moves Clause: Evasion moves are banned\n|rule|Endless Battle Clause: Forcing endless battles is banned\n|rule|HP Percentage Mod: HP is shown in percentages\n|clearpoke\n|poke|p1|Samurott-Hisui, F|\n|poke|p1|Kingambit, F|\n|poke|p1|Great Tusk|\n|poke|p1|Sneasler, F|\n|poke|p1|Zapdos|\n|poke|p1|Gholdengo|\n|poke|p2|Azumarill, M|\n|poke|p2|Staraptor, F|\n|poke|p2|Toedscruel, F|\n|poke|p2|Skeledirge, F|\n|poke|p2|Ninetales-Alola, F|\n|poke|p2|Iron Valiant|\n|teampreview\n|\n|t:|1695175921\n|start\n|switch|p1a: Samurott|Samurott-Hisui, F|100/100\n|switch|p2a: Staraptor|Staraptor, F|100/100\n|-ability|p2a: Staraptor|Intimidate|boost\n|-unboost|p1a: Samurott|atk|1\n|turn|1\n|\n|t:|1695175933\n|move|p2a: Staraptor|U-turn|p1a: Samurott\n|-supereffective|p1a: Samurott\n|-damage|p1a: Samurott|55/100\n|\n|t:|1695175941\n|switch|p2a: Ninetales|Ninetales-Alola, F|100/100|[from] U-turn\n|-weather|Snow|[from] ability: Snow Warning|[of] p2a: Ninetales\n|move|p1a: Samurott|Ceaseless Edge|p2a: Ninetales\n|-resisted|p2a: Ninetales\n|-damage|p2a: Ninetales|91/100\n|-sidestart|p2: JeanC17|Spikes\n|\n|-weather|Snow|[upkeep]\n|upkeep\n|turn|2\n|\n|t:|1695175972\n|move|p1a: Samurott|Razor Shell|p2a: Ninetales\n|-damage|p2a: Ninetales|71/100\n|-unboost|p2a: Ninetales|def|1\n|move|p2a: Ninetales|Aurora Veil|p2a: Ninetales\n|-sidestart|p2: JeanC17|move: Aurora Veil\n|\n|-weather|Snow|[upkeep]\n|upkeep\n|turn|3\n|\n|t:|1695175979\n|switch|p2a: Toedscruel|Toedscruel, F|100/100\n|-damage|p2a: Toedscruel|88/100|[from] Spikes\n|move|p1a: Samurott|Flip Turn|p2a: Toedscruel\n|-damage|p2a: Toedscruel|79/100\n|\n|t:|1695175997\n|switch|p1a: Great Tusk|Great Tusk|100/100|[from] Flip Turn\n|\n|-weather|Snow|[upkeep]\n|-heal|p2a: Toedscruel|85/100|[from] item: Leftovers\n|upkeep\n|turn|4\n|\n|t:|1695176013\n|move|p1a: Great Tusk|Ice Spinner|p2a: Toedscruel\n|-supereffective|p2a: Toedscruel\n|-damage|p2a: Toedscruel|42/100\n|move|p2a: Toedscruel|Spore|p1a: Great Tusk\n|-status|p1a: Great Tusk|slp|[from] move: Spore\n|\n|-weather|Snow|[upkeep]\n|-heal|p2a: Toedscruel|48/100|[from] item: Leftovers\n|upkeep\n|turn|5\n|\n|t:|1695176033\n|-end|p1a: Great Tusk|Protosynthesis|[silent]\n|switch|p1a: Zapdos|Zapdos|100/100\n|move|p2a: Toedscruel|Knock Off|p1a: Zapdos\n|-damage|p1a: Zapdos|80/100\n|-enditem|p1a: Zapdos|Leftovers|[from] move: Knock Off|[of] p2a: Toedscruel\n|\n|-weather|none\n|-heal|p2a: Toedscruel|54/100|[from] item: Leftovers\n|upkeep\n|turn|6\n|inactive|Battle timer is ON: inactive players will automatically lose when time's up. (requested by JeanC17)\n|\n|t:|1695176078\n|move|p1a: Zapdos|Hurricane|p2a: Toedscruel|[miss]\n|-miss|p1a: Zapdos|p2a: Toedscruel\n|move|p2a: Toedscruel|Rapid Spin|p1a: Zapdos\n|-damage|p1a: Zapdos|69/100\n|-boost|p2a: Toedscruel|spe|1\n|-sideend|p2: JeanC17|Spikes|[from] move: Rapid Spin|[of] p2a: Toedscruel\n|\n|-heal|p2a: Toedscruel|60/100|[from] item: Leftovers\n|upkeep\n|turn|7\n|\n|t:|1695176100\n|move|p1a: Zapdos|Hurricane|p2a: Toedscruel|[miss]\n|-miss|p1a: Zapdos|p2a: Toedscruel\n|move|p2a: Toedscruel|Toxic|p1a: Zapdos\n|-status|p1a: Zapdos|tox\n|\n|-heal|p2a: Toedscruel|66/100|[from] item: Leftovers\n|-damage|p1a: Zapdos|63/100 tox|[from] psn\n|upkeep\n|turn|8\n|\n|t:|1695176110\n|switch|p2a: Ninetales|Ninetales-Alola, F|71/100\n|-weather|Snow|[from] ability: Snow Warning|[of] p2a: Ninetales\n|move|p1a: Zapdos|Hurricane|p2a: Ninetales\n|-damage|p2a: Ninetales|39/100\n|\n|-weather|Snow|[upkeep]\n|-damage|p1a: Zapdos|51/100 tox|[from] psn\n|upkeep\n|turn|9\n|\n|t:|1695176120\n|move|p1a: Zapdos|Heat Wave|p2a: Ninetales\n|-supereffective|p2a: Ninetales\n|-damage|p2a: Ninetales|3/100\n|move|p2a: Ninetales|Blizzard|p1a: Zapdos\n|-supereffective|p1a: Zapdos\n|-damage|p1a: Zapdos|0 fnt\n|faint|p1a: Zapdos\n|\n|-weather|Snow|[upkeep]\n|-sideend|p2: JeanC17|move: Aurora Veil\n|upkeep\n|\n|t:|1695176126\n|switch|p1a: Samurott|Samurott-Hisui, F|55/100\n|turn|10\n|\n|t:|1695176134\n|switch|p2a: Toedscruel|Toedscruel, F|66/100\n|move|p1a: Samurott|Aqua Jet|p2a: Toedscruel\n|-damage|p2a: Toedscruel|48/100\n|\n|-weather|Snow|[upkeep]\n|-heal|p2a: Toedscruel|54/100|[from] item: Leftovers\n|upkeep\n|turn|11\n|\n|t:|1695176152\n|move|p1a: Samurott|Razor Shell|p2a: Toedscruel\n|-damage|p2a: Toedscruel|11/100\n|move|p2a: Toedscruel|Knock Off|p1a: Samurott\n|-resisted|p1a: Samurott\n|-damage|p1a: Samurott|44/100\n|-enditem|p1a: Samurott|Focus Sash|[from] move: Knock Off|[of] p2a: Toedscruel\n|\n|-weather|Snow|[upkeep]\n|-heal|p2a: Toedscruel|17/100|[from] item: Leftovers\n|upkeep\n|turn|12\n|\n|t:|1695176169\n|move|p1a: Samurott|Aqua Jet|p2a: Toedscruel\n|-damage|p2a: Toedscruel|0 fnt\n|faint|p2a: Toedscruel\n|\n|-weather|none\n|upkeep\n|\n|t:|1695176178\n|switch|p2a: Staraptor|Staraptor, F|100/100\n|-ability|p2a: Staraptor|Intimidate|boost\n|-unboost|p1a: Samurott|atk|1\n|turn|13\n|\n|t:|1695176189\n|move|p1a: Samurott|Aqua Jet|p2a: Staraptor\n|-damage|p2a: Staraptor|86/100\n|move|p2a: Staraptor|U-turn|p1a: Samurott\n|-supereffective|p1a: Samurott\n|-damage|p1a: Samurott|0 fnt\n|faint|p1a: Samurott\n|\n|t:|1695176199\n|switch|p2a: Ninetales|Ninetales-Alola, F|3/100|[from] U-turn\n|-weather|Snow|[from] ability: Snow Warning|[of] p2a: Ninetales\n|\n|-weather|Snow|[upkeep]\n|upkeep\n|\n|t:|1695176209\n|switch|p1a: Sneasler|Sneasler, F|100/100\n|turn|14\n|\n|t:|1695176217\n|move|p2a: Ninetales|Ice Shard|p1a: Sneasler\n|-damage|p1a: Sneasler|85/100\n|move|p1a: Sneasler|Swords Dance|p1a: Sneasler\n|-boost|p1a: Sneasler|atk|2\n|\n|-weather|Snow|[upkeep]\n|upkeep\n|turn|15\n|\n|t:|1695176231\n|move|p1a: Sneasler|Close Combat|p2a: Ninetales\n|-damage|p2a: Ninetales|0 fnt\n|-unboost|p1a: Sneasler|def|1\n|-unboost|p1a: Sneasler|spd|1\n|-enditem|p1a: Sneasler|White Herb\n|-clearnegativeboost|p1a: Sneasler|[silent]\n|faint|p2a: Ninetales\n|\n|-weather|Snow|[upkeep]\n|upkeep\n|\n|t:|1695176249\n|switch|p2a: Staraptor|Staraptor, F|86/100\n|-ability|p2a: Staraptor|Intimidate|boost\n|-unboost|p1a: Sneasler|atk|1\n|turn|16\n|\n|t:|1695176258\n|-terastallize|p1a: Sneasler|Flying\n|move|p1a: Sneasler|Dire Claw|p2a: Staraptor\n|-damage|p2a: Staraptor|6/100\n|-status|p2a: Staraptor|slp\n|cant|p2a: Staraptor|slp\n|\n|-weather|Snow|[upkeep]\n|upkeep\n|turn|17\n|\n|t:|1695176272\n|move|p1a: Sneasler|Swords Dance|p1a: Sneasler\n|-boost|p1a: Sneasler|atk|2\n|-curestatus|p2a: Staraptor|slp|[msg]\n|move|p2a: Staraptor|Brave Bird|p1a: Sneasler\n|-damage|p1a: Sneasler|6/100\n|-damage|p2a: Staraptor|0 fnt|[from] Recoil\n|faint|p2a: Staraptor\n|\n|-weather|none\n|upkeep\n|\n|t:|1695176285\n|switch|p2a: Azumarill|Azumarill, M|100/100\n|turn|18\n|inactive|TokenPKMN has 120 seconds left.\n|\n|t:|1695176317\n|-terastallize|p2a: Azumarill|Steel\n|move|p1a: Sneasler|Dire Claw|p2a: Azumarill\n|-immune|p2a: Azumarill\n|move|p2a: Azumarill|Belly Drum|p2a: Azumarill\n|-damage|p2a: Azumarill|50/100\n|-setboost|p2a: Azumarill|atk|6|[from] move: Belly Drum\n|-enditem|p2a: Azumarill|Sitrus Berry|[eat]\n|-heal|p2a: Azumarill|75/100|[from] item: Sitrus Berry\n|\n|upkeep\n|turn|19\n|\n|t:|1695176325\n|move|p2a: Azumarill|Aqua Jet|p1a: Sneasler\n|-damage|p1a: Sneasler|0 fnt\n|faint|p1a: Sneasler\n|\n|upkeep\n|\n|t:|1695176327\n|switch|p1a: Gholdengo|Gholdengo|100/100\n|turn|20\n|\n|t:|1695176330\n|move|p2a: Azumarill|Aqua Jet|p1a: Gholdengo\n|-damage|p1a: Gholdengo|0 fnt\n|faint|p1a: Gholdengo\n|\n|upkeep\n|\n|t:|1695176333\n|switch|p1a: Great Tusk|Great Tusk|100/100 slp\n|turn|21\n|\n|t:|1695176338\n|cant|p1a: Great Tusk|slp\n|move|p2a: Azumarill|Ice Spinner|p1a: Great Tusk\n|-supereffective|p1a: Great Tusk\n|-damage|p1a: Great Tusk|0 fnt\n|faint|p1a: Great Tusk\n|-end|p1a: Great Tusk|Protosynthesis|[silent]\n|\n|upkeep\n|\n|t:|1695176342\n|switch|p1a: Kingambit|Kingambit, F|100/100\n|-activate|p1a: Kingambit|ability: Supreme Overlord\n|-start|p1a: Kingambit|fallen5|[silent]\n|turn|22\n|\n|t:|1695176357\n|move|p1a: Kingambit|Low Kick|p2a: Azumarill\n|-supereffective|p2a: Azumarill\n|-damage|p2a: Azumarill|0 fnt\n|faint|p2a: Azumarill\n|\n|upkeep\n|\n|t:|1695176366\n|switch|p2a: Skeledirge|Skeledirge, F|100/100\n|turn|23\n|\n|t:|1695176372\n|move|p1a: Kingambit|Sucker Punch||[still]\n|-fail|p1a: Kingambit\n|move|p2a: Skeledirge|Will-O-Wisp|p1a: Kingambit\n|-status|p1a: Kingambit|brn\n|-enditem|p1a: Kingambit|Lum Berry|[eat]\n|-curestatus|p1a: Kingambit|brn|[msg]\n|\n|upkeep\n|turn|24\n|\n|t:|1695176379\n|move|p2a: Skeledirge|Torch Song|p1a: Kingambit\n|-supereffective|p1a: Kingambit\n|-damage|p1a: Kingambit|42/100\n|-boost|p2a: Skeledirge|spa|1\n|move|p1a: Kingambit|Kowtow Cleave|p2a: Skeledirge\n|-supereffective|p2a: Skeledirge\n|-damage|p2a: Skeledirge|0 fnt\n|faint|p2a: Skeledirge\n|\n|upkeep\n|\n|t:|1695176389\n|switch|p2a: Iron Valiant|Iron Valiant|100/100\n|-enditem|p2a: Iron Valiant|Booster Energy\n|-activate|p2a: Iron Valiant|ability: Quark Drive|[fromitem]\n|-start|p2a: Iron Valiant|quarkdrivespa\n|turn|25\n|\n|t:|1695176396\n|move|p1a: Kingambit|Sucker Punch|p2a: Iron Valiant\n|-resisted|p2a: Iron Valiant\n|-damage|p2a: Iron Valiant|83/100\n|move|p2a: Iron Valiant|Aura Sphere|p1a: Kingambit\n|-supereffective|p1a: Kingambit\n|-damage|p1a: Kingambit|0 fnt\n|faint|p1a: Kingambit\n|-end|p1a: Kingambit|fallen5|[silent]\n|\n|win|JeanC17\n|raw|TokenPKMN's rating: 1239 &rarr; <strong>1221</strong><br />(-18 for losing)\n|raw|JeanC17's rating: 1342 &rarr; <strong>1356</strong><br />(+14 for winning)\n", "uploadtime": 1695176404, "views": 4, "p1id": "tokenpkmn", "p2id": "jeanc17", "formatid": "gen9ou", "rating": 1221, "private": 0, "password": ""}