{"id": "gen9ou-1947644964", "p1": "JulZChota", "p2": "Chr2197", "format": "gen9ou", "log": "|j|\u2606JulZChota\n|j|\u2606Chr2197\n|t:|1695181405\n|gametype|singles\n|player|p1|JulZChota|2|1161\n|player|p2|Chr2197|lucas|1216\n|teamsize|p1|6\n|teamsize|p2|6\n|gen|9\n|tier|[Gen 9] OU\n|rated|\n|rule|Sleep Clause Mod: Limit one foe put to sleep\n|rule|Species Clause: Limit one of each Pok\u00e9mon\n|rule|OHKO Clause: OHKO moves are banned\n|rule|Evasion Items Clause: Evasion items are banned\n|rule|Evasion Moves Clause: Evasion moves are banned\n|rule|Endless Battle Clause: Forcing endless battles is banned\n|rule|HP Percentage Mod: HP is shown in percentages\n|clearpoke\n|poke|p1|Kingambit, F|\n|poke|p1|Landorus-Therian, M|\n|poke|p1|Rotom-Wash|\n|poke|p1|Walking Wake|\n|poke|p1|Ogerpon-Hearthflame, F|\n|poke|p1|Ninetales, M|\n|poke|p2|Ursaluna-Bloodmoon, M|\n|poke|p2|Corviknight, F|\n|poke|p2|Ninetales-Alola, F|\n|poke|p2|Infernape, M|\n|poke|p2|Rotom-Wash|\n|poke|p2|Jirachi|\n|teampreview\n|inactive|Battle timer is ON: inactive players will automatically lose when time's up. (requested by Chr2197)\n|\n|t:|1695181412\n|start\n|switch|p1a: Ogerpon|Ogerpon-Hearthflame, F|100/100\n|switch|p2a: Retrocede|Jirachi|100/100\n|-ability|p1a: Ogerpon|Mold Breaker\n|turn|1\n|\n|t:|1695181423\n|move|p2a: Retrocede|U-turn|p1a: Ogerpon\n|-damage|p1a: Ogerpon|72/100\n|\n|t:|1695181429\n|switch|p2a: Rotom|Rotom-Wash|100/100|[from] U-turn\n|move|p1a: Ogerpon|Knock Off|p2a: Rotom\n|-damage|p2a: Rotom|63/100\n|-enditem|p2a: Rotom|Leftovers|[from] move: Knock Off|[of] p1a: Ogerpon\n|\n|upkeep\n|turn|2\n|\n|t:|1695181444\n|move|p1a: Ogerpon|Horn Leech|p2a: Rotom\n|-supereffective|p2a: Rotom\n|-damage|p2a: Rotom|0 fnt\n|-heal|p1a: Ogerpon|100/100|[from] drain|[of] p2a: Rotom\n|faint|p2a: Rotom\n|\n|upkeep\n|\n|t:|1695181448\n|switch|p2a: Kurama|Ninetales-Alola, F, shiny|100/100\n|-weather|Snow|[from] ability: Snow Warning|[of] p2a: Kurama\n|turn|3\n|\n|t:|1695181456\n|move|p1a: Ogerpon|Ivy Cudgel|p2a: Kurama\n|-supereffective|p2a: Kurama\n|-crit|p2a: Kurama\n|-damage|p2a: Kurama|0 fnt\n|faint|p2a: Kurama\n|\n|-weather|Snow|[upkeep]\n|upkeep\n|\n|t:|1695181462\n|switch|p2a: Ted|Ursaluna-Bloodmoon, M|100/100\n|turn|4\n|\n|t:|1695181467\n|move|p1a: Ogerpon|Horn Leech|p2a: Ted\n|-supereffective|p2a: Ted\n|-damage|p2a: Ted|49/100\n|move|p2a: Ted|Calm Mind|p2a: Ted\n|-boost|p2a: Ted|spa|1\n|-boost|p2a: Ted|spd|1\n|\n|-weather|Snow|[upkeep]\n|-heal|p2a: Ted|55/100|[from] item: Leftovers\n|upkeep\n|turn|5\n|\n|t:|1695181489\n|-terastallize|p1a: Ogerpon|Fire\n|detailschange|p1a: Ogerpon|Ogerpon-Hearthflame-Tera, F, tera:Fire\n|-ability|p1a: Ogerpon|Embody Aspect (Hearthflame)|boost\n|-boost|p1a: Ogerpon|atk|1\n|-terastallize|p2a: Ted|Fairy\n|move|p1a: Ogerpon|Horn Leech|p2a: Ted\n|-damage|p2a: Ted|13/100\n|move|p2a: Ted|Blood Moon|p1a: Ogerpon\n|-damage|p1a: Ogerpon|0 fnt\n|faint|p1a: Ogerpon\n|\n|-weather|Snow|[upkeep]\n|-heal|p2a: Ted|19/100|[from] item: Leftovers\n|upkeep\n|\n|t:|1695181505\n|switch|p1a: Ninetales|Ninetales, M|100/100\n|-weather|SunnyDay|[from] ability: Drought|[of] p1a: Ninetales\n|turn|6\n|\n|t:|1695181514\n|move|p1a: Ninetales|Weather Ball|p2a: Ted\n|-damage|p2a: Ted|0 fnt\n|faint|p2a: Ted\n|\n|-weather|SunnyDay|[upkeep]\n|upkeep\n|\n|t:|1695181521\n|switch|p2a: Goku|Infernape, M|100/100\n|turn|7\n|\n|t:|1695181528\n|switch|p1a: Walking Wake|Walking Wake|100/100\n|-activate|p1a: Walking Wake|ability: Protosynthesis\n|-start|p1a: Walking Wake|protosynthesisspe\n|move|p2a: Goku|Swords Dance|p2a: Goku\n|-boost|p2a: Goku|atk|2\n|\n|-weather|SunnyDay|[upkeep]\n|upkeep\n|turn|8\n|\n|t:|1695181540\n|move|p2a: Goku|Mach Punch|p1a: Walking Wake\n|-damage|p1a: Walking Wake|38/100\n|-damage|p2a: Goku|91/100|[from] item: Life Orb\n|move|p1a: Walking Wake|Hydro Steam|p2a: Goku\n|-supereffective|p2a: Goku\n|-damage|p2a: Goku|0 fnt\n|faint|p2a: Goku\n|-damage|p1a: Walking Wake|28/100|[from] item: Life Orb\n|\n|-weather|SunnyDay|[upkeep]\n|upkeep\n|\n|t:|1695181547\n|switch|p2a: Retrocede|Jirachi|100/100\n|turn|9\n|\n|t:|1695181551\n|move|p1a: Walking Wake|Flamethrower|p2a: Retrocede\n|-supereffective|p2a: Retrocede\n|-damage|p2a: Retrocede|0 fnt\n|faint|p2a: Retrocede\n|-damage|p1a: Walking Wake|18/100|[from] item: Life Orb\n|\n|-weather|SunnyDay|[upkeep]\n|upkeep\n|-message|Chr2197 forfeited.\n|\n|win|JulZChota\n|raw|JulZChota's rating: 1161 &rarr; <strong>1190</strong><br />(+29 for winning)\n|raw|Chr2197's rating: 1216 &rarr; <strong>1187</strong><br />(-29 for losing)\n|l|\u2606Chr2197\n", "uploadtime": 1695181559, "views": 8, "p1id": "julzchota", "p2id": "chr2197", "formatid": "gen9ou", "rating": 1187, "private": 0, "password": ""}