{"id": "gen9ou-1947537625", "p1": "Face Funky", "p2": "zeref203", "format": "gen9ou", "log": "|j|\u2606Face Funky\n|j|\u2606zeref203\n|t:|1695170431\n|gametype|singles\n|player|p1|Face Funky|red|1114\n|player|p2|zeref203|265|1079\n|teamsize|p1|6\n|teamsize|p2|6\n|gen|9\n|tier|[Gen 9] OU\n|rated|\n|rule|Sleep Clause Mod: Limit one foe put to sleep\n|rule|Species Clause: Limit one of each Pok\u00e9mon\n|rule|OHKO Clause: OHKO moves are banned\n|rule|Evasion Items Clause: Evasion items are banned\n|rule|Evasion Moves Clause: Evasion moves are banned\n|rule|Endless Battle Clause: Forcing endless battles is banned\n|rule|HP Percentage Mod: HP is shown in percentages\n|clearpoke\n|poke|p1|Infernape, M|\n|poke|p1|Gliscor, M|\n|poke|p1|Dondozo, M|\n|poke|p1|Zapdos|\n|poke|p1|Kingambit, M|\n|poke|p1|Great Tusk|\n|poke|p2|Gholdengo|\n|poke|p2|Great Tusk|\n|poke|p2|Arcanine-Hisui, M|\n|poke|p2|Hatterene, F|\n|poke|p2|Ogerpon-Wellspring, F|\n|poke|p2|Milotic, M|\n|teampreview\n|inactive|Battle timer is ON: inactive players will automatically lose when time's up. (requested by zeref203)\n|\n|t:|1695170436\n|start\n|switch|p1a: Gliscor|Gliscor, M, shiny|100/100\n|switch|p2a: Selene|Hatterene, F, shiny|100/100\n|turn|1\n|\n|t:|1695170451\n|move|p1a: Gliscor|Knock Off|p2a: Selene\n|-damage|p2a: Selene|69/100\n|-enditem|p2a: Selene|Weakness Policy|[from] move: Knock Off|[of] p1a: Gliscor\n|move|p2a: Selene|Trick Room|p2a: Selene\n|-fieldstart|move: Trick Room|[of] p2a: Selene\n|\n|-status|p1a: Gliscor|tox|[from] item: Toxic Orb\n|upkeep\n|turn|2\n|\n|t:|1695170459\n|move|p2a: Selene|Giga Drain|p1a: Gliscor\n|-damage|p1a: Gliscor|56/100 tox\n|-heal|p2a: Selene|93/100|[from] drain|[of] p1a: Gliscor\n|move|p1a: Gliscor|Earthquake|p2a: Selene\n|-damage|p2a: Selene|41/100\n|\n|-heal|p1a: Gliscor|68/100 tox|[from] ability: Poison Heal\n|upkeep\n|turn|3\n|\n|t:|1695170466\n|move|p2a: Selene|Giga Drain|p1a: Gliscor\n|-damage|p1a: Gliscor|22/100 tox\n|-heal|p2a: Selene|66/100|[from] drain|[of] p1a: Gliscor\n|move|p1a: Gliscor|Earthquake|p2a: Selene\n|-damage|p2a: Selene|17/100\n|\n|-heal|p1a: Gliscor|35/100 tox|[from] ability: Poison Heal\n|upkeep\n|turn|4\n|\n|t:|1695170480\n|switch|p1a: Zapdos|Zapdos|100/100\n|move|p2a: Selene|Giga Drain|p1a: Zapdos\n|-resisted|p1a: Zapdos\n|-damage|p1a: Zapdos|83/100\n|-heal|p2a: Selene|28/100|[from] drain|[of] p1a: Zapdos\n|\n|upkeep\n|turn|5\n|\n|t:|1695170489\n|switch|p2a: Dogromag|Great Tusk, shiny|100/100\n|move|p1a: Zapdos|Volt Switch|p2a: Dogromag\n|-immune|p2a: Dogromag\n|\n|-fieldend|move: Trick Room\n|upkeep\n|turn|6\n|\n|t:|1695170496\n|move|p1a: Zapdos|Hurricane|p2a: Dogromag\n|-supereffective|p2a: Dogromag\n|-damage|p2a: Dogromag|0 fnt\n|faint|p2a: Dogromag\n|-end|p2a: Dogromag|Protosynthesis|[silent]\n|\n|upkeep\n|\n|t:|1695170502\n|switch|p2a: Ignia|Arcanine-Hisui, M, shiny|100/100\n|turn|7\n|\n|t:|1695170509\n|switch|p1a: Dondozo|Dondozo, M|100/100\n|move|p2a: Ignia|Head Smash|p1a: Dondozo\n|-damage|p1a: Dondozo|63/100\n|-damage|p2a: Ignia|91/100|[from] item: Life Orb\n|\n|-heal|p1a: Dondozo|69/100|[from] item: Leftovers\n|upkeep\n|turn|8\n|\n|t:|1695170517\n|-terastallize|p2a: Ignia|Normal\n|move|p2a: Ignia|Wild Charge|p1a: Dondozo\n|-supereffective|p1a: Dondozo\n|-damage|p1a: Dondozo|34/100\n|-damage|p2a: Ignia|81/100|[from] item: Life Orb\n|move|p1a: Dondozo|Body Press|p2a: Ignia\n|-supereffective|p2a: Ignia\n|-damage|p2a: Ignia|15/100\n|\n|-heal|p1a: Dondozo|40/100|[from] item: Leftovers\n|upkeep\n|turn|9\n|\n|t:|1695170525\n|move|p2a: Ignia|Wild Charge|p1a: Dondozo\n|-supereffective|p1a: Dondozo\n|-damage|p1a: Dondozo|9/100\n|-damage|p2a: Ignia|5/100|[from] item: Life Orb\n|move|p1a: Dondozo|Rest|p1a: Dondozo\n|-status|p1a: Dondozo|slp|[from] move: Rest\n|-heal|p1a: Dondozo|100/100 slp|[silent]\n|\n|upkeep\n|turn|10\n|\n|t:|1695170528\n|move|p2a: Ignia|Extreme Speed|p1a: Dondozo\n|-damage|p1a: Dondozo|79/100 slp\n|-damage|p2a: Ignia|0 fnt|[from] item: Life Orb\n|faint|p2a: Ignia\n|cant|p1a: Dondozo|slp\n|\n|-heal|p1a: Dondozo|85/100 slp|[from] item: Leftovers\n|upkeep\n|\n|t:|1695170533\n|switch|p2a: Aldoron|Ogerpon-Wellspring, F, shiny|100/100\n|turn|11\n|\n|t:|1695170545\n|switch|p1a: Gliscor|Gliscor, M, shiny|35/100 tox\n|move|p2a: Aldoron|Horn Leech|p1a: Gliscor\n|-damage|p1a: Gliscor|0 fnt\n|faint|p1a: Gliscor\n|\n|upkeep\n|\n|t:|1695170551\n|switch|p1a: Zapdos|Zapdos|83/100\n|turn|12\n|\n|t:|1695170556\n|move|p2a: Aldoron|U-turn|p1a: Zapdos\n|-resisted|p1a: Zapdos\n|-damage|p1a: Zapdos|67/100\n|\n|t:|1695170559\n|switch|p2a: Viernes|Gholdengo, shiny|100/100|[from] U-turn\n|move|p1a: Zapdos|Hurricane|p2a: Viernes\n|-resisted|p2a: Viernes\n|-damage|p2a: Viernes|69/100\n|-start|p2a: Viernes|confusion\n|\n|upkeep\n|turn|13\n|\n|t:|1695170566\n|move|p1a: Zapdos|Heat Wave|p2a: Viernes\n|-supereffective|p2a: Viernes\n|-damage|p2a: Viernes|0 fnt\n|faint|p2a: Viernes\n|\n|upkeep\n|\n|t:|1695170569\n|switch|p2a: Selene|Hatterene, F, shiny|28/100\n|turn|14\n|\n|t:|1695170573\n|move|p1a: Zapdos|Thunderbolt|p2a: Selene\n|-damage|p2a: Selene|0 fnt\n|faint|p2a: Selene\n|\n|upkeep\n|\n|t:|1695170575\n|switch|p2a: Aldoron|Ogerpon-Wellspring, F, shiny|100/100\n|turn|15\n|\n|t:|1695170579\n|move|p2a: Aldoron|Ivy Cudgel|p1a: Zapdos\n|-crit|p1a: Zapdos\n|-damage|p1a: Zapdos|0 fnt\n|faint|p1a: Zapdos\n|\n|upkeep\n|\n|t:|1695170592\n|switch|p1a: Infernape|Infernape, M|100/100\n|turn|16\n|\n|t:|1695170595\n|-terastallize|p1a: Infernape|Grass\n|move|p2a: Aldoron|Ivy Cudgel|p1a: Infernape\n|-resisted|p1a: Infernape\n|-damage|p1a: Infernape|56/100\n|move|p1a: Infernape|Nasty Plot|p1a: Infernape\n|-boost|p1a: Infernape|spa|2\n|\n|upkeep\n|turn|17\n|\n|t:|1695170603\n|move|p2a: Aldoron|U-turn|p1a: Infernape\n|-supereffective|p1a: Infernape\n|-damage|p1a: Infernape|0 fnt\n|faint|p1a: Infernape\n|\n|t:|1695170607\n|switch|p2a: Mercuphobia|Milotic, M, shiny|100/100|[from] U-turn\n|\n|-status|p2a: Mercuphobia|brn|[from] item: Flame Orb\n|upkeep\n|\n|t:|1695170611\n|switch|p1a: Dondozo|Dondozo, M|85/100 slp\n|turn|18\n|\n|t:|1695170614\n|move|p2a: Mercuphobia|Flip Turn|p1a: Dondozo\n|-resisted|p1a: Dondozo\n|-damage|p1a: Dondozo|84/100 slp\n|\n|t:|1695170618\n|switch|p2a: Aldoron|Ogerpon-Wellspring, F, shiny|100/100|[from] Flip Turn\n|cant|p1a: Dondozo|slp\n|\n|-heal|p1a: Dondozo|90/100 slp|[from] item: Leftovers\n|upkeep\n|turn|19\n|\n|t:|1695170622\n|move|p2a: Aldoron|Horn Leech|p1a: Dondozo\n|-supereffective|p1a: Dondozo\n|-damage|p1a: Dondozo|53/100 slp\n|-curestatus|p1a: Dondozo|slp|[msg]\n|move|p1a: Dondozo|Curse|p1a: Dondozo\n|-unboost|p1a: Dondozo|spe|1\n|-boost|p1a: Dondozo|atk|1\n|-boost|p1a: Dondozo|def|1\n|\n|-heal|p1a: Dondozo|59/100|[from] item: Leftovers\n|upkeep\n|turn|20\n|\n|t:|1695170626\n|move|p2a: Aldoron|Horn Leech|p1a: Dondozo\n|-supereffective|p1a: Dondozo\n|-damage|p1a: Dondozo|33/100\n|move|p1a: Dondozo|Rest|p1a: Dondozo\n|-status|p1a: Dondozo|slp|[from] move: Rest\n|-heal|p1a: Dondozo|100/100 slp|[silent]\n|\n|upkeep\n|turn|21\n|\n|t:|1695170630\n|move|p2a: Aldoron|Horn Leech|p1a: Dondozo\n|-supereffective|p1a: Dondozo\n|-damage|p1a: Dondozo|76/100 slp\n|cant|p1a: Dondozo|slp\n|\n|-heal|p1a: Dondozo|82/100 slp|[from] item: Leftovers\n|upkeep\n|turn|22\n|\n|t:|1695170633\n|move|p2a: Aldoron|Horn Leech|p1a: Dondozo\n|-supereffective|p1a: Dondozo\n|-damage|p1a: Dondozo|55/100 slp\n|cant|p1a: Dondozo|slp\n|\n|-heal|p1a: Dondozo|61/100 slp|[from] item: Leftovers\n|upkeep\n|turn|23\n|\n|t:|1695170636\n|move|p2a: Aldoron|Horn Leech|p1a: Dondozo\n|-supereffective|p1a: Dondozo\n|-damage|p1a: Dondozo|33/100 slp\n|-curestatus|p1a: Dondozo|slp|[msg]\n|move|p1a: Dondozo|Curse|p1a: Dondozo\n|-unboost|p1a: Dondozo|spe|1\n|-boost|p1a: Dondozo|atk|1\n|-boost|p1a: Dondozo|def|1\n|\n|-heal|p1a: Dondozo|40/100|[from] item: Leftovers\n|upkeep\n|turn|24\n|\n|t:|1695170657\n|move|p2a: Aldoron|Horn Leech|p1a: Dondozo\n|-supereffective|p1a: Dondozo\n|-damage|p1a: Dondozo|19/100\n|move|p1a: Dondozo|Rest|p1a: Dondozo\n|-status|p1a: Dondozo|slp|[from] move: Rest\n|-heal|p1a: Dondozo|100/100 slp|[silent]\n|\n|upkeep\n|turn|25\n|\n|t:|1695170666\n|move|p2a: Aldoron|Horn Leech|p1a: Dondozo\n|-supereffective|p1a: Dondozo\n|-damage|p1a: Dondozo|82/100 slp\n|cant|p1a: Dondozo|slp\n|\n|-heal|p1a: Dondozo|88/100 slp|[from] item: Leftovers\n|upkeep\n|turn|26\n|inactive|Face Funky has 120 seconds left.\n|\n|t:|1695170704\n|move|p2a: Aldoron|Ivy Cudgel|p1a: Dondozo\n|-resisted|p1a: Dondozo\n|-damage|p1a: Dondozo|82/100 slp\n|cant|p1a: Dondozo|slp\n|\n|-heal|p1a: Dondozo|88/100 slp|[from] item: Leftovers\n|upkeep\n|turn|27\n|\n|t:|1695170712\n|move|p2a: Aldoron|Horn Leech|p1a: Dondozo\n|-supereffective|p1a: Dondozo\n|-damage|p1a: Dondozo|68/100 slp\n|-curestatus|p1a: Dondozo|slp|[msg]\n|move|p1a: Dondozo|Body Press|p2a: Aldoron\n|-damage|p2a: Aldoron|29/100\n|\n|-heal|p1a: Dondozo|74/100|[from] item: Leftovers\n|upkeep\n|turn|28\n|inactive|Face Funky has 120 seconds left.\n|\n|t:|1695170726\n|move|p2a: Aldoron|Horn Leech|p1a: Dondozo\n|-supereffective|p1a: Dondozo\n|-damage|p1a: Dondozo|54/100\n|-heal|p2a: Aldoron|46/100|[from] drain|[of] p1a: Dondozo\n|move|p1a: Dondozo|Body Press|p2a: Aldoron\n|-damage|p2a: Aldoron|0 fnt\n|faint|p2a: Aldoron\n|\n|-heal|p1a: Dondozo|60/100|[from] item: Leftovers\n|upkeep\n|\n|t:|1695170730\n|switch|p2a: Mercuphobia|Milotic, M, shiny|100/100 brn\n|turn|29\n|\n|t:|1695170739\n|move|p2a: Mercuphobia|Scald|p1a: Dondozo\n|-resisted|p1a: Dondozo\n|-damage|p1a: Dondozo|47/100\n|move|p1a: Dondozo|Body Press|p2a: Mercuphobia\n|-damage|p2a: Mercuphobia|72/100 brn\n|\n|-heal|p1a: Dondozo|53/100|[from] item: Leftovers\n|-damage|p2a: Mercuphobia|66/100 brn|[from] brn\n|upkeep\n|turn|30\n|\n|t:|1695170746\n|move|p2a: Mercuphobia|Scald|p1a: Dondozo\n|-resisted|p1a: Dondozo\n|-damage|p1a: Dondozo|39/100\n|move|p1a: Dondozo|Body Press|p2a: Mercuphobia\n|-damage|p2a: Mercuphobia|38/100 brn\n|\n|-heal|p1a: Dondozo|45/100|[from] item: Leftovers\n|-damage|p2a: Mercuphobia|32/100 brn|[from] brn\n|upkeep\n|turn|31\n|\n|t:|1695170751\n|move|p2a: Mercuphobia|Scald|p1a: Dondozo\n|-resisted|p1a: Dondozo\n|-damage|p1a: Dondozo|30/100\n|move|p1a: Dondozo|Body Press|p2a: Mercuphobia\n|-damage|p2a: Mercuphobia|5/100 brn\n|\n|-heal|p1a: Dondozo|37/100|[from] item: Leftovers\n|-damage|p2a: Mercuphobia|0 fnt|[from] brn\n|faint|p2a: Mercuphobia\n|\n|win|Face Funky\n|upkeep\n|raw|Face Funky's rating: 1114 &rarr; <strong>1136</strong><br />(+22 for winning)\n|raw|zeref203's rating: 1079 &rarr; <strong>1059</strong><br />(-20 for losing)\n|l|\u2606zeref203\n", "uploadtime": 1695170764, "views": 1, "p1id": "facefunky", "p2id": "zeref203", "formatid": "gen9ou", "rating": 1059, "private": 0, "password": ""}