{"id": "gen9ou-1947648914", "p1": "enrage warrior hs", "p2": "Tomaster8000", "format": "gen9ou", "log": "|j|\u2606enrage warrior hs\n|j|\u2606Tomaster8000\n|t:|1695181881\n|gametype|singles\n|player|p1|enrage warrior hs|hiker-gen4|1369\n|player|p2|Tomaster8000|170|1427\n|teamsize|p1|6\n|teamsize|p2|6\n|gen|9\n|tier|[Gen 9] OU\n|rated|\n|rule|Sleep Clause Mod: Limit one foe put to sleep\n|rule|Species Clause: Limit one of each Pok\u00e9mon\n|rule|OHKO Clause: OHKO moves are banned\n|rule|Evasion Items Clause: Evasion items are banned\n|rule|Evasion Moves Clause: Evasion moves are banned\n|rule|Endless Battle Clause: Forcing endless battles is banned\n|rule|HP Percentage Mod: HP is shown in percentages\n|clearpoke\n|poke|p1|Garganacl, F|\n|poke|p1|Ogerpon-Cornerstone, F|\n|poke|p1|Samurott-Hisui, M|\n|poke|p1|Ninetales-Alola, F|\n|poke|p1|Iron Moth|\n|poke|p1|Munkidori, M|\n|poke|p2|Alomomola, F|\n|poke|p2|Amoonguss, M|\n|poke|p2|Heatran, F|\n|poke|p2|Zamazenta-*|\n|poke|p2|Sneasler, M|\n|poke|p2|Hatterene, F|\n|teampreview\n|inactive|Battle timer is ON: inactive players will automatically lose when time's up. (requested by enrage warrior hs)\n|\n|t:|1695181922\n|start\n|switch|p1a: Harambe|Munkidori, M|100/100\n|switch|p2a: Sneasler|Sneasler, M|100/100\n|turn|1\n|\n|t:|1695181932\n|move|p1a: Harambe|U-turn|p2a: Sneasler\n|-resisted|p2a: Sneasler\n|-damage|p2a: Sneasler|96/100\n|\n|t:|1695181948\n|switch|p1a: Duplo|Garganacl, F|100/100|[from] U-turn\n|move|p2a: Sneasler|Shadow Claw|p1a: Duplo\n|-damage|p1a: Duplo|87/100\n|\n|-heal|p1a: Duplo|94/100|[from] item: Leftovers\n|upkeep\n|turn|2\n|\n|t:|1695181974\n|switch|p2a: Alomomola|Alomomola, F|100/100\n|switch|p1a: Harambe|Munkidori, M|100/100\n|\n|upkeep\n|turn|3\n|\n|t:|1695181993\n|switch|p2a: Heatran|Heatran, F|100/100\n|move|p1a: Harambe|Psychic|p2a: Heatran\n|-resisted|p2a: Heatran\n|-damage|p2a: Heatran|77/100\n|\n|-heal|p2a: Heatran|83/100|[from] item: Leftovers\n|upkeep\n|turn|4\n|\n|t:|1695182014\n|switch|p1a: Duplo|Garganacl, F|94/100\n|move|p2a: Heatran|Taunt|p1a: Duplo\n|-start|p1a: Duplo|move: Taunt\n|\n|-heal|p2a: Heatran|89/100|[from] item: Leftovers\n|-heal|p1a: Duplo|99/100|[from] item: Leftovers\n|upkeep\n|turn|5\n|\n|t:|1695182023\n|switch|p2a: Sneasler|Sneasler, M|96/100\n|move|p1a: Duplo|Salt Cure|p2a: Sneasler\n|-resisted|p2a: Sneasler\n|-damage|p2a: Sneasler|84/100\n|-start|p2a: Sneasler|Salt Cure\n|\n|-heal|p1a: Duplo|100/100|[from] item: Leftovers\n|-damage|p2a: Sneasler|72/100|[from] Salt Cure\n|upkeep\n|turn|6\n|inactive|enrage warrior hs has 120 seconds left.\n|\n|t:|1695182051\n|switch|p1a: Harambe|Munkidori, M|100/100\n|move|p2a: Sneasler|U-turn|p1a: Harambe\n|-damage|p1a: Harambe|43/100\n|\n|t:|1695182057\n|switch|p2a: Heatran|Heatran, F|89/100|[from] U-turn\n|\n|-heal|p2a: Heatran|96/100|[from] item: Leftovers\n|upkeep\n|turn|7\n|\n|t:|1695182065\n|move|p1a: Harambe|U-turn|p2a: Heatran\n|-resisted|p2a: Heatran\n|-damage|p2a: Heatran|92/100\n|\n|t:|1695182069\n|switch|p1a: Oda Nobunaga|Samurott-Hisui, M|100/100|[from] U-turn\n|move|p2a: Heatran|Earth Power|p1a: Oda Nobunaga\n|-damage|p1a: Oda Nobunaga|57/100\n|\n|-heal|p2a: Heatran|99/100|[from] item: Leftovers\n|upkeep\n|turn|8\n|\n|t:|1695182077\n|switch|p2a: Alomomola|Alomomola, F|100/100\n|move|p1a: Oda Nobunaga|Razor Shell|p2a: Alomomola\n|-resisted|p2a: Alomomola\n|-damage|p2a: Alomomola|87/100\n|-unboost|p2a: Alomomola|def|1\n|-damage|p1a: Oda Nobunaga|40/100|[from] item: Rocky Helmet|[of] p2a: Alomomola\n|\n|upkeep\n|turn|9\n|\n|t:|1695182091\n|switch|p1a: BAT WHAM|Ogerpon-Cornerstone, F|100/100\n|move|p2a: Alomomola|Wish|p2a: Alomomola\n|\n|upkeep\n|turn|10\n|inactive|Tomaster8000 has 120 seconds left.\n|\n|t:|1695182128\n|move|p1a: BAT WHAM|Swords Dance|p1a: BAT WHAM\n|-boost|p1a: BAT WHAM|atk|2\n|move|p2a: Alomomola|Flip Turn|p1a: BAT WHAM\n|-damage|p1a: BAT WHAM|80/100\n|\n|t:|1695182130\n|switch|p2a: Sneasler|Sneasler, M|72/100|[from] Flip Turn\n|\n|-heal|p2a: Sneasler|100/100|[from] move: Wish|[wisher] Alomomola\n|upkeep\n|turn|11\n|inactive|Tomaster8000 has 120 seconds left.\n|\n|t:|1695182157\n|-terastallize|p1a: BAT WHAM|Rock\n|detailschange|p1a: BAT WHAM|Ogerpon-Cornerstone-Tera, F, tera:Rock\n|-ability|p1a: BAT WHAM|Embody Aspect (Cornerstone)|boost\n|-boost|p1a: BAT WHAM|def|1\n|move|p2a: Sneasler|U-turn|p1a: BAT WHAM\n|-damage|p1a: BAT WHAM|46/100\n|\n|t:|1695182165\n|switch|p2a: Alomomola|Alomomola, F|100/100|[from] U-turn\n|move|p1a: BAT WHAM|Trailblaze|p2a: Alomomola\n|-supereffective|p2a: Alomomola\n|-damage|p2a: Alomomola|38/100\n|-boost|p1a: BAT WHAM|spe|1\n|-damage|p1a: BAT WHAM|29/100|[from] item: Rocky Helmet|[of] p2a: Alomomola\n|\n|upkeep\n|turn|12\n|\n|t:|1695182177\n|-terastallize|p2a: Alomomola|Grass\n|move|p1a: BAT WHAM|Horn Leech|p2a: Alomomola\n|-resisted|p2a: Alomomola\n|-damage|p2a: Alomomola|15/100\n|-heal|p1a: BAT WHAM|50/100|[from] drain|[of] p2a: Alomomola\n|-damage|p1a: BAT WHAM|34/100|[from] item: Rocky Helmet|[of] p2a: Alomomola\n|move|p2a: Alomomola|Wish|p2a: Alomomola\n|\n|upkeep\n|turn|13\n|\n|t:|1695182186\n|move|p2a: Alomomola|Protect|p2a: Alomomola\n|-singleturn|p2a: Alomomola|Protect\n|move|p1a: BAT WHAM|Ivy Cudgel|p2a: Alomomola\n|-activate|p2a: Alomomola|move: Protect\n|\n|-heal|p2a: Alomomola|65/100|[from] move: Wish|[wisher] Alomomola\n|upkeep\n|turn|14\n|\n|t:|1695182195\n|move|p1a: BAT WHAM|Ivy Cudgel|p2a: Alomomola\n|-damage|p2a: Alomomola|0 fnt\n|faint|p2a: Alomomola\n|\n|upkeep\n|inactive|Tomaster8000 has 120 seconds left.\n|\n|t:|1695182211\n|switch|p2a: Zamazenta|Zamazenta|100/100\n|-ability|p2a: Zamazenta|Dauntless Shield|boost\n|-boost|p2a: Zamazenta|def|1\n|turn|15\n|inactive|Tomaster8000 has 120 seconds left.\n|\n|t:|1695182245\n|move|p1a: BAT WHAM|Horn Leech|p2a: Zamazenta\n|-damage|p2a: Zamazenta|61/100\n|-heal|p1a: BAT WHAM|59/100|[from] drain|[of] p2a: Zamazenta\n|move|p2a: Zamazenta|Iron Defense|p2a: Zamazenta\n|-boost|p2a: Zamazenta|def|2\n|\n|-heal|p2a: Zamazenta|67/100|[from] item: Leftovers\n|upkeep\n|turn|16\n|\n|t:|1695182254\n|move|p1a: BAT WHAM|Horn Leech|p2a: Zamazenta\n|-damage|p2a: Zamazenta|40/100\n|-heal|p1a: BAT WHAM|77/100|[from] drain|[of] p2a: Zamazenta\n|move|p2a: Zamazenta|Body Press|p1a: BAT WHAM\n|-supereffective|p1a: BAT WHAM\n|-damage|p1a: BAT WHAM|0 fnt\n|faint|p1a: BAT WHAM\n|\n|-heal|p2a: Zamazenta|46/100|[from] item: Leftovers\n|upkeep\n|\n|t:|1695182263\n|switch|p1a: Harambe|Munkidori, M|43/100\n|turn|17\n|\n|t:|1695182276\n|switch|p2a: Heatran|Heatran, F|99/100\n|move|p1a: Harambe|Focus Blast|p2a: Heatran\n|-supereffective|p2a: Heatran\n|-damage|p2a: Heatran|9/100\n|\n|-heal|p2a: Heatran|16/100|[from] item: Leftovers\n|upkeep\n|turn|18\n|\n|t:|1695182295\n|switch|p1a: would|Ninetales-Alola, F|100/100\n|-weather|Snow|[from] ability: Snow Warning|[of] p1a: would\n|move|p2a: Heatran|Earth Power|p1a: would\n|-damage|p1a: would|69/100\n|\n|-weather|Snow|[upkeep]\n|-heal|p2a: Heatran|22/100|[from] item: Leftovers\n|upkeep\n|turn|19\n|inactive|Tomaster8000 has 120 seconds left.\n|\n|t:|1695182310\n|move|p1a: would|Aurora Veil|p1a: would\n|-sidestart|p1: enrage warrior hs|move: Aurora Veil\n|move|p2a: Heatran|Flamethrower|p1a: would\n|-supereffective|p1a: would\n|-damage|p1a: would|23/100\n|\n|-weather|Snow|[upkeep]\n|-heal|p2a: Heatran|28/100|[from] item: Leftovers\n|upkeep\n|turn|20\n|inactive|Tomaster8000 has 120 seconds left.\n|\n|t:|1695182321\n|switch|p1a: 68.144.64.11|Iron Moth|100/100\n|-enditem|p1a: 68.144.64.11|Booster Energy\n|-activate|p1a: 68.144.64.11|ability: Quark Drive|[fromitem]\n|-start|p1a: 68.144.64.11|quarkdrivespa\n|move|p2a: Heatran|Flamethrower|p1a: 68.144.64.11\n|-resisted|p1a: 68.144.64.11\n|-damage|p1a: 68.144.64.11|88/100\n|\n|-weather|Snow|[upkeep]\n|-heal|p2a: Heatran|34/100|[from] item: Leftovers\n|upkeep\n|turn|21\n|\n|t:|1695182341\n|move|p1a: 68.144.64.11|Energy Ball|p2a: Heatran\n|-resisted|p2a: Heatran\n|-damage|p2a: Heatran|22/100\n|move|p2a: Heatran|Earth Power|p1a: 68.144.64.11\n|-supereffective|p1a: 68.144.64.11\n|-damage|p1a: 68.144.64.11|24/100\n|\n|-weather|Snow|[upkeep]\n|-heal|p2a: Heatran|28/100|[from] item: Leftovers\n|upkeep\n|turn|22\n|\n|t:|1695182353\n|-end|p1a: 68.144.64.11|Quark Drive|[silent]\n|switch|p1a: Oda Nobunaga|Samurott-Hisui, M|40/100\n|move|p2a: Heatran|Earth Power|p1a: Oda Nobunaga\n|-damage|p1a: Oda Nobunaga|19/100\n|\n|-weather|none\n|-heal|p2a: Heatran|34/100|[from] item: Leftovers\n|upkeep\n|turn|23\n|\n|t:|1695182362\n|switch|p2a: Amoonguss|Amoonguss, M|100/100\n|move|p1a: Oda Nobunaga|Flip Turn|p2a: Amoonguss\n|-resisted|p2a: Amoonguss\n|-damage|p2a: Amoonguss|89/100\n|\n|t:|1695182366\n|switch|p1a: Duplo|Garganacl, F|100/100|[from] Flip Turn\n|\n|upkeep\n|turn|24\n|\n|t:|1695182390\n|move|p1a: Duplo|Iron Defense|p1a: Duplo\n|-boost|p1a: Duplo|def|2\n|move|p2a: Amoonguss|Giga Drain|p1a: Duplo\n|-supereffective|p1a: Duplo\n|-damage|p1a: Duplo|86/100\n|-heal|p2a: Amoonguss|96/100|[from] drain|[of] p1a: Duplo\n|\n|-heal|p1a: Duplo|92/100|[from] item: Leftovers\n|upkeep\n|turn|25\n|\n|t:|1695182403\n|switch|p2a: Zamazenta|Zamazenta|46/100\n|move|p1a: Duplo|Iron Defense|p1a: Duplo\n|-boost|p1a: Duplo|def|2\n|\n|-heal|p2a: Zamazenta|52/100|[from] item: Leftovers\n|-heal|p1a: Duplo|99/100|[from] item: Leftovers\n|upkeep\n|turn|26\n|inactive|Tomaster8000 has 120 seconds left.\n|\n|t:|1695182424\n|move|p2a: Zamazenta|Substitute|p2a: Zamazenta\n|-start|p2a: Zamazenta|Substitute\n|-damage|p2a: Zamazenta|27/100\n|move|p1a: Duplo|Body Press|p2a: Zamazenta\n|-end|p2a: Zamazenta|Substitute\n|\n|-heal|p2a: Zamazenta|33/100|[from] item: Leftovers\n|-heal|p1a: Duplo|100/100|[from] item: Leftovers\n|-sideend|p1: enrage warrior hs|move: Aurora Veil\n|upkeep\n|turn|27\n|inactive|Tomaster8000 has 120 seconds left.\n|\n|t:|1695182436\n|move|p2a: Zamazenta|Iron Defense|p2a: Zamazenta\n|-boost|p2a: Zamazenta|def|2\n|move|p1a: Duplo|Body Press|p2a: Zamazenta\n|-damage|p2a: Zamazenta|7/100\n|\n|-heal|p2a: Zamazenta|13/100|[from] item: Leftovers\n|upkeep\n|turn|28\n|inactive|Tomaster8000 has 120 seconds left.\n|\n|t:|1695182460\n|move|p2a: Zamazenta|Body Press|p1a: Duplo\n|-supereffective|p1a: Duplo\n|-damage|p1a: Duplo|70/100\n|move|p1a: Duplo|Body Press|p2a: Zamazenta\n|-damage|p2a: Zamazenta|0 fnt\n|faint|p2a: Zamazenta\n|\n|-heal|p1a: Duplo|76/100|[from] item: Leftovers\n|upkeep\n|\n|t:|1695182474\n|switch|p2a: Hatterene|Hatterene, F|100/100\n|turn|29\n|\n|t:|1695182484\n|move|p2a: Hatterene|Calm Mind|p2a: Hatterene\n|-boost|p2a: Hatterene|spa|1\n|-boost|p2a: Hatterene|spd|1\n|move|p1a: Duplo|Salt Cure|p2a: Hatterene\n|-damage|p2a: Hatterene|89/100\n|-start|p2a: Hatterene|Salt Cure\n|\n|-heal|p2a: Hatterene|95/100|[from] item: Leftovers\n|-heal|p1a: Duplo|83/100|[from] item: Leftovers\n|-damage|p2a: Hatterene|83/100|[from] Salt Cure\n|upkeep\n|turn|30\n|\n|t:|1695182490\n|move|p2a: Hatterene|Calm Mind|p2a: Hatterene\n|-boost|p2a: Hatterene|spa|1\n|-boost|p2a: Hatterene|spd|1\n|move|p1a: Duplo|Body Press|p2a: Hatterene\n|-resisted|p2a: Hatterene\n|-damage|p2a: Hatterene|69/100\n|\n|-heal|p2a: Hatterene|75/100|[from] item: Leftovers\n|-heal|p1a: Duplo|89/100|[from] item: Leftovers\n|-damage|p2a: Hatterene|63/100|[from] Salt Cure\n|upkeep\n|turn|31\n|inactive|Tomaster8000 has 120 seconds left.\n|\n|t:|1695182495\n|move|p2a: Hatterene|Calm Mind|p2a: Hatterene\n|-boost|p2a: Hatterene|spa|1\n|-boost|p2a: Hatterene|spd|1\n|move|p1a: Duplo|Body Press|p2a: Hatterene\n|-resisted|p2a: Hatterene\n|-crit|p2a: Hatterene\n|-damage|p2a: Hatterene|40/100\n|\n|-heal|p2a: Hatterene|46/100|[from] item: Leftovers\n|-heal|p1a: Duplo|95/100|[from] item: Leftovers\n|-damage|p2a: Hatterene|34/100|[from] Salt Cure\n|upkeep\n|turn|32\n|\n|t:|1695182502\n|move|p2a: Hatterene|Draining Kiss|p1a: Duplo\n|-damage|p1a: Duplo|61/100\n|-heal|p2a: Hatterene|67/100|[from] drain|[of] p1a: Duplo\n|move|p1a: Duplo|Body Press|p2a: Hatterene\n|-resisted|p2a: Hatterene\n|-damage|p2a: Hatterene|52/100\n|\n|-heal|p2a: Hatterene|58/100|[from] item: Leftovers\n|-heal|p1a: Duplo|67/100|[from] item: Leftovers\n|-damage|p2a: Hatterene|46/100|[from] Salt Cure\n|upkeep\n|turn|33\n|inactive|enrage warrior hs has 120 seconds left.\n|\n|t:|1695182542\n|switch|p1a: 68.144.64.11|Iron Moth|24/100\n|move|p2a: Hatterene|Draining Kiss|p1a: 68.144.64.11\n|-resisted|p1a: 68.144.64.11\n|-damage|p1a: 68.144.64.11|9/100\n|-heal|p2a: Hatterene|56/100|[from] drain|[of] p1a: 68.144.64.11\n|\n|-heal|p2a: Hatterene|62/100|[from] item: Leftovers\n|-damage|p2a: Hatterene|50/100|[from] Salt Cure\n|upkeep\n|turn|34\n|\n|t:|1695182552\n|move|p1a: 68.144.64.11|Sludge Wave|p2a: Hatterene\n|-supereffective|p2a: Hatterene\n|-damage|p2a: Hatterene|5/100\n|move|p2a: Hatterene|Psyshock|p1a: 68.144.64.11\n|-supereffective|p1a: 68.144.64.11\n|-damage|p1a: 68.144.64.11|0 fnt\n|faint|p1a: 68.144.64.11\n|-end|p1a: 68.144.64.11|Quark Drive|[silent]\n|\n|-heal|p2a: Hatterene|11/100|[from] item: Leftovers\n|-damage|p2a: Hatterene|0 fnt|[from] Salt Cure\n|faint|p2a: Hatterene\n|upkeep\n|inactive|enrage warrior hs has 120 seconds left.\n|\n|t:|1695182565\n|switch|p1a: Oda Nobunaga|Samurott-Hisui, M|19/100\n|switch|p2a: Sneasler|Sneasler, M|100/100\n|turn|35\n|\n|t:|1695182569\n|move|p1a: Oda Nobunaga|Razor Shell|p2a: Sneasler\n|-damage|p2a: Sneasler|6/100\n|-unboost|p2a: Sneasler|def|1\n|move|p2a: Sneasler|U-turn|p1a: Oda Nobunaga\n|-supereffective|p1a: Oda Nobunaga\n|-damage|p1a: Oda Nobunaga|0 fnt\n|faint|p1a: Oda Nobunaga\n|\n|t:|1695182581\n|switch|p2a: Heatran|Heatran, F|34/100|[from] U-turn\n|\n|-heal|p2a: Heatran|40/100|[from] item: Leftovers\n|upkeep\n|\n|t:|1695182584\n|switch|p1a: would|Ninetales-Alola, F|23/100\n|-weather|Snow|[from] ability: Snow Warning|[of] p1a: would\n|turn|36\n|\n|t:|1695182600\n|move|p1a: would|Aurora Veil|p1a: would\n|-sidestart|p1: enrage warrior hs|move: Aurora Veil\n|move|p2a: Heatran|Flamethrower|p1a: would\n|-supereffective|p1a: would\n|-damage|p1a: would|0 fnt\n|faint|p1a: would\n|\n|-weather|Snow|[upkeep]\n|-heal|p2a: Heatran|47/100|[from] item: Leftovers\n|upkeep\n|\n|t:|1695182603\n|switch|p1a: Duplo|Garganacl, F|67/100\n|turn|37\n|\n|t:|1695182618\n|switch|p2a: Amoonguss|Amoonguss, M|100/100\n|move|p1a: Duplo|Recover|p1a: Duplo\n|-heal|p1a: Duplo|100/100\n|\n|-weather|Snow|[upkeep]\n|upkeep\n|turn|38\n|\n|t:|1695182622\n|switch|p2a: Sneasler|Sneasler, M|6/100\n|move|p1a: Duplo|Iron Defense|p1a: Duplo\n|-boost|p1a: Duplo|def|2\n|\n|-weather|Snow|[upkeep]\n|upkeep\n|turn|39\n|\n|t:|1695182627\n|move|p2a: Sneasler|Close Combat|p1a: Duplo\n|-supereffective|p1a: Duplo\n|-damage|p1a: Duplo|66/100\n|-unboost|p2a: Sneasler|def|1\n|-unboost|p2a: Sneasler|spd|1\n|move|p1a: Duplo|Body Press|p2a: Sneasler\n|-resisted|p2a: Sneasler\n|-damage|p2a: Sneasler|0 fnt\n|faint|p2a: Sneasler\n|\n|-weather|Snow|[upkeep]\n|-heal|p1a: Duplo|73/100|[from] item: Leftovers\n|upkeep\n|\n|t:|1695182631\n|switch|p2a: Heatran|Heatran, F|47/100\n|turn|40\n|\n|t:|1695182634\n|move|p2a: Heatran|Earth Power|p1a: Duplo\n|-supereffective|p1a: Duplo\n|-damage|p1a: Duplo|50/100\n|move|p1a: Duplo|Body Press|p2a: Heatran\n|-supereffective|p2a: Heatran\n|-damage|p2a: Heatran|0 fnt\n|faint|p2a: Heatran\n|\n|-weather|none\n|-heal|p1a: Duplo|57/100|[from] item: Leftovers\n|upkeep\n|\n|t:|1695182638\n|switch|p2a: Amoonguss|Amoonguss, M|100/100\n|turn|41\n|\n|t:|1695182642\n|move|p1a: Duplo|Salt Cure|p2a: Amoonguss\n|-damage|p2a: Amoonguss|87/100\n|-start|p2a: Amoonguss|Salt Cure\n|move|p2a: Amoonguss|Giga Drain|p1a: Duplo\n|-supereffective|p1a: Duplo\n|-damage|p1a: Duplo|42/100\n|-heal|p2a: Amoonguss|94/100|[from] drain|[of] p1a: Duplo\n|\n|-heal|p1a: Duplo|48/100|[from] item: Leftovers\n|-damage|p2a: Amoonguss|82/100|[from] Salt Cure\n|upkeep\n|turn|42\n|\n|t:|1695182645\n|move|p1a: Duplo|Body Press|p2a: Amoonguss\n|-resisted|p2a: Amoonguss\n|-damage|p2a: Amoonguss|61/100\n|move|p2a: Amoonguss|Giga Drain|p1a: Duplo\n|-supereffective|p1a: Duplo\n|-damage|p1a: Duplo|34/100\n|-heal|p2a: Amoonguss|68/100|[from] drain|[of] p1a: Duplo\n|\n|-heal|p1a: Duplo|41/100|[from] item: Leftovers\n|-damage|p2a: Amoonguss|55/100|[from] Salt Cure\n|upkeep\n|turn|43\n|\n|t:|1695182649\n|move|p1a: Duplo|Recover|p1a: Duplo\n|-heal|p1a: Duplo|91/100\n|move|p2a: Amoonguss|Giga Drain|p1a: Duplo\n|-supereffective|p1a: Duplo\n|-crit|p1a: Duplo\n|-damage|p1a: Duplo|46/100\n|-heal|p2a: Amoonguss|76/100|[from] drain|[of] p1a: Duplo\n|\n|-heal|p1a: Duplo|52/100|[from] item: Leftovers\n|-damage|p2a: Amoonguss|64/100|[from] Salt Cure\n|-sideend|p1: enrage warrior hs|move: Aurora Veil\n|upkeep\n|turn|44\n|\n|t:|1695182651\n|move|p1a: Duplo|Body Press|p2a: Amoonguss\n|-resisted|p2a: Amoonguss\n|-damage|p2a: Amoonguss|44/100\n|move|p2a: Amoonguss|Giga Drain|p1a: Duplo\n|-supereffective|p1a: Duplo\n|-damage|p1a: Duplo|25/100\n|-heal|p2a: Amoonguss|57/100|[from] drain|[of] p1a: Duplo\n|\n|-heal|p1a: Duplo|31/100|[from] item: Leftovers\n|-damage|p2a: Amoonguss|44/100|[from] Salt Cure\n|upkeep\n|turn|45\n|\n|t:|1695182654\n|move|p1a: Duplo|Body Press|p2a: Amoonguss\n|-resisted|p2a: Amoonguss\n|-damage|p2a: Amoonguss|25/100\n|move|p2a: Amoonguss|Giga Drain|p1a: Duplo\n|-supereffective|p1a: Duplo\n|-damage|p1a: Duplo|1/100\n|-heal|p2a: Amoonguss|39/100|[from] drain|[of] p1a: Duplo\n|\n|-heal|p1a: Duplo|7/100|[from] item: Leftovers\n|-damage|p2a: Amoonguss|26/100|[from] Salt Cure\n|upkeep\n|turn|46\n|c|\u2606enrage warrior hs|gg\n|\n|t:|1695182659\n|move|p1a: Duplo|Body Press|p2a: Amoonguss\n|-resisted|p2a: Amoonguss\n|-damage|p2a: Amoonguss|7/100\n|move|p2a: Amoonguss|Giga Drain|p1a: Duplo\n|-supereffective|p1a: Duplo\n|-damage|p1a: Duplo|0 fnt\n|-heal|p2a: Amoonguss|11/100|[from] drain|[of] p1a: Duplo\n|faint|p1a: Duplo\n|\n|-damage|p2a: Amoonguss|0 fnt|[from] Salt Cure\n|faint|p2a: Amoonguss\n|\n|win|enrage warrior hs\n|upkeep\n|raw|enrage warrior hs's rating: 1369 &rarr; <strong>1392</strong><br />(+23 for winning)\n|raw|Tomaster8000's rating: 1427 &rarr; <strong>1404</strong><br />(-23 for losing)\n|l|\u2606Tomaster8000\n", "uploadtime": 1695182671, "views": 3, "p1id": "enragewarriorhs", "p2id": "tomaster8000", "formatid": "gen9ou", "rating": 1392, "private": 0, "password": ""}