{"id": "gen9ou-1947684244", "p1": "vegetameanswell", "p2": "Supraxd", "format": "gen9ou", "log": "|j|\u2606vegetameanswell\n|j|\u2606Supraxd\n|t:|1695186668\n|gametype|singles\n|player|p1|vegetameanswell|rosa|1259\n|player|p2|Supraxd|steven|1332\n|teamsize|p1|6\n|teamsize|p2|6\n|gen|9\n|tier|[Gen 9] OU\n|rated|\n|rule|Sleep Clause Mod: Limit one foe put to sleep\n|rule|Species Clause: Limit one of each Pok\u00e9mon\n|rule|OHKO Clause: OHKO moves are banned\n|rule|Evasion Items Clause: Evasion items are banned\n|rule|Evasion Moves Clause: Evasion moves are banned\n|rule|Endless Battle Clause: Forcing endless battles is banned\n|rule|HP Percentage Mod: HP is shown in percentages\n|clearpoke\n|poke|p1|Infernape, M|\n|poke|p1|Empoleon, M|\n|poke|p1|Torterra, F|\n|poke|p1|Garchomp, M|\n|poke|p1|Rotom-Wash|\n|poke|p1|Drifblim, F|\n|poke|p2|Volbeat, M|\n|poke|p2|Cramorant, M|\n|poke|p2|Garchomp, M|\n|poke|p2|Iron Moth|\n|poke|p2|Ninetales-Alola, M|\n|poke|p2|Kommo-o, F|\n|teampreview\n|inactive|Battle timer is ON: inactive players will automatically lose when time's up. (requested by vegetameanswell)\n|\n|t:|1695186684\n|start\n|switch|p1a: Infernape|Infernape, M|100/100\n|switch|p2a: Volbeat|Volbeat, M|100/100\n|turn|1\n|\n|t:|1695186708\n|move|p2a: Volbeat|Trick|p1a: Infernape\n|-activate|p2a: Volbeat|move: Trick|[of] p1a: Infernape\n|-item|p1a: Infernape|Lagging Tail|[from] move: Trick\n|-item|p2a: Volbeat|Punching Glove|[from] move: Trick\n|move|p1a: Infernape|Thunder Punch|p2a: Volbeat\n|-damage|p2a: Volbeat|76/100\n|\n|upkeep\n|turn|2\n|\n|t:|1695186718\n|move|p2a: Volbeat|Taunt|p1a: Infernape\n|-start|p1a: Infernape|move: Taunt\n|move|p1a: Infernape|Fire Punch|p2a: Volbeat\n|-supereffective|p2a: Volbeat\n|-damage|p2a: Volbeat|6/100\n|\n|upkeep\n|turn|3\n|\n|t:|1695186729\n|move|p2a: Volbeat|U-turn|p1a: Infernape\n|-resisted|p1a: Infernape\n|-damage|p1a: Infernape|94/100\n|\n|t:|1695186730\n|switch|p2a: Cramorant|Cramorant, M|100/100|[from] U-turn\n|move|p1a: Infernape|Fire Punch|p2a: Cramorant\n|-resisted|p2a: Cramorant\n|-damage|p2a: Cramorant|81/100\n|-damage|p1a: Infernape|78/100|[from] item: Rocky Helmet|[of] p2a: Cramorant\n|\n|upkeep\n|turn|4\n|\n|t:|1695186739\n|switch|p1a: Rotom|Rotom-Wash|100/100\n|move|p2a: Cramorant|Surf|p1a: Rotom\n|-formechange|p2a: Cramorant|Cramorant-Gulping|\n|-resisted|p1a: Rotom\n|-damage|p1a: Rotom|88/100\n|\n|-heal|p1a: Rotom|94/100|[from] item: Leftovers\n|upkeep\n|turn|5\n|\n|t:|1695186746\n|switch|p2a: Volbeat|Volbeat, M|6/100\n|move|p1a: Rotom|Volt Switch|p2a: Volbeat\n|-damage|p2a: Volbeat|0 fnt\n|faint|p2a: Volbeat\n|\n|t:|1695186758\n|switch|p1a: Empoleon|Empoleon, M|100/100|[from] Volt Switch\n|\n|upkeep\n|\n|t:|1695186764\n|switch|p2a: Garchomp|Garchomp, M|100/100\n|turn|6\n|\n|t:|1695186771\n|switch|p1a: Drifblim|Drifblim, F|100/100\n|move|p2a: Garchomp|Swords Dance|p2a: Garchomp\n|-boost|p2a: Garchomp|atk|2\n|\n|upkeep\n|turn|7\n|\n|t:|1695186784\n|-terastallize|p1a: Drifblim|Fairy\n|move|p2a: Garchomp|Swords Dance|p2a: Garchomp\n|-boost|p2a: Garchomp|atk|2\n|move|p1a: Drifblim|Will-O-Wisp|p2a: Garchomp\n|-status|p2a: Garchomp|brn\n|-enditem|p2a: Garchomp|Lum Berry|[eat]\n|-curestatus|p2a: Garchomp|brn|[msg]\n|\n|upkeep\n|turn|8\n|\n|t:|1695186795\n|-terastallize|p2a: Garchomp|Steel\n|move|p2a: Garchomp|Iron Head|p1a: Drifblim\n|-supereffective|p1a: Drifblim\n|-damage|p1a: Drifblim|0 fnt\n|-damage|p2a: Garchomp|76/100|[from] ability: Aftermath|[of] p1a: Drifblim\n|faint|p1a: Drifblim\n|\n|upkeep\n|\n|t:|1695186804\n|switch|p1a: Infernape|Infernape, M|78/100\n|turn|9\n|\n|t:|1695186809\n|move|p1a: Infernape|Mach Punch|p2a: Garchomp\n|-supereffective|p2a: Garchomp\n|-damage|p2a: Garchomp|29/100\n|-damage|p1a: Infernape|65/100|[from] ability: Rough Skin|[of] p2a: Garchomp\n|move|p2a: Garchomp|Earthquake|p1a: Infernape\n|-supereffective|p1a: Infernape\n|-damage|p1a: Infernape|0 fnt\n|faint|p1a: Infernape\n|\n|upkeep\n|\n|t:|1695186818\n|switch|p1a: Torterra|Torterra, F|100/100\n|turn|10\n|\n|t:|1695186823\n|move|p2a: Garchomp|Scale Shot|p1a: Torterra\n|-damage|p1a: Torterra|65/100\n|-damage|p1a: Torterra|33/100\n|-damage|p1a: Torterra|0 fnt\n|faint|p1a: Torterra\n|-hitcount|p1: Torterra|3\n|-unboost|p2a: Garchomp|def|1\n|-boost|p2a: Garchomp|spe|1\n|\n|upkeep\n|-message|vegetameanswell forfeited.\n|\n|win|Supraxd\n|raw|vegetameanswell's rating: 1259 &rarr; <strong>1239</strong><br />(-20 for losing)\n|raw|Supraxd's rating: 1332 &rarr; <strong>1348</strong><br />(+16 for winning)\n|l|\u2606vegetameanswell\n", "uploadtime": 1695187227, "views": 4, "p1id": "vegetameanswell", "p2id": "supraxd", "formatid": "gen9ou", "rating": 1239, "private": 0, "password": ""}