{"id": "gen9ou-1947689365", "p1": "It Ain't Goldover", "p2": "Jop let down again", "format": "gen9ou", "log": "|j|\u2606It Ain't Goldover\n|j|\u2606Jop let down again\n|t:|1695187431\n|gametype|singles\n|player|p1|It Ain't Goldover|dragontamer|1221\n|player|p2|Jop let down again|lillie|1208\n|teamsize|p1|6\n|teamsize|p2|6\n|gen|9\n|tier|[Gen 9] OU\n|rated|\n|rule|Sleep Clause Mod: Limit one foe put to sleep\n|rule|Species Clause: Limit one of each Pok\u00e9mon\n|rule|OHKO Clause: OHKO moves are banned\n|rule|Evasion Items Clause: Evasion items are banned\n|rule|Evasion Moves Clause: Evasion moves are banned\n|rule|Endless Battle Clause: Forcing endless battles is banned\n|rule|HP Percentage Mod: HP is shown in percentages\n|clearpoke\n|poke|p1|Ting-Lu|\n|poke|p1|Toxapex, F|\n|poke|p1|Ogerpon-Hearthflame, F|\n|poke|p1|Dragapult, F|\n|poke|p1|Garganacl, F|\n|poke|p1|Corviknight, M|\n|poke|p2|Iron Moth|\n|poke|p2|Ursaluna-Bloodmoon, M|\n|poke|p2|Great Tusk|\n|poke|p2|Kingambit, M|\n|poke|p2|Dragonite, F|\n|poke|p2|Iron Valiant|\n|teampreview\n|inactive|Battle timer is ON: inactive players will automatically lose when time's up. (requested by Jop let down again)\n|\n|t:|1695187449\n|start\n|switch|p1a: Ting-Lu|Ting-Lu|100/100\n|switch|p2a: Ursaluna|Ursaluna-Bloodmoon, M|100/100\n|-ability|p1a: Ting-Lu|Vessel of Ruin\n|turn|1\n|\n|t:|1695187461\n|move|p2a: Ursaluna|Calm Mind|p2a: Ursaluna\n|-boost|p2a: Ursaluna|spa|1\n|-boost|p2a: Ursaluna|spd|1\n|move|p1a: Ting-Lu|Whirlwind|p2a: Ursaluna\n|drag|p2a: Iron Valiant|Iron Valiant|100/100\n|-enditem|p2a: Iron Valiant|Booster Energy\n|-activate|p2a: Iron Valiant|ability: Quark Drive|[fromitem]\n|-start|p2a: Iron Valiant|quarkdrivespe\n|\n|upkeep\n|turn|2\n|\n|t:|1695187467\n|move|p2a: Iron Valiant|Moonblast|p1a: Ting-Lu\n|-supereffective|p1a: Ting-Lu\n|-damage|p1a: Ting-Lu|63/100\n|move|p1a: Ting-Lu|Whirlwind|p2a: Iron Valiant\n|-end|p2a: Iron Valiant|Quark Drive|[silent]\n|drag|p2a: Ursaluna|Ursaluna-Bloodmoon, M|100/100\n|\n|-heal|p1a: Ting-Lu|69/100|[from] item: Leftovers\n|upkeep\n|turn|3\n|\n|t:|1695187474\n|move|p2a: Ursaluna|Blood Moon|p1a: Ting-Lu\n|-damage|p1a: Ting-Lu|32/100\n|move|p1a: Ting-Lu|Whirlwind|p2a: Ursaluna\n|drag|p2a: Iron Valiant|Iron Valiant|100/100\n|\n|-heal|p1a: Ting-Lu|39/100|[from] item: Leftovers\n|upkeep\n|turn|4\n|\n|t:|1695187484\n|switch|p1a: Toxapex|Toxapex, F|100/100\n|move|p2a: Iron Valiant|Moonblast|p1a: Toxapex\n|-resisted|p1a: Toxapex\n|-damage|p1a: Toxapex|81/100\n|\n|-heal|p1a: Toxapex|88/100|[from] item: Black Sludge\n|upkeep\n|turn|5\n|\n|t:|1695187496\n|move|p2a: Iron Valiant|Calm Mind|p2a: Iron Valiant\n|-boost|p2a: Iron Valiant|spa|1\n|-boost|p2a: Iron Valiant|spd|1\n|move|p1a: Toxapex|Toxic|p2a: Iron Valiant\n|-status|p2a: Iron Valiant|tox\n|\n|-heal|p1a: Toxapex|94/100|[from] item: Black Sludge\n|-damage|p2a: Iron Valiant|94/100 tox|[from] psn\n|upkeep\n|turn|6\n|\n|t:|1695187500\n|move|p2a: Iron Valiant|Thunderbolt|p1a: Toxapex\n|-supereffective|p1a: Toxapex\n|-damage|p1a: Toxapex|23/100\n|move|p1a: Toxapex|Haze|p1a: Toxapex\n|-clearallboost\n|\n|-heal|p1a: Toxapex|29/100|[from] item: Black Sludge\n|-damage|p2a: Iron Valiant|82/100 tox|[from] psn\n|upkeep\n|turn|7\n|\n|t:|1695187519\n|switch|p1a: Ting-Lu|Ting-Lu|39/100\n|-ability|p1a: Ting-Lu|Vessel of Ruin\n|move|p2a: Iron Valiant|Moonblast|p1a: Ting-Lu\n|-supereffective|p1a: Ting-Lu\n|-damage|p1a: Ting-Lu|1/100\n|-unboost|p1a: Ting-Lu|spa|1\n|\n|-heal|p1a: Ting-Lu|8/100|[from] item: Leftovers\n|-damage|p2a: Iron Valiant|63/100 tox|[from] psn\n|upkeep\n|turn|8\n|\n|t:|1695187523\n|switch|p1a: Toxapex|Toxapex, F|62/100\n|move|p2a: Iron Valiant|Moonblast|p1a: Toxapex\n|-resisted|p1a: Toxapex\n|-damage|p1a: Toxapex|45/100\n|\n|-heal|p1a: Toxapex|51/100|[from] item: Black Sludge\n|-damage|p2a: Iron Valiant|38/100 tox|[from] psn\n|upkeep\n|turn|9\n|\n|t:|1695187530\n|-end|p2a: Iron Valiant|Quark Drive|[silent]\n|switch|p2a: Dragonite|Dragonite, F|100/100\n|switch|p1a: Corviknight|Corviknight, M|100/100\n|-ability|p1a: Corviknight|Pressure\n|\n|upkeep\n|turn|10\n|\n|t:|1695187540\n|switch|p2a: Great Tusk|Great Tusk|100/100\n|move|p1a: Corviknight|U-turn|p2a: Great Tusk\n|-resisted|p2a: Great Tusk\n|-damage|p2a: Great Tusk|96/100\n|\n|t:|1695187546\n|switch|p1a: Dragapult|Dragapult, F|100/100|[from] U-turn\n|\n|upkeep\n|turn|11\n|\n|t:|1695187554\n|move|p1a: Dragapult|U-turn|p2a: Great Tusk\n|-resisted|p2a: Great Tusk\n|-damage|p2a: Great Tusk|86/100\n|\n|t:|1695187559\n|switch|p1a: Corviknight|Corviknight, M|100/100|[from] U-turn\n|-ability|p1a: Corviknight|Pressure\n|move|p2a: Great Tusk|Knock Off|p1a: Corviknight\n|-damage|p1a: Corviknight|85/100\n|-damage|p2a: Great Tusk|70/100|[from] item: Rocky Helmet|[of] p1a: Corviknight\n|-enditem|p1a: Corviknight|Rocky Helmet|[from] move: Knock Off|[of] p2a: Great Tusk\n|\n|upkeep\n|turn|12\n|\n|t:|1695187567\n|move|p2a: Great Tusk|Stealth Rock|p1a: Corviknight\n|-sidestart|p1: It Ain't Goldover|move: Stealth Rock\n|move|p1a: Corviknight|Body Press|p2a: Great Tusk\n|-damage|p2a: Great Tusk|54/100\n|\n|upkeep\n|turn|13\n|\n|t:|1695187580\n|-end|p2a: Great Tusk|Protosynthesis|[silent]\n|switch|p2a: Ursaluna|Ursaluna-Bloodmoon, M|100/100\n|move|p1a: Corviknight|Defog|p2a: Ursaluna\n|-unboost|p2a: Ursaluna|evasion|1\n|-sideend|p1: It Ain't Goldover|Stealth Rock|[from] move: Defog|[of] p1a: Corviknight\n|\n|upkeep\n|turn|14\n|\n|t:|1695187596\n|switch|p2a: Great Tusk|Great Tusk|54/100\n|move|p1a: Corviknight|Body Press|p2a: Great Tusk\n|-damage|p2a: Great Tusk|36/100\n|\n|upkeep\n|turn|15\n|\n|t:|1695187600\n|move|p2a: Great Tusk|Stealth Rock|p1a: Corviknight\n|-sidestart|p1: It Ain't Goldover|move: Stealth Rock\n|move|p1a: Corviknight|Body Press|p2a: Great Tusk\n|-damage|p2a: Great Tusk|18/100\n|\n|upkeep\n|turn|16\n|\n|t:|1695187606\n|-end|p2a: Great Tusk|Protosynthesis|[silent]\n|switch|p2a: Iron Moth|Iron Moth|100/100\n|-enditem|p2a: Iron Moth|Booster Energy\n|-activate|p2a: Iron Moth|ability: Quark Drive|[fromitem]\n|-start|p2a: Iron Moth|quarkdrivespe\n|move|p1a: Corviknight|Defog|p2a: Iron Moth\n|-unboost|p2a: Iron Moth|evasion|1\n|-sideend|p1: It Ain't Goldover|Stealth Rock|[from] move: Defog|[of] p1a: Corviknight\n|\n|upkeep\n|turn|17\n|\n|t:|1695187621\n|switch|p1a: Toxapex|Toxapex, F|84/100\n|move|p2a: Iron Moth|Fiery Dance|p1a: Toxapex\n|-resisted|p1a: Toxapex\n|-damage|p1a: Toxapex|67/100\n|-boost|p2a: Iron Moth|spa|1\n|\n|-heal|p1a: Toxapex|74/100|[from] item: Black Sludge\n|upkeep\n|turn|18\n|\n|t:|1695187630\n|move|p2a: Iron Moth|Fiery Dance|p1a: Toxapex\n|-resisted|p1a: Toxapex\n|-damage|p1a: Toxapex|50/100\n|-boost|p2a: Iron Moth|spa|1\n|move|p1a: Toxapex|Surf|p2a: Iron Moth\n|-supereffective|p2a: Iron Moth\n|-damage|p2a: Iron Moth|56/100\n|\n|-heal|p1a: Toxapex|56/100|[from] item: Black Sludge\n|upkeep\n|turn|19\n|\n|t:|1695187641\n|move|p2a: Iron Moth|Sludge Wave|p1a: Toxapex\n|-resisted|p1a: Toxapex\n|-damage|p1a: Toxapex|15/100\n|move|p1a: Toxapex|Surf|p2a: Iron Moth\n|-supereffective|p2a: Iron Moth\n|-damage|p2a: Iron Moth|8/100\n|\n|-heal|p1a: Toxapex|21/100|[from] item: Black Sludge\n|upkeep\n|turn|20\n|\n|t:|1695187654\n|switch|p1a: Corviknight|Corviknight, M|85/100\n|-ability|p1a: Corviknight|Pressure\n|move|p2a: Iron Moth|Fiery Dance|p1a: Corviknight\n|-supereffective|p1a: Corviknight\n|-damage|p1a: Corviknight|0 fnt\n|-boost|p2a: Iron Moth|spa|1\n|faint|p1a: Corviknight\n|\n|upkeep\n|\n|t:|1695187671\n|switch|p1a: Toxapex|Toxapex, F|54/100\n|turn|21\n|\n|t:|1695187674\n|move|p2a: Iron Moth|Sludge Wave|p1a: Toxapex\n|-resisted|p1a: Toxapex\n|-damage|p1a: Toxapex|2/100\n|move|p1a: Toxapex|Surf|p2a: Iron Moth\n|-supereffective|p2a: Iron Moth\n|-damage|p2a: Iron Moth|0 fnt\n|faint|p2a: Iron Moth\n|-end|p2a: Iron Moth|Quark Drive|[silent]\n|\n|-heal|p1a: Toxapex|9/100|[from] item: Black Sludge\n|upkeep\n|\n|t:|1695187690\n|switch|p2a: Great Tusk|Great Tusk|18/100\n|turn|22\n|\n|t:|1695187700\n|switch|p1a: Ting-Lu|Ting-Lu|8/100\n|-ability|p1a: Ting-Lu|Vessel of Ruin\n|move|p2a: Great Tusk|Earthquake|p1a: Ting-Lu\n|-damage|p1a: Ting-Lu|0 fnt\n|faint|p1a: Ting-Lu\n|\n|upkeep\n|\n|t:|1695187707\n|switch|p1a: Ogerpon|Ogerpon-Hearthflame, F|100/100\n|-ability|p1a: Ogerpon|Mold Breaker\n|turn|23\n|\n|t:|1695187714\n|move|p1a: Ogerpon|Horn Leech|p2a: Great Tusk\n|-supereffective|p2a: Great Tusk\n|-damage|p2a: Great Tusk|0 fnt\n|faint|p2a: Great Tusk\n|-end|p2a: Great Tusk|Protosynthesis|[silent]\n|\n|upkeep\n|\n|t:|1695187727\n|switch|p2a: Dragonite|Dragonite, F|100/100\n|turn|24\n|\n|t:|1695187737\n|move|p1a: Ogerpon|Knock Off|p2a: Dragonite\n|-damage|p2a: Dragonite|64/100\n|-enditem|p2a: Dragonite|Heavy-Duty Boots|[from] move: Knock Off|[of] p1a: Ogerpon\n|move|p2a: Dragonite|Dragon Dance|p2a: Dragonite\n|-boost|p2a: Dragonite|atk|1\n|-boost|p2a: Dragonite|spe|1\n|\n|upkeep\n|turn|25\n|\n|t:|1695187749\n|move|p2a: Dragonite|Dragon Dance|p2a: Dragonite\n|-boost|p2a: Dragonite|atk|1\n|-boost|p2a: Dragonite|spe|1\n|move|p1a: Ogerpon|Ivy Cudgel|p2a: Dragonite\n|-resisted|p2a: Dragonite\n|-damage|p2a: Dragonite|33/100\n|\n|upkeep\n|turn|26\n|\n|t:|1695187754\n|move|p2a: Dragonite|Earthquake|p1a: Ogerpon\n|-damage|p1a: Ogerpon|0 fnt\n|faint|p1a: Ogerpon\n|\n|upkeep\n|\n|t:|1695187760\n|switch|p1a: Garganacl|Garganacl, F|100/100\n|turn|27\n|\n|t:|1695187763\n|move|p2a: Dragonite|Earthquake|p1a: Garganacl\n|-supereffective|p1a: Garganacl\n|-damage|p1a: Garganacl|13/100\n|move|p1a: Garganacl|Salt Cure|p2a: Dragonite\n|-supereffective|p2a: Dragonite\n|-damage|p2a: Dragonite|3/100\n|-start|p2a: Dragonite|Salt Cure\n|\n|-heal|p1a: Garganacl|20/100|[from] item: Leftovers\n|-damage|p2a: Dragonite|0 fnt|[from] Salt Cure\n|faint|p2a: Dragonite\n|upkeep\n|\n|t:|1695187771\n|switch|p2a: Ursaluna|Ursaluna-Bloodmoon, M|100/100\n|turn|28\n|\n|t:|1695187777\n|move|p1a: Garganacl|Protect|p1a: Garganacl\n|-singleturn|p1a: Garganacl|Protect\n|move|p2a: Ursaluna|Earth Power|p1a: Garganacl\n|-activate|p1a: Garganacl|move: Protect\n|\n|-heal|p1a: Garganacl|26/100|[from] item: Leftovers\n|upkeep\n|turn|29\n|\n|t:|1695187782\n|move|p2a: Ursaluna|Earth Power|p1a: Garganacl\n|-supereffective|p1a: Garganacl\n|-damage|p1a: Garganacl|0 fnt\n|faint|p1a: Garganacl\n|\n|upkeep\n|\n|t:|1695187787\n|switch|p1a: Dragapult|Dragapult, F|100/100\n|turn|30\n|\n|t:|1695187793\n|switch|p2a: Iron Valiant|Iron Valiant|38/100 tox\n|move|p1a: Dragapult|Dragon Darts|p2a: Iron Valiant\n|-immune|p2a: Iron Valiant\n|\n|-damage|p2a: Iron Valiant|32/100 tox|[from] psn\n|upkeep\n|turn|31\n|\n|t:|1695187799\n|switch|p1a: Toxapex|Toxapex, F|42/100\n|move|p2a: Iron Valiant|Thunderbolt|p1a: Toxapex\n|-supereffective|p1a: Toxapex\n|-damage|p1a: Toxapex|0 fnt\n|faint|p1a: Toxapex\n|\n|-damage|p2a: Iron Valiant|20/100 tox|[from] psn\n|upkeep\n|\n|t:|1695187801\n|switch|p1a: Dragapult|Dragapult, F|100/100\n|turn|32\n|\n|t:|1695187811\n|move|p1a: Dragapult|Tera Blast|p2a: Iron Valiant\n|-damage|p2a: Iron Valiant|0 fnt\n|faint|p2a: Iron Valiant\n|-end|p2a: Iron Valiant|Quark Drive|[silent]\n|\n|upkeep\n|\n|t:|1695187818\n|switch|p2a: Kingambit|Kingambit, M|100/100\n|-activate|p2a: Kingambit|ability: Supreme Overlord\n|-start|p2a: Kingambit|fallen4|[silent]\n|-item|p2a: Kingambit|Air Balloon\n|turn|33\n|\n|t:|1695187826\n|move|p2a: Kingambit|Sucker Punch|p1a: Dragapult\n|-supereffective|p1a: Dragapult\n|-crit|p1a: Dragapult\n|-damage|p1a: Dragapult|0 fnt\n|faint|p1a: Dragapult\n|\n|win|Jop let down again\n|raw|It Ain&apos;t Goldover's rating: 1221 &rarr; <strong>1195</strong><br />(-26 for losing)\n|raw|Jop let down again's rating: 1208 &rarr; <strong>1234</strong><br />(+26 for winning)\n|l|\u2606It Ain't Goldover\n", "uploadtime": 1695187835, "views": 4, "p1id": "itaintgoldover", "p2id": "jopletdownagain", "formatid": "gen9ou", "rating": 1195, "private": 0, "password": ""}