{"id": "gen9ou-1947647060", "p1": "Alice-chan89", "p2": "Kaito Satoshi", "format": "gen9ou", "log": "|j|\u2606Alice-chan89\n|j|\u2606Kaito Satoshi\n|t:|1695181660\n|gametype|singles\n|player|p1|Alice-chan89|101|1172\n|player|p2|Kaito Satoshi|veteran|1225\n|teamsize|p1|6\n|teamsize|p2|6\n|gen|9\n|tier|[Gen 9] OU\n|rated|\n|rule|Sleep Clause Mod: Limit one foe put to sleep\n|rule|Species Clause: Limit one of each Pok\u00e9mon\n|rule|OHKO Clause: OHKO moves are banned\n|rule|Evasion Items Clause: Evasion items are banned\n|rule|Evasion Moves Clause: Evasion moves are banned\n|rule|Endless Battle Clause: Forcing endless battles is banned\n|rule|HP Percentage Mod: HP is shown in percentages\n|clearpoke\n|poke|p1|Great Tusk|\n|poke|p1|Iron Hands|\n|poke|p1|Enamorus, F|\n|poke|p1|Gholdengo|\n|poke|p1|Torkoal, M|\n|poke|p1|Walking Wake|\n|poke|p2|Samurott-Hisui, M|\n|poke|p2|Sinistcha-Masterpiece|\n|poke|p2|Heatran, M|\n|poke|p2|Okidogi, M|\n|poke|p2|Dragonite, M|\n|poke|p2|Ditto|\n|teampreview\n|\n|t:|1695181672\n|start\n|switch|p1a: Goldmember|Gholdengo, shiny|100/100\n|switch|p2a: Samurott|Samurott-Hisui, M, shiny|100/100\n|turn|1\n|\n|t:|1695181680\n|move|p1a: Goldmember|Trick|p2a: Samurott\n|-activate|p1a: Goldmember|move: Trick|[of] p2a: Samurott\n|-item|p2a: Samurott|Choice Scarf|[from] move: Trick\n|-item|p1a: Goldmember|Focus Sash|[from] move: Trick\n|move|p2a: Samurott|Ceaseless Edge|p1a: Goldmember\n|-supereffective|p1a: Goldmember\n|-damage|p1a: Goldmember|1/100\n|-sidestart|p1: Alice-chan89|Spikes\n|\n|upkeep\n|turn|2\n|\n|t:|1695181692\n|switch|p1a: Shep|Great Tusk, shiny|100/100\n|-damage|p1a: Shep|88/100|[from] Spikes\n|move|p2a: Samurott|Ceaseless Edge|p1a: Shep\n|-resisted|p1a: Shep\n|-damage|p1a: Shep|71/100\n|-sidestart|p1: Alice-chan89|Spikes\n|\n|upkeep\n|turn|3\n|\n|t:|1695181706\n|switch|p2a: Sinistcha|Sinistcha-Masterpiece, shiny|100/100\n|move|p1a: Shep|Ice Spinner|p2a: Sinistcha\n|-supereffective|p2a: Sinistcha\n|-damage|p2a: Sinistcha|65/100\n|\n|-heal|p2a: Sinistcha|71/100|[from] item: Leftovers\n|upkeep\n|turn|4\n|inactive|Battle timer is ON: inactive players will automatically lose when time's up. (requested by Kaito Satoshi)\n|\n|t:|1695181717\n|-end|p1a: Shep|Protosynthesis|[silent]\n|switch|p1a: Raphael|Torkoal, M, shiny|100/100\n|-damage|p1a: Raphael|84/100|[from] Spikes\n|-weather|SunnyDay|[from] ability: Drought|[of] p1a: Raphael\n|move|p2a: Sinistcha|Matcha Gotcha|p1a: Raphael\n|-resisted|p1a: Raphael\n|-damage|p1a: Raphael|68/100\n|-heal|p2a: Sinistcha|79/100|[from] drain|[of] p1a: Raphael\n|\n|-weather|SunnyDay|[upkeep]\n|-heal|p2a: Sinistcha|85/100|[from] item: Leftovers\n|upkeep\n|turn|5\n|\n|t:|1695181731\n|move|p2a: Sinistcha|Shadow Ball|p1a: Raphael\n|-damage|p1a: Raphael|39/100\n|move|p1a: Raphael|Stealth Rock|p2a: Sinistcha\n|-sidestart|p2: Kaito Satoshi|move: Stealth Rock\n|\n|-weather|SunnyDay|[upkeep]\n|-heal|p2a: Sinistcha|91/100|[from] item: Leftovers\n|upkeep\n|turn|6\n|\n|t:|1695181740\n|move|p2a: Sinistcha|Shadow Ball|p1a: Raphael\n|-damage|p1a: Raphael|12/100\n|move|p1a: Raphael|Lava Plume|p2a: Sinistcha\n|-supereffective|p2a: Sinistcha\n|-damage|p2a: Sinistcha|50/100\n|\n|-weather|SunnyDay|[upkeep]\n|-heal|p2a: Sinistcha|56/100|[from] item: Leftovers\n|upkeep\n|turn|7\n|\n|t:|1695181754\n|switch|p1a: Blue|Walking Wake|100/100\n|-damage|p1a: Blue|84/100|[from] Spikes\n|-activate|p1a: Blue|ability: Protosynthesis\n|-start|p1a: Blue|protosynthesisspe\n|move|p2a: Sinistcha|Shadow Ball|p1a: Blue\n|-damage|p1a: Blue|46/100\n|\n|-weather|SunnyDay|[upkeep]\n|-heal|p2a: Sinistcha|62/100|[from] item: Leftovers\n|upkeep\n|turn|8\n|\n|t:|1695181776\n|switch|p2a: Samurott|Samurott-Hisui, M, shiny|100/100\n|-damage|p2a: Samurott|88/100|[from] Stealth Rock\n|move|p1a: Blue|Flamethrower|p2a: Samurott\n|-resisted|p2a: Samurott\n|-damage|p2a: Samurott|49/100\n|\n|-weather|SunnyDay|[upkeep]\n|upkeep\n|turn|9\n|\n|t:|1695181784\n|move|p1a: Blue|Draco Meteor|p2a: Samurott\n|-damage|p2a: Samurott|0 fnt\n|-unboost|p1a: Blue|spa|2\n|faint|p2a: Samurott\n|\n|-weather|SunnyDay|[upkeep]\n|upkeep\n|\n|t:|1695181792\n|switch|p2a: Heatran|Heatran, M, shiny|100/100\n|-damage|p2a: Heatran|88/100|[from] Stealth Rock\n|turn|10\n|\n|t:|1695181799\n|-end|p1a: Blue|Protosynthesis|[silent]\n|switch|p1a: Shep|Great Tusk, shiny|71/100\n|-damage|p1a: Shep|55/100|[from] Spikes\n|-activate|p1a: Shep|ability: Protosynthesis\n|-start|p1a: Shep|protosynthesisatk\n|move|p2a: Heatran|Stealth Rock|p1a: Shep\n|-sidestart|p1: Alice-chan89|move: Stealth Rock\n|\n|-weather|SunnyDay|[upkeep]\n|upkeep\n|turn|11\n|\n|t:|1695181814\n|move|p2a: Heatran|Protect|p2a: Heatran\n|-singleturn|p2a: Heatran|Protect\n|move|p1a: Shep|Rapid Spin|p2a: Heatran\n|-activate|p2a: Heatran|move: Protect\n|\n|-weather|none\n|-end|p1a: Shep|Protosynthesis\n|upkeep\n|turn|12\n|\n|t:|1695181824\n|switch|p2a: Sinistcha|Sinistcha-Masterpiece, shiny|62/100\n|-damage|p2a: Sinistcha|49/100|[from] Stealth Rock\n|move|p1a: Shep|Ice Spinner|p2a: Sinistcha\n|-supereffective|p2a: Sinistcha\n|-damage|p2a: Sinistcha|10/100\n|\n|-heal|p2a: Sinistcha|16/100|[from] item: Leftovers\n|upkeep\n|turn|13\n|\n|t:|1695181833\n|move|p1a: Shep|Ice Spinner|p2a: Sinistcha\n|-supereffective|p2a: Sinistcha\n|-damage|p2a: Sinistcha|0 fnt\n|faint|p2a: Sinistcha\n|\n|upkeep\n|\n|t:|1695181840\n|switch|p2a: Okidogi|Okidogi, M, shiny|100/100\n|-damage|p2a: Okidogi|94/100|[from] Stealth Rock\n|turn|14\n|\n|t:|1695181852\n|-end|p1a: Shep|Protosynthesis|[silent]\n|switch|p1a: Enamorus|Enamorus, F|100/100\n|-damage|p1a: Enamorus|76/100|[from] Stealth Rock\n|-terastallize|p2a: Okidogi|Water\n|move|p2a: Okidogi|Bulk Up|p2a: Okidogi\n|-boost|p2a: Okidogi|atk|1\n|-boost|p2a: Okidogi|def|1\n|\n|upkeep\n|turn|15\n|\n|t:|1695181866\n|-terastallize|p1a: Enamorus|Flying\n|move|p1a: Enamorus|Superpower|p2a: Okidogi\n|-damage|p2a: Okidogi|73/100\n|-boost|p1a: Enamorus|atk|1\n|-boost|p1a: Enamorus|def|1\n|move|p2a: Okidogi|Poison Jab|p1a: Enamorus\n|-damage|p1a: Enamorus|7/100\n|\n|upkeep\n|turn|16\n|\n|t:|1695181877\n|move|p1a: Enamorus|Tera Blast|p2a: Okidogi\n|-damage|p2a: Okidogi|26/100\n|move|p2a: Okidogi|Drain Punch|p1a: Enamorus\n|-resisted|p1a: Enamorus\n|-damage|p1a: Enamorus|0 fnt\n|-heal|p2a: Okidogi|29/100|[from] drain|[of] p1a: Enamorus\n|faint|p1a: Enamorus\n|\n|upkeep\n|\n|t:|1695181897\n|switch|p1a: Shep|Great Tusk, shiny|55/100\n|-damage|p1a: Shep|38/100|[from] Spikes\n|-damage|p1a: Shep|35/100|[from] Stealth Rock\n|turn|17\n|\n|t:|1695181904\n|move|p1a: Shep|Rapid Spin|p2a: Okidogi\n|-damage|p2a: Okidogi|19/100\n|-boost|p1a: Shep|spe|1\n|-sideend|p1: Alice-chan89|Spikes|[from] move: Rapid Spin|[of] p1a: Shep\n|-sideend|p1: Alice-chan89|Stealth Rock|[from] move: Rapid Spin|[of] p1a: Shep\n|move|p2a: Okidogi|Drain Punch|p1a: Shep\n|-damage|p1a: Shep|0 fnt\n|-heal|p2a: Okidogi|38/100|[from] drain|[of] p1a: Shep\n|faint|p1a: Shep\n|-end|p1a: Shep|Protosynthesis|[silent]\n|\n|upkeep\n|\n|t:|1695181919\n|switch|p1a: Goldmember|Gholdengo, shiny|1/100\n|turn|18\n|\n|t:|1695181934\n|move|p1a: Goldmember|Shadow Ball|p2a: Okidogi\n|-damage|p2a: Okidogi|0 fnt\n|faint|p2a: Okidogi\n|\n|upkeep\n|\n|t:|1695181939\n|switch|p2a: Ditto|Ditto|100/100\n|-damage|p2a: Ditto|88/100|[from] Stealth Rock\n|-transform|p2a: Ditto|p1a: Goldmember|[from] ability: Imposter\n|turn|19\n|\n|t:|1695181948\n|switch|p1a: Raphael|Torkoal, M, shiny|12/100\n|-weather|SunnyDay|[from] ability: Drought|[of] p1a: Raphael\n|move|p2a: Ditto|Shadow Ball|p1a: Raphael\n|-damage|p1a: Raphael|0 fnt\n|faint|p1a: Raphael\n|\n|-weather|SunnyDay|[upkeep]\n|upkeep\n|\n|t:|1695181958\n|switch|p1a: Blue|Walking Wake|46/100\n|-activate|p1a: Blue|ability: Protosynthesis\n|-start|p1a: Blue|protosynthesisspe\n|turn|20\n|\n|t:|1695181978\n|switch|p2a: Heatran|Heatran, M, shiny|88/100\n|-damage|p2a: Heatran|76/100|[from] Stealth Rock\n|move|p1a: Blue|Hydro Steam|p2a: Heatran\n|-supereffective|p2a: Heatran\n|-damage|p2a: Heatran|0 fnt\n|faint|p2a: Heatran\n|\n|-weather|SunnyDay|[upkeep]\n|upkeep\n|\n|t:|1695181982\n|switch|p2a: Ditto|Ditto|88/100\n|-damage|p2a: Ditto|76/100|[from] Stealth Rock\n|-transform|p2a: Ditto|p1a: Blue|[from] ability: Imposter\n|turn|21\n|\n|t:|1695182003\n|-end|p1a: Blue|Protosynthesis|[silent]\n|switch|p1a: Goldmember|Gholdengo, shiny|1/100\n|move|p2a: Ditto|Draco Meteor|p1a: Goldmember\n|-resisted|p1a: Goldmember\n|-damage|p1a: Goldmember|0 fnt\n|-unboost|p2a: Ditto|spa|2\n|faint|p1a: Goldmember\n|\n|-weather|SunnyDay|[upkeep]\n|upkeep\n|\n|t:|1695182015\n|switch|p1a: Alpha|Iron Hands, shiny|100/100\n|turn|22\n|\n|t:|1695182023\n|-end|p2a: Ditto|Protosynthesis|[silent]\n|switch|p2a: Dragonite|Dragonite, M, shiny|100/100\n|move|p1a: Alpha|Thunder Punch|p2a: Dragonite\n|-damage|p2a: Dragonite|74/100\n|\n|-weather|SunnyDay|[upkeep]\n|upkeep\n|turn|23\n|\n|t:|1695182033\n|move|p2a: Dragonite|Earthquake|p1a: Alpha\n|-supereffective|p1a: Alpha\n|-damage|p1a: Alpha|51/100\n|move|p1a: Alpha|Volt Switch|p2a: Dragonite\n|-damage|p2a: Dragonite|62/100\n|\n|t:|1695182038\n|-end|p1a: Alpha|Quark Drive|[silent]\n|switch|p1a: Blue|Walking Wake|46/100|[from] Volt Switch\n|-activate|p1a: Blue|ability: Protosynthesis\n|-start|p1a: Blue|protosynthesisspe\n|\n|-weather|SunnyDay|[upkeep]\n|upkeep\n|turn|24\n|\n|t:|1695182050\n|move|p2a: Dragonite|Extreme Speed|p1a: Blue\n|-damage|p1a: Blue|11/100\n|move|p1a: Blue|Draco Meteor|p2a: Dragonite\n|-supereffective|p2a: Dragonite\n|-damage|p2a: Dragonite|0 fnt\n|-unboost|p1a: Blue|spa|2\n|faint|p2a: Dragonite\n|\n|-weather|SunnyDay|[upkeep]\n|upkeep\n|\n|t:|1695182059\n|switch|p2a: Ditto|Ditto|76/100\n|-damage|p2a: Ditto|63/100|[from] Stealth Rock\n|-transform|p2a: Ditto|p1a: Blue|[from] ability: Imposter\n|turn|25\n|\n|t:|1695182075\n|move|p2a: Ditto|Hydro Steam|p1a: Blue\n|-resisted|p1a: Blue\n|-damage|p1a: Blue|3/100\n|move|p1a: Blue|Draco Meteor|p2a: Ditto\n|-supereffective|p2a: Ditto\n|-damage|p2a: Ditto|0 fnt\n|-unboost|p1a: Blue|spa|2\n|faint|p2a: Ditto\n|-end|p2a: Ditto|Protosynthesis|[silent]\n|\n|win|Alice-chan89\n|raw|Alice-chan89's rating: 1172 &rarr; <strong>1201</strong><br />(+29 for winning)\n|raw|Kaito Satoshi's rating: 1225 &rarr; <strong>1196</strong><br />(-29 for losing)\n|l|\u2606Kaito Satoshi\n", "uploadtime": 1695182085, "views": 4, "p1id": "alicechan89", "p2id": "kaitosatoshi", "formatid": "gen9ou", "rating": 1196, "private": 0, "password": ""}