{"id": "gen9ou-1947615704", "p1": "Red Hot Rubedo", "p2": "Coppenheimer", "format": "gen9ou", "log": "|j|\u2606Red Hot Rubedo\n|j|\u2606Coppenheimer\n|t:|1695178175\n|gametype|singles\n|player|p1|Red Hot Rubedo|swimmer|1455\n|player|p2|Coppenheimer|waiter-gen4dp|1395\n|teamsize|p1|6\n|teamsize|p2|6\n|gen|9\n|tier|[Gen 9] OU\n|rated|\n|rule|Sleep Clause Mod: Limit one foe put to sleep\n|rule|Species Clause: Limit one of each Pok\u00e9mon\n|rule|OHKO Clause: OHKO moves are banned\n|rule|Evasion Items Clause: Evasion items are banned\n|rule|Evasion Moves Clause: Evasion moves are banned\n|rule|Endless Battle Clause: Forcing endless battles is banned\n|rule|HP Percentage Mod: HP is shown in percentages\n|clearpoke\n|poke|p1|Breloom, M|\n|poke|p1|Cinderace, M|\n|poke|p1|Ribombee, F|\n|poke|p1|Moltres|\n|poke|p1|Greninja-*, F|\n|poke|p1|Gliscor, M|\n|poke|p2|Ribombee, M|\n|poke|p2|Gholdengo|\n|poke|p2|Thundurus-Therian, M|\n|poke|p2|Grimmsnarl, M|\n|poke|p2|Garchomp, F|\n|poke|p2|Rillaboom, M|\n|teampreview\n|inactive|Battle timer is ON: inactive players will automatically lose when time's up. (requested by Coppenheimer)\n|\n|t:|1695178184\n|start\n|switch|p1a: Gliscor|Gliscor, M|100/100\n|switch|p2a: Grimmsnarl|Grimmsnarl, M|100/100\n|turn|1\n|\n|t:|1695178195\n|move|p2a: Grimmsnarl|Reflect|p2a: Grimmsnarl\n|-sidestart|p2: Coppenheimer|Reflect\n|move|p1a: Gliscor|Earthquake|p2a: Grimmsnarl\n|-damage|p2a: Grimmsnarl|79/100\n|\n|-status|p1a: Gliscor|tox|[from] item: Toxic Orb\n|upkeep\n|turn|2\n|\n|t:|1695178200\n|move|p2a: Grimmsnarl|Parting Shot|p1a: Gliscor\n|-unboost|p1a: Gliscor|atk|1\n|-unboost|p1a: Gliscor|spa|1\n|\n|t:|1695178202\n|switch|p2a: Thundurus|Thundurus-Therian, M|100/100|[from] Parting Shot\n|move|p1a: Gliscor|Toxic|p2a: Thundurus\n|-status|p2a: Thundurus|tox\n|\n|-damage|p2a: Thundurus|94/100 tox|[from] psn\n|upkeep\n|turn|3\n|\n|t:|1695178207\n|-terastallize|p2a: Thundurus|Flying\n|move|p1a: Gliscor|Protect|p1a: Gliscor\n|-singleturn|p1a: Gliscor|Protect\n|move|p2a: Thundurus|Tera Blast|p1a: Gliscor\n|-activate|p1a: Gliscor|move: Protect\n|\n|-damage|p2a: Thundurus|82/100 tox|[from] psn\n|upkeep\n|turn|4\n|\n|t:|1695178214\n|switch|p1a: Moltres|Moltres|100/100\n|move|p2a: Thundurus|Tera Blast|p1a: Moltres\n|-damage|p1a: Moltres|16/100\n|\n|-damage|p2a: Thundurus|64/100 tox|[from] psn\n|upkeep\n|turn|5\n|\n|t:|1695178222\n|switch|p1a: Gliscor|Gliscor, M|100/100 tox\n|move|p2a: Thundurus|Tera Blast|p1a: Gliscor\n|-damage|p1a: Gliscor|0 fnt\n|faint|p1a: Gliscor\n|\n|-damage|p2a: Thundurus|40/100 tox|[from] psn\n|upkeep\n|\n|t:|1695178239\n|switch|p1a: Moltres|Moltres|16/100\n|turn|6\n|\n|t:|1695178243\n|move|p2a: Thundurus|Tera Blast|p1a: Moltres\n|-damage|p1a: Moltres|0 fnt\n|faint|p1a: Moltres\n|\n|-damage|p2a: Thundurus|10/100 tox|[from] psn\n|upkeep\n|\n|t:|1695178265\n|switch|p1a: Cinderace|Cinderace, M|100/100\n|turn|7\n|\n|t:|1695178271\n|switch|p2a: Garchomp|Garchomp, F|100/100\n|move|p1a: Cinderace|Pyro Ball|p2a: Garchomp\n|-resisted|p2a: Garchomp\n|-damage|p2a: Garchomp|86/100\n|\n|upkeep\n|turn|8\n|\n|t:|1695178279\n|switch|p1a: Ribombee|Ribombee, F|100/100\n|move|p2a: Garchomp|Scale Shot|p1a: Ribombee\n|-immune|p1a: Ribombee\n|\n|-sideend|p2: Coppenheimer|Reflect\n|upkeep\n|turn|9\n|\n|t:|1695178288\n|move|p1a: Ribombee|Moonblast|p2a: Garchomp\n|-supereffective|p2a: Garchomp\n|-damage|p2a: Garchomp|4/100\n|-unboost|p2a: Garchomp|spa|1\n|move|p2a: Garchomp|Fire Fang|p1a: Ribombee\n|-supereffective|p1a: Ribombee\n|-damage|p1a: Ribombee|7/100\n|\n|upkeep\n|turn|10\n|\n|t:|1695178294\n|move|p1a: Ribombee|Sticky Web|p2a: Garchomp\n|-sidestart|p2: Coppenheimer|move: Sticky Web\n|move|p2a: Garchomp|Earthquake|p1a: Ribombee\n|-resisted|p1a: Ribombee\n|-damage|p1a: Ribombee|0 fnt\n|faint|p1a: Ribombee\n|\n|upkeep\n|\n|t:|1695178304\n|switch|p1a: Greninja|Greninja, F|100/100\n|turn|11\n|\n|t:|1695178318\n|switch|p2a: Grimmsnarl|Grimmsnarl, M|79/100\n|-activate|p2a: Grimmsnarl|move: Sticky Web\n|-unboost|p2a: Grimmsnarl|spe|1\n|move|p1a: Greninja|Ice Beam|p2a: Grimmsnarl\n|-start|p1a: Greninja|typechange|Ice|[from] ability: Protean\n|-damage|p2a: Grimmsnarl|30/100\n|\n|upkeep\n|turn|12\n|\n|t:|1695178328\n|switch|p1a: Cinderace|Cinderace, M|100/100\n|move|p2a: Grimmsnarl|Light Screen|p2a: Grimmsnarl\n|-sidestart|p2: Coppenheimer|move: Light Screen\n|\n|upkeep\n|turn|13\n|\n|t:|1695178339\n|move|p1a: Cinderace|Sucker Punch||[still]\n|-fail|p1a: Cinderace\n|move|p2a: Grimmsnarl|Parting Shot|p1a: Cinderace\n|-unboost|p1a: Cinderace|atk|1\n|-unboost|p1a: Cinderace|spa|1\n|\n|t:|1695178361\n|switch|p2a: Ribombee|Ribombee, M|100/100|[from] Parting Shot\n|-activate|p2a: Ribombee|move: Sticky Web\n|-unboost|p2a: Ribombee|spe|1\n|\n|upkeep\n|turn|14\n|\n|t:|1695178366\n|move|p1a: Cinderace|Court Change|p1a: Cinderace\n|-start|p1a: Cinderace|typechange|Normal|[from] ability: Libero\n|-swapsideconditions\n|-activate|p1a: Cinderace|move: Court Change\n|move|p2a: Ribombee|Stun Spore|p1a: Cinderace\n|-status|p1a: Cinderace|par\n|\n|upkeep\n|turn|15\n|\n|t:|1695178374\n|move|p2a: Ribombee|Moonblast|p1a: Cinderace\n|-damage|p1a: Cinderace|74/100 par\n|move|p1a: Cinderace|Pyro Ball|p2a: Ribombee|[miss]\n|-miss|p1a: Cinderace|p2a: Ribombee\n|\n|upkeep\n|turn|16\n|\n|t:|1695178382\n|switch|p2a: Garchomp|Garchomp, F|4/100\n|move|p1a: Cinderace|Pyro Ball|p2a: Garchomp\n|-resisted|p2a: Garchomp\n|-damage|p2a: Garchomp|0 fnt\n|faint|p2a: Garchomp\n|\n|upkeep\n|\n|t:|1695178385\n|switch|p2a: Rillaboom|Rillaboom, M|100/100\n|-fieldstart|move: Grassy Terrain|[from] ability: Grassy Surge|[of] p2a: Rillaboom\n|turn|17\n|\n|t:|1695178387\n|move|p2a: Rillaboom|Wood Hammer|p1a: Cinderace\n|-damage|p1a: Cinderace|0 fnt\n|faint|p1a: Cinderace\n|-damage|p2a: Rillaboom|79/100|[from] Recoil\n|\n|-heal|p2a: Rillaboom|85/100|[from] Grassy Terrain\n|upkeep\n|\n|t:|1695178393\n|switch|p1a: Greninja|Greninja, F|100/100\n|-activate|p1a: Greninja|move: Sticky Web\n|-unboost|p1a: Greninja|spe|1\n|turn|18\n|\n|t:|1695178395\n|move|p2a: Rillaboom|Wood Hammer|p1a: Greninja\n|-supereffective|p1a: Greninja\n|-damage|p1a: Greninja|0 fnt\n|faint|p1a: Greninja\n|-damage|p2a: Rillaboom|58/100|[from] Recoil\n|\n|-heal|p2a: Rillaboom|64/100|[from] Grassy Terrain\n|upkeep\n|\n|t:|1695178398\n|switch|p1a: Breloom|Breloom, M|100/100\n|-activate|p1a: Breloom|move: Sticky Web\n|-unboost|p1a: Breloom|spe|1\n|turn|19\n|\n|t:|1695178402\n|move|p1a: Breloom|Mach Punch|p2a: Rillaboom\n|-damage|p2a: Rillaboom|29/100\n|move|p2a: Rillaboom|Wood Hammer|p1a: Breloom\n|-resisted|p1a: Breloom\n|-damage|p1a: Breloom|1/100\n|-damage|p2a: Rillaboom|4/100|[from] Recoil\n|\n|-heal|p2a: Rillaboom|10/100|[from] Grassy Terrain\n|-heal|p1a: Breloom|7/100|[from] Grassy Terrain\n|-sideend|p1: Red Hot Rubedo|move: Light Screen\n|upkeep\n|turn|20\n|\n|t:|1695178410\n|switch|p2a: Thundurus|Thundurus-Therian, M, tera:Flying|10/100 tox\n|move|p1a: Breloom|Bullet Seed|p2a: Thundurus\n|-resisted|p2a: Thundurus\n|-damage|p2a: Thundurus|0 fnt\n|faint|p2a: Thundurus\n|-hitcount|p2: Thundurus|1\n|\n|-heal|p1a: Breloom|14/100|[from] Grassy Terrain\n|upkeep\n|\n|t:|1695178412\n|switch|p2a: Rillaboom|Rillaboom, M|10/100\n|turn|21\n|\n|t:|1695178415\n|move|p2a: Rillaboom|Grassy Glide|p1a: Breloom\n|-resisted|p1a: Breloom\n|-damage|p1a: Breloom|0 fnt\n|faint|p1a: Breloom\n|\n|win|Coppenheimer\n|raw|Red Hot Rubedo's rating: 1455 &rarr; <strong>1432</strong><br />(-23 for losing)\n|raw|Coppenheimer's rating: 1395 &rarr; <strong>1418</strong><br />(+23 for winning)\n|l|\u2606Red Hot Rubedo\n", "uploadtime": 1695178420, "views": 5, "p1id": "redhotrubedo", "p2id": "coppenheimer", "formatid": "gen9ou", "rating": 1418, "private": 0, "password": ""}