{"id": "gen9ou-1947685971", "p1": "avaluggsimp", "p2": "RayleighXD", "format": "gen9ou", "log": "|j|\u2606avaluggsimp\n|j|\u2606RayleighXD\n|t:|1695186927\n|gametype|singles\n|player|p1|avaluggsimp|265|1251\n|player|p2|RayleighXD|blue|1269\n|teamsize|p1|6\n|teamsize|p2|6\n|gen|9\n|tier|[Gen 9] OU\n|rated|\n|rule|Sleep Clause Mod: Limit one foe put to sleep\n|rule|Species Clause: Limit one of each Pok\u00e9mon\n|rule|OHKO Clause: OHKO moves are banned\n|rule|Evasion Items Clause: Evasion items are banned\n|rule|Evasion Moves Clause: Evasion moves are banned\n|rule|Endless Battle Clause: Forcing endless battles is banned\n|rule|HP Percentage Mod: HP is shown in percentages\n|clearpoke\n|poke|p1|Ogerpon-Hearthflame, F|\n|poke|p1|Ninetales-Alola, F|\n|poke|p1|Dragapult, F|\n|poke|p1|Amoonguss, M|\n|poke|p1|Great Tusk|\n|poke|p1|Greninja-*, M|\n|poke|p2|Great Tusk|\n|poke|p2|Ogerpon-Hearthflame, F|\n|poke|p2|Moltres|\n|poke|p2|Empoleon, M|\n|poke|p2|Iron Valiant|\n|poke|p2|Garchomp, F|\n|teampreview\n|\n|t:|1695186943\n|start\n|switch|p1a: Dragapult|Dragapult, F|100/100\n|switch|p2a: Empoleon|Empoleon, M|100/100\n|turn|1\n|\n|t:|1695186950\n|move|p1a: Dragapult|U-turn|p2a: Empoleon\n|-resisted|p2a: Empoleon\n|-damage|p2a: Empoleon|93/100\n|\n|t:|1695186957\n|switch|p1a: Ninetales|Ninetales-Alola, F, shiny|100/100|[from] U-turn\n|-weather|Snow|[from] ability: Snow Warning|[of] p1a: Ninetales\n|move|p2a: Empoleon|Flip Turn|p1a: Ninetales\n|-damage|p1a: Ninetales|89/100\n|\n|t:|1695186962\n|switch|p2a: Ogerpon|Ogerpon-Hearthflame, F|100/100|[from] Flip Turn\n|-ability|p2a: Ogerpon|Mold Breaker\n|\n|-weather|Snow|[upkeep]\n|upkeep\n|turn|2\n|\n|t:|1695186971\n|switch|p1a: Greninja|Greninja, M|100/100\n|move|p2a: Ogerpon|Ivy Cudgel|p1a: Greninja\n|-resisted|p1a: Greninja\n|-damage|p1a: Greninja|54/100\n|\n|-weather|Snow|[upkeep]\n|upkeep\n|turn|3\n|\n|t:|1695186989\n|switch|p2a: Empoleon|Empoleon, M|93/100\n|move|p1a: Greninja|Surf|p2a: Empoleon\n|-resisted|p2a: Empoleon\n|-damage|p2a: Empoleon|73/100\n|\n|-weather|Snow|[upkeep]\n|-heal|p2a: Empoleon|79/100|[from] item: Leftovers\n|upkeep\n|turn|4\n|\n|t:|1695186996\n|switch|p1a: Amoonguss|Amoonguss, M|100/100\n|move|p2a: Empoleon|Flip Turn|p1a: Amoonguss\n|-resisted|p1a: Amoonguss\n|-crit|p1a: Amoonguss\n|-damage|p1a: Amoonguss|92/100\n|-damage|p2a: Empoleon|63/100|[from] item: Rocky Helmet|[of] p1a: Amoonguss\n|\n|t:|1695186999\n|switch|p2a: Ogerpon|Ogerpon-Hearthflame, F|100/100|[from] Flip Turn\n|-ability|p2a: Ogerpon|Mold Breaker\n|\n|-weather|Snow|[upkeep]\n|upkeep\n|turn|5\n|\n|t:|1695187006\n|move|p2a: Ogerpon|Ivy Cudgel|p1a: Amoonguss\n|-supereffective|p1a: Amoonguss\n|-damage|p1a: Amoonguss|8/100\n|move|p1a: Amoonguss|Spore|p2a: Ogerpon\n|-immune|p2a: Ogerpon\n|\n|-weather|none\n|upkeep\n|turn|6\n|c|\u2606avaluggsimp|im a fucking idiot\n|c|\u2606RayleighXD|LOL\n|c|\u2606avaluggsimp|ugggggh\n|\n|t:|1695187039\n|switch|p1a: Dragapult|Dragapult, F|100/100\n|move|p2a: Ogerpon|Ivy Cudgel|p1a: Dragapult\n|-resisted|p1a: Dragapult\n|-damage|p1a: Dragapult|59/100\n|\n|upkeep\n|turn|7\n|\n|t:|1695187044\n|switch|p2a: Moltres|Moltres|100/100\n|move|p1a: Dragapult|Draco Meteor|p2a: Moltres\n|-damage|p2a: Moltres|43/100\n|-unboost|p1a: Dragapult|spa|2\n|\n|upkeep\n|turn|8\n|\n|t:|1695187048\n|switch|p1a: Greninja|Greninja, M|54/100\n|move|p2a: Moltres|U-turn|p1a: Greninja\n|-supereffective|p1a: Greninja\n|-damage|p1a: Greninja|3/100\n|\n|t:|1695187052\n|switch|p2a: Iron Valiant|Iron Valiant|100/100|[from] U-turn\n|-enditem|p2a: Iron Valiant|Booster Energy\n|-activate|p2a: Iron Valiant|ability: Quark Drive|[fromitem]\n|-start|p2a: Iron Valiant|quarkdrivespe\n|\n|upkeep\n|turn|9\n|\n|t:|1695187062\n|move|p1a: Greninja|Water Shuriken|p2a: Iron Valiant\n|-damage|p2a: Iron Valiant|80/100\n|-damage|p2a: Iron Valiant|60/100\n|-damage|p2a: Iron Valiant|40/100\n|-damage|p2a: Iron Valiant|20/100\n|-damage|p2a: Iron Valiant|0 fnt\n|faint|p2a: Iron Valiant\n|-end|p2a: Iron Valiant|Quark Drive|[silent]\n|-ability|p1a: Greninja|Battle Bond|boost\n|-boost|p1a: Greninja|atk|1\n|-boost|p1a: Greninja|spa|1\n|-boost|p1a: Greninja|spe|1\n|-activate|p1a: Greninja|ability: Battle Bond\n|-hitcount|p2: Iron Valiant|5\n|\n|upkeep\n|c|\u2606avaluggsimp|sheesh\n|c|\u2606RayleighXD|wtf\n|\n|t:|1695187073\n|switch|p2a: Empoleon|Empoleon, M|63/100\n|turn|10\n|c|\u2606avaluggsimp|im just cracked\n|\n|t:|1695187081\n|switch|p1a: Amoonguss|Amoonguss, M|41/100\n|move|p2a: Empoleon|Flip Turn|p1a: Amoonguss\n|-resisted|p1a: Amoonguss\n|-damage|p1a: Amoonguss|35/100\n|-damage|p2a: Empoleon|46/100|[from] item: Rocky Helmet|[of] p1a: Amoonguss\n|\n|t:|1695187088\n|switch|p2a: Ogerpon|Ogerpon-Hearthflame, F|100/100|[from] Flip Turn\n|-ability|p2a: Ogerpon|Mold Breaker\n|\n|upkeep\n|turn|11\n|\n|t:|1695187096\n|move|p2a: Ogerpon|Ivy Cudgel|p1a: Amoonguss\n|-supereffective|p1a: Amoonguss\n|-damage|p1a: Amoonguss|0 fnt\n|faint|p1a: Amoonguss\n|\n|upkeep\n|\n|t:|1695187098\n|switch|p1a: Greninja|Greninja, M|3/100\n|turn|12\n|\n|t:|1695187108\n|switch|p2a: Moltres|Moltres|43/100\n|move|p1a: Greninja|Surf|p2a: Moltres\n|-supereffective|p2a: Moltres\n|-damage|p2a: Moltres|0 fnt\n|faint|p2a: Moltres\n|\n|upkeep\n|\n|t:|1695187110\n|switch|p2a: Empoleon|Empoleon, M|46/100\n|turn|13\n|c|\u2606avaluggsimp|the ogerpon wars are real\n|\n|t:|1695187131\n|switch|p1a: Ogerpon|Ogerpon-Hearthflame, F, shiny|100/100\n|-ability|p1a: Ogerpon|Mold Breaker\n|move|p2a: Empoleon|Flip Turn|p1a: Ogerpon\n|-damage|p1a: Ogerpon|81/100\n|\n|t:|1695187135\n|switch|p2a: Garchomp|Garchomp, F|100/100|[from] Flip Turn\n|\n|upkeep\n|turn|14\n|\n|t:|1695187162\n|move|p1a: Ogerpon|Swords Dance|p1a: Ogerpon\n|-boost|p1a: Ogerpon|atk|2\n|move|p2a: Garchomp|Scale Shot|p1a: Ogerpon\n|-damage|p1a: Ogerpon|63/100\n|-damage|p1a: Ogerpon|45/100\n|-damage|p1a: Ogerpon|29/100\n|-damage|p1a: Ogerpon|13/100\n|-damage|p1a: Ogerpon|0 fnt\n|faint|p1a: Ogerpon\n|-hitcount|p1: Ogerpon|5\n|-unboost|p2a: Garchomp|def|1\n|-boost|p2a: Garchomp|spe|1\n|\n|upkeep\n|c|\u2606avaluggsimp|dice?\n|c|\u2606RayleighXD|ye\n|c|\u2606avaluggsimp|fuck me\n|\n|t:|1695187189\n|switch|p1a: Ninetales|Ninetales-Alola, F, shiny|89/100\n|-weather|Snow|[from] ability: Snow Warning|[of] p1a: Ninetales\n|turn|15\n|\n|t:|1695187199\n|switch|p1a: Greninja|Greninja, M|3/100\n|move|p2a: Garchomp|Substitute|p2a: Garchomp\n|-start|p2a: Garchomp|Substitute\n|-damage|p2a: Garchomp|76/100\n|\n|-weather|Snow|[upkeep]\n|upkeep\n|turn|16\n|\n|t:|1695187210\n|-terastallize|p1a: Greninja|Water\n|move|p1a: Greninja|Water Shuriken|p2a: Garchomp\n|-activate|p2a: Garchomp|move: Substitute|[damage]\n|-end|p2a: Garchomp|Substitute\n|-damage|p2a: Garchomp|60/100\n|-hitcount|p2a: Garchomp|3\n|move|p2a: Garchomp|Earthquake|p1a: Greninja\n|-damage|p1a: Greninja|0 fnt\n|faint|p1a: Greninja\n|\n|-weather|Snow|[upkeep]\n|upkeep\n|c|\u2606avaluggsimp|huh\n|c|\u2606avaluggsimp|wouldve thought that did more\n|\n|t:|1695187233\n|switch|p1a: Ninetales|Ninetales-Alola, F, shiny|89/100\n|turn|17\n|\n|t:|1695187236\n|move|p2a: Garchomp|Swords Dance|p2a: Garchomp\n|-boost|p2a: Garchomp|atk|2\n|move|p1a: Ninetales|Moonblast|p2a: Garchomp\n|-supereffective|p2a: Garchomp\n|-damage|p2a: Garchomp|2/100\n|\n|-weather|Snow|[upkeep]\n|upkeep\n|turn|18\n|\n|t:|1695187240\n|move|p2a: Garchomp|Earthquake|p1a: Ninetales\n|-damage|p1a: Ninetales|16/100\n|move|p1a: Ninetales|Freeze-Dry|p2a: Garchomp\n|-supereffective|p2a: Garchomp\n|-damage|p2a: Garchomp|0 fnt\n|faint|p2a: Garchomp\n|\n|-weather|Snow|[upkeep]\n|upkeep\n|c|\u2606RayleighXD|????\n|c|\u2606RayleighXD|ur a fucking fraud chomp\n|c|\u2606avaluggsimp|beefy\n|\n|t:|1695187252\n|switch|p2a: Ogerpon|Ogerpon-Hearthflame, F|100/100\n|-ability|p2a: Ogerpon|Mold Breaker\n|turn|19\n|c|\u2606avaluggsimp|yeah chomp is outclassed\n|c|\u2606avaluggsimp|power creep go br\n|\n|t:|1695187268\n|switch|p1a: Dragapult|Dragapult, F|59/100\n|move|p2a: Ogerpon|Ivy Cudgel|p1a: Dragapult\n|-resisted|p1a: Dragapult\n|-damage|p1a: Dragapult|22/100\n|\n|-weather|none\n|upkeep\n|turn|20\n|\n|t:|1695187271\n|switch|p2a: Empoleon|Empoleon, M|46/100\n|move|p1a: Dragapult|Draco Meteor|p2a: Empoleon\n|-resisted|p2a: Empoleon\n|-damage|p2a: Empoleon|27/100\n|-unboost|p1a: Dragapult|spa|2\n|\n|-heal|p2a: Empoleon|33/100|[from] item: Leftovers\n|upkeep\n|turn|21\n|\n|t:|1695187285\n|move|p1a: Dragapult|U-turn|p2a: Empoleon\n|-resisted|p2a: Empoleon\n|-damage|p2a: Empoleon|24/100\n|\n|t:|1695187290\n|switch|p1a: Ninetales|Ninetales-Alola, F, shiny|16/100|[from] U-turn\n|-weather|Snow|[from] ability: Snow Warning|[of] p1a: Ninetales\n|move|p2a: Empoleon|Roost|p2a: Empoleon\n|-heal|p2a: Empoleon|74/100\n|-singleturn|p2a: Empoleon|move: Roost\n|\n|-weather|Snow|[upkeep]\n|-heal|p2a: Empoleon|80/100|[from] item: Leftovers\n|upkeep\n|turn|22\n|c|\u2606avaluggsimp|i hate this thing\n|\n|t:|1695187299\n|move|p1a: Ninetales|Aurora Veil|p1a: Ninetales\n|-sidestart|p1: avaluggsimp|move: Aurora Veil\n|move|p2a: Empoleon|Flip Turn|p1a: Ninetales\n|-damage|p1a: Ninetales|10/100\n|\n|t:|1695187301\n|switch|p2a: Ogerpon|Ogerpon-Hearthflame, F|100/100|[from] Flip Turn\n|-ability|p2a: Ogerpon|Mold Breaker\n|\n|-weather|Snow|[upkeep]\n|upkeep\n|turn|23\n|\n|t:|1695187307\n|move|p2a: Ogerpon|Ivy Cudgel|p1a: Ninetales\n|-supereffective|p1a: Ninetales\n|-damage|p1a: Ninetales|0 fnt\n|faint|p1a: Ninetales\n|\n|-weather|Snow|[upkeep]\n|upkeep\n|\n|t:|1695187315\n|switch|p1a: Great Tusk|Great Tusk|100/100\n|turn|24\n|\n|t:|1695187322\n|move|p2a: Ogerpon|Focus Energy|p2a: Ogerpon\n|-start|p2a: Ogerpon|move: Focus Energy\n|move|p1a: Great Tusk|Headlong Rush|p2a: Ogerpon\n|-damage|p2a: Ogerpon|25/100\n|-unboost|p1a: Great Tusk|def|1\n|-unboost|p1a: Great Tusk|spd|1\n|-enditem|p1a: Great Tusk|Eject Pack\n|\n|t:|1695187328\n|-end|p1a: Great Tusk|Protosynthesis|[silent]\n|switch|p1a: Dragapult|Dragapult, F|22/100\n|\n|-weather|Snow|[upkeep]\n|upkeep\n|turn|25\n|\n|t:|1695187334\n|move|p1a: Dragapult|Shadow Ball|p2a: Ogerpon\n|-damage|p2a: Ogerpon|0 fnt\n|faint|p2a: Ogerpon\n|\n|-weather|none\n|upkeep\n|\n|t:|1695187336\n|switch|p2a: Empoleon|Empoleon, M|80/100\n|turn|26\n|c|\u2606avaluggsimp|eject pack pog\n|\n|t:|1695187344\n|move|p1a: Dragapult|Shadow Ball|p2a: Empoleon\n|-damage|p2a: Empoleon|55/100\n|move|p2a: Empoleon|Roost|p2a: Empoleon\n|-heal|p2a: Empoleon|100/100\n|-singleturn|p2a: Empoleon|move: Roost\n|\n|upkeep\n|turn|27\n|\n|t:|1695187350\n|move|p1a: Dragapult|Shadow Ball|p2a: Empoleon\n|-damage|p2a: Empoleon|77/100\n|move|p2a: Empoleon|Surf|p1a: Dragapult\n|-resisted|p1a: Dragapult\n|-damage|p1a: Dragapult|10/100\n|\n|-heal|p2a: Empoleon|83/100|[from] item: Leftovers\n|upkeep\n|turn|28\n|\n|t:|1695187352\n|move|p1a: Dragapult|Shadow Ball|p2a: Empoleon\n|-damage|p2a: Empoleon|62/100\n|move|p2a: Empoleon|Surf|p1a: Dragapult\n|-resisted|p1a: Dragapult\n|-damage|p1a: Dragapult|0 fnt\n|faint|p1a: Dragapult\n|\n|-heal|p2a: Empoleon|68/100|[from] item: Leftovers\n|upkeep\n|\n|t:|1695187356\n|switch|p1a: Great Tusk|Great Tusk|100/100\n|turn|29\n|\n|t:|1695187370\n|-terastallize|p2a: Empoleon|Water\n|move|p1a: Great Tusk|Headlong Rush|p2a: Empoleon\n|-damage|p2a: Empoleon|0 fnt\n|-unboost|p1a: Great Tusk|def|1\n|-unboost|p1a: Great Tusk|spd|1\n|faint|p2a: Empoleon\n|\n|-sideend|p1: avaluggsimp|move: Aurora Veil\n|upkeep\n|c|\u2606RayleighXD|holy\n|\n|t:|1695187377\n|switch|p2a: Great Tusk|Great Tusk|100/100\n|turn|30\n|\n|t:|1695187384\n|move|p2a: Great Tusk|Rapid Spin|p1a: Great Tusk\n|-damage|p1a: Great Tusk|85/100\n|-boost|p2a: Great Tusk|spe|1\n|move|p1a: Great Tusk|Close Combat|p2a: Great Tusk\n|-damage|p2a: Great Tusk|62/100\n|-unboost|p1a: Great Tusk|def|1\n|-unboost|p1a: Great Tusk|spd|1\n|\n|-heal|p2a: Great Tusk|68/100|[from] item: Leftovers\n|upkeep\n|turn|31\n|\n|t:|1695187390\n|move|p2a: Great Tusk|Ice Spinner|p1a: Great Tusk\n|-supereffective|p1a: Great Tusk\n|-damage|p1a: Great Tusk|12/100\n|move|p1a: Great Tusk|Knock Off|p2a: Great Tusk\n|-resisted|p2a: Great Tusk\n|-damage|p2a: Great Tusk|57/100\n|-enditem|p2a: Great Tusk|Leftovers|[from] move: Knock Off|[of] p1a: Great Tusk\n|\n|upkeep\n|turn|32\n|\n|t:|1695187394\n|move|p2a: Great Tusk|Ice Spinner|p1a: Great Tusk\n|-supereffective|p1a: Great Tusk\n|-damage|p1a: Great Tusk|0 fnt\n|faint|p1a: Great Tusk\n|-end|p1a: Great Tusk|Protosynthesis|[silent]\n|\n|win|RayleighXD\n|raw|avaluggsimp's rating: 1251 &rarr; <strong>1227</strong><br />(-24 for losing)\n|raw|RayleighXD's rating: 1269 &rarr; <strong>1293</strong><br />(+24 for winning)\n", "uploadtime": 1695187249, "views": 4, "p1id": "avaluggsimp", "p2id": "rayleighxd", "formatid": "gen9ou", "rating": 1227, "private": 0, "password": ""}