{"id": "gen9ou-1947499754", "p1": "Pokemaster123j", "p2": "nothingwith3gs", "format": "gen9ou", "log": "|j|\u2606Pokemaster123j\n|j|\u2606nothingwith3gs\n|t:|1695166684\n|gametype|singles\n|player|p1|Pokemaster123j|2|\n|player|p2|nothingwith3gs|ghetsis|\n|teamsize|p1|6\n|teamsize|p2|6\n|gen|9\n|tier|[Gen 9] OU\n|rule|Sleep Clause Mod: Limit one foe put to sleep\n|rule|Species Clause: Limit one of each Pok\u00e9mon\n|rule|OHKO Clause: OHKO moves are banned\n|rule|Evasion Items Clause: Evasion items are banned\n|rule|Evasion Moves Clause: Evasion moves are banned\n|rule|Endless Battle Clause: Forcing endless battles is banned\n|rule|HP Percentage Mod: HP is shown in percentages\n|clearpoke\n|poke|p1|Pincurchin, M|\n|poke|p1|Iron Valiant|\n|poke|p1|Sandy Shocks|\n|poke|p1|Slowbro, F|\n|poke|p1|Glimmora, M|\n|poke|p1|Ninetales-Alola, M|\n|poke|p2|Great Tusk|\n|poke|p2|Enamorus, F|\n|poke|p2|Kingambit, M|\n|poke|p2|Ogerpon-Hearthflame, F|\n|poke|p2|Cinderace, F|\n|poke|p2|Glimmora, M|\n|teampreview\n|\n|t:|1695166690\n|start\n|switch|p1a: Glimmora|Glimmora, M|100/100\n|switch|p2a: Glimmora|Glimmora, M|100/100\n|turn|1\n|\n|t:|1695166698\n|move|p2a: Glimmora|Stealth Rock|p1a: Glimmora\n|-sidestart|p1: Pokemaster123j|move: Stealth Rock\n|move|p1a: Glimmora|Acid Armor|p1a: Glimmora\n|-boost|p1a: Glimmora|def|2\n|\n|upkeep\n|turn|2\n|\n|t:|1695166707\n|move|p2a: Glimmora|Mortal Spin|p1a: Glimmora\n|-resisted|p1a: Glimmora\n|-crit|p1a: Glimmora\n|-damage|p1a: Glimmora|99/100\n|-activate|p1a: Glimmora|ability: Toxic Debris\n|-sidestart|p2: nothingwith3gs|move: Toxic Spikes\n|-sideend|p2: nothingwith3gs|Toxic Spikes|[from] move: Mortal Spin|[of] p2a: Glimmora\n|move|p1a: Glimmora|Acid Armor|p1a: Glimmora\n|-boost|p1a: Glimmora|def|2\n|\n|upkeep\n|turn|3\n|\n|t:|1695166717\n|move|p2a: Glimmora|Energy Ball|p1a: Glimmora\n|-damage|p1a: Glimmora|67/100\n|move|p1a: Glimmora|Acid Armor|p1a: Glimmora\n|-boost|p1a: Glimmora|def|2\n|\n|upkeep\n|turn|4\n|\n|t:|1695166724\n|move|p2a: Glimmora|Energy Ball|p1a: Glimmora\n|-damage|p1a: Glimmora|34/100\n|-unboost|p1a: Glimmora|spd|1\n|move|p1a: Glimmora|Light Screen|p1a: Glimmora\n|-sidestart|p1: Pokemaster123j|move: Light Screen\n|\n|upkeep\n|turn|5\n|\n|t:|1695166735\n|move|p1a: Glimmora|Spiky Shield|p1a: Glimmora\n|-singleturn|p1a: Glimmora|move: Protect\n|move|p2a: Glimmora|Energy Ball|p1a: Glimmora\n|-activate|p1a: Glimmora|move: Protect\n|\n|upkeep\n|turn|6\n|\n|t:|1695166742\n|move|p2a: Glimmora|Energy Ball|p1a: Glimmora\n|-damage|p1a: Glimmora|11/100\n|move|p1a: Glimmora|Rest|p1a: Glimmora\n|-status|p1a: Glimmora|slp|[from] move: Rest\n|-heal|p1a: Glimmora|100/100 slp|[silent]\n|\n|upkeep\n|turn|7\n|\n|t:|1695166751\n|cant|p1a: Glimmora|slp\n|move|p2a: Glimmora|Energy Ball|p1a: Glimmora\n|-damage|p1a: Glimmora|79/100 slp\n|\n|upkeep\n|turn|8\n|\n|t:|1695166759\n|cant|p1a: Glimmora|slp\n|move|p2a: Glimmora|Energy Ball|p1a: Glimmora\n|-damage|p1a: Glimmora|55/100 slp\n|\n|-sideend|p1: Pokemaster123j|move: Light Screen\n|upkeep\n|turn|9\n|\n|t:|1695166766\n|-curestatus|p1a: Glimmora|slp|[msg]\n|move|p1a: Glimmora|Spiky Shield|p1a: Glimmora\n|-singleturn|p1a: Glimmora|move: Protect\n|move|p2a: Glimmora|Energy Ball|p1a: Glimmora\n|-activate|p1a: Glimmora|move: Protect\n|\n|upkeep\n|turn|10\n|\n|t:|1695166776\n|move|p2a: Glimmora|Energy Ball|p1a: Glimmora\n|-damage|p1a: Glimmora|5/100\n|move|p1a: Glimmora|Light Screen|p1a: Glimmora\n|-sidestart|p1: Pokemaster123j|move: Light Screen\n|\n|upkeep\n|turn|11\n|\n|t:|1695166782\n|move|p1a: Glimmora|Spiky Shield|p1a: Glimmora\n|-singleturn|p1a: Glimmora|move: Protect\n|move|p2a: Glimmora|Energy Ball|p1a: Glimmora\n|-activate|p1a: Glimmora|move: Protect\n|\n|upkeep\n|turn|12\n|\n|t:|1695166788\n|move|p2a: Glimmora|Energy Ball|p1a: Glimmora\n|-damage|p1a: Glimmora|0 fnt\n|faint|p1a: Glimmora\n|\n|upkeep\n|\n|t:|1695166797\n|switch|p1a: Ninetales|Ninetales-Alola, M|100/100\n|-damage|p1a: Ninetales|75/100|[from] Stealth Rock\n|-weather|Snow|[from] ability: Snow Warning|[of] p1a: Ninetales\n|turn|13\n|\n|t:|1695166804\n|move|p2a: Glimmora|Mortal Spin|p1a: Ninetales\n|-supereffective|p1a: Ninetales\n|-damage|p1a: Ninetales|66/100\n|-status|p1a: Ninetales|psn\n|move|p1a: Ninetales|Aurora Veil|p1a: Ninetales\n|-sidestart|p1: Pokemaster123j|move: Aurora Veil\n|\n|-weather|Snow|[upkeep]\n|-damage|p1a: Ninetales|54/100 psn|[from] psn\n|upkeep\n|turn|14\n|\n|t:|1695166815\n|move|p2a: Glimmora|Earth Power|p1a: Ninetales\n|-damage|p1a: Ninetales|40/100 psn\n|move|p1a: Ninetales|Nasty Plot|p1a: Ninetales\n|-boost|p1a: Ninetales|spa|2\n|\n|-weather|Snow|[upkeep]\n|-damage|p1a: Ninetales|28/100 psn|[from] psn\n|-sideend|p1: Pokemaster123j|move: Light Screen\n|upkeep\n|turn|15\n|\n|t:|1695166826\n|move|p2a: Glimmora|Earth Power|p1a: Ninetales\n|-damage|p1a: Ninetales|14/100 psn\n|move|p1a: Ninetales|Moonblast|p2a: Glimmora\n|-resisted|p2a: Glimmora\n|-damage|p2a: Glimmora|66/100\n|\n|-weather|Snow|[upkeep]\n|-damage|p1a: Ninetales|1/100 psn|[from] psn\n|upkeep\n|turn|16\n|\n|t:|1695166838\n|move|p2a: Glimmora|Earth Power|p1a: Ninetales\n|-damage|p1a: Ninetales|0 fnt\n|faint|p1a: Ninetales\n|\n|-weather|Snow|[upkeep]\n|upkeep\n|\n|t:|1695166848\n|switch|p1a: Sandy Shocks|Sandy Shocks|100/100\n|-damage|p1a: Sandy Shocks|94/100|[from] Stealth Rock\n|-enditem|p1a: Sandy Shocks|Booster Energy\n|-activate|p1a: Sandy Shocks|ability: Protosynthesis|[fromitem]\n|-start|p1a: Sandy Shocks|protosynthesisspa\n|turn|17\n|\n|t:|1695166856\n|move|p2a: Glimmora|Mortal Spin|p1a: Sandy Shocks\n|-resisted|p1a: Sandy Shocks\n|-crit|p1a: Sandy Shocks\n|-damage|p1a: Sandy Shocks|90/100\n|-status|p1a: Sandy Shocks|psn\n|move|p1a: Sandy Shocks|Stealth Rock|p2a: Glimmora\n|-sidestart|p2: nothingwith3gs|move: Stealth Rock\n|\n|-weather|none\n|-damage|p1a: Sandy Shocks|77/100 psn|[from] psn\n|upkeep\n|turn|18\n|\n|t:|1695166866\n|move|p2a: Glimmora|Energy Ball|p1a: Sandy Shocks\n|-supereffective|p1a: Sandy Shocks\n|-damage|p1a: Sandy Shocks|41/100 psn\n|move|p1a: Sandy Shocks|Stealth Rock||[still]\n|-fail|p1a: Sandy Shocks\n|\n|-damage|p1a: Sandy Shocks|28/100 psn|[from] psn\n|upkeep\n|turn|19\n|\n|t:|1695166877\n|move|p2a: Glimmora|Energy Ball|p1a: Sandy Shocks\n|-supereffective|p1a: Sandy Shocks\n|-damage|p1a: Sandy Shocks|0 fnt\n|faint|p1a: Sandy Shocks\n|-end|p1a: Sandy Shocks|Protosynthesis|[silent]\n|\n|upkeep\n|\n|t:|1695166883\n|switch|p1a: Slowbro|Slowbro, F|100/100\n|-damage|p1a: Slowbro|88/100|[from] Stealth Rock\n|turn|20\n|\n|t:|1695166888\n|move|p2a: Glimmora|Energy Ball|p1a: Slowbro\n|-supereffective|p1a: Slowbro\n|-damage|p1a: Slowbro|71/100\n|move|p1a: Slowbro|Future Sight|p2a: Glimmora\n|-start|p1a: Slowbro|move: Future Sight\n|\n|-sideend|p1: Pokemaster123j|move: Aurora Veil\n|upkeep\n|turn|21\n|\n|t:|1695166896\n|move|p2a: Glimmora|Mortal Spin|p1a: Slowbro\n|-damage|p1a: Slowbro|66/100\n|-status|p1a: Slowbro|psn\n|-sideend|p2: nothingwith3gs|Stealth Rock|[from] move: Mortal Spin|[of] p2a: Glimmora\n|move|p1a: Slowbro|Drain Punch|p2a: Glimmora\n|-damage|p2a: Glimmora|49/100\n|-heal|p1a: Slowbro|73/100 psn|[from] drain|[of] p2a: Glimmora\n|-activate|p2a: Glimmora|ability: Toxic Debris\n|-sidestart|p1: Pokemaster123j|move: Toxic Spikes\n|\n|-damage|p1a: Slowbro|60/100 psn|[from] psn\n|upkeep\n|turn|22\n|\n|t:|1695166910\n|move|p2a: Glimmora|Energy Ball|p1a: Slowbro\n|-supereffective|p1a: Slowbro\n|-damage|p1a: Slowbro|28/100 psn\n|move|p1a: Slowbro|Drain Punch|p2a: Glimmora\n|-damage|p2a: Glimmora|32/100\n|-heal|p1a: Slowbro|35/100 psn|[from] drain|[of] p2a: Glimmora\n|-activate|p2a: Glimmora|ability: Toxic Debris\n|-sidestart|p1: Pokemaster123j|move: Toxic Spikes\n|\n|-end|p2a: Glimmora|move: Future Sight\n|-supereffective|p2a: Glimmora\n|-damage|p2a: Glimmora|0 fnt\n|faint|p2a: Glimmora\n|-damage|p1a: Slowbro|22/100 psn|[from] psn\n|upkeep\n|\n|t:|1695166920\n|switch|p2a: Enamorus|Enamorus, F|100/100\n|turn|23\n|\n|t:|1695166924\n|move|p2a: Enamorus|Moonblast|p1a: Slowbro\n|-damage|p1a: Slowbro|0 fnt\n|faint|p1a: Slowbro\n|\n|upkeep\n|\n|t:|1695166930\n|switch|p1a: Pincurchin|Pincurchin, M|100/100\n|-damage|p1a: Pincurchin|88/100|[from] Stealth Rock\n|-status|p1a: Pincurchin|tox\n|-fieldstart|move: Electric Terrain|[from] ability: Electric Surge|[of] p1a: Pincurchin\n|turn|24\n|\n|t:|1695166940\n|move|p2a: Enamorus|Earth Power|p1a: Pincurchin\n|-supereffective|p1a: Pincurchin\n|-damage|p1a: Pincurchin|5/100 tox\n|move|p1a: Pincurchin|Toxic Spikes|p2a: Enamorus\n|-sidestart|p2: nothingwith3gs|move: Toxic Spikes\n|\n|-damage|p1a: Pincurchin|0 fnt|[from] psn\n|faint|p1a: Pincurchin\n|upkeep\n|\n|t:|1695166948\n|switch|p1a: Iron Valiant|Iron Valiant|100/100\n|-damage|p1a: Iron Valiant|94/100|[from] Stealth Rock\n|-status|p1a: Iron Valiant|tox\n|-activate|p1a: Iron Valiant|ability: Quark Drive\n|-start|p1a: Iron Valiant|quarkdriveatk\n|turn|25\n|\n|t:|1695166958\n|-terastallize|p1a: Iron Valiant|Fighting\n|move|p1a: Iron Valiant|Vacuum Wave|p2a: Enamorus\n|-resisted|p2a: Enamorus\n|-damage|p2a: Enamorus|90/100\n|-damage|p1a: Iron Valiant|84/100 tox|[from] item: Life Orb\n|move|p2a: Enamorus|Moonblast|p1a: Iron Valiant\n|-supereffective|p1a: Iron Valiant\n|-damage|p1a: Iron Valiant|0 fnt\n|faint|p1a: Iron Valiant\n|-end|p1a: Iron Valiant|Quark Drive|[silent]\n|\n|win|nothingwith3gs\n|l|\u2606Pokemaster123j\n", "uploadtime": 1695166968, "views": 1, "p1id": "pokemaster123j", "p2id": "nothingwith3gs", "formatid": "gen9ou", "rating": 0, "private": 0, "password": ""}