{"id": "gen9ou-1947498709", "p1": "Team Cash TC", "p2": "dog50000", "format": "gen9ou", "log": "|j|\u2606Team Cash TC\n|j|\u2606dog50000\n|t:|1695166575\n|gametype|singles\n|player|p1|Team Cash TC|170|1146\n|player|p2|dog50000|dawn-masters3|1188\n|teamsize|p1|6\n|teamsize|p2|6\n|gen|9\n|tier|[Gen 9] OU\n|rated|\n|rule|Sleep Clause Mod: Limit one foe put to sleep\n|rule|Species Clause: Limit one of each Pok\u00e9mon\n|rule|OHKO Clause: OHKO moves are banned\n|rule|Evasion Items Clause: Evasion items are banned\n|rule|Evasion Moves Clause: Evasion moves are banned\n|rule|Endless Battle Clause: Forcing endless battles is banned\n|rule|HP Percentage Mod: HP is shown in percentages\n|clearpoke\n|poke|p1|Ribombee, F|\n|poke|p1|Gholdengo|\n|poke|p1|Walking Wake|\n|poke|p1|Hoopa-Unbound|\n|poke|p1|Munkidori, M|\n|poke|p1|Haxorus, M|\n|poke|p2|Iron Moth|\n|poke|p2|Ursaluna-Bloodmoon, M|\n|poke|p2|Great Tusk|\n|poke|p2|Kingambit, F|\n|poke|p2|Dragonite, F|\n|poke|p2|Iron Valiant|\n|teampreview\n|inactive|Battle timer is ON: inactive players will automatically lose when time's up. (requested by dog50000)\n|inactive|dog50000 has 120 seconds left.\n|\n|t:|1695166611\n|start\n|switch|p1a: Ribombee|Ribombee, F|100/100\n|switch|p2a: Dragonite|Dragonite, F|100/100\n|turn|1\n|\n|t:|1695166616\n|move|p2a: Dragonite|Extreme Speed|p1a: Ribombee\n|-damage|p1a: Ribombee|37/100\n|move|p1a: Ribombee|Sticky Web|p2a: Dragonite\n|-sidestart|p2: dog50000|move: Sticky Web\n|\n|upkeep\n|turn|2\n|\n|t:|1695166623\n|move|p2a: Dragonite|Extreme Speed|p1a: Ribombee\n|-damage|p1a: Ribombee|0 fnt\n|faint|p1a: Ribombee\n|\n|upkeep\n|\n|t:|1695166626\n|switch|p1a: Gholdengo|Gholdengo|100/100\n|-item|p1a: Gholdengo|Air Balloon\n|turn|3\n|\n|t:|1695166631\n|switch|p2a: Kingambit|Kingambit, F|100/100\n|-item|p2a: Kingambit|Air Balloon\n|move|p1a: Gholdengo|Nasty Plot|p1a: Gholdengo\n|-boost|p1a: Gholdengo|spa|2\n|\n|upkeep\n|turn|4\n|\n|t:|1695166637\n|move|p1a: Gholdengo|Make It Rain|p2a: Kingambit\n|-resisted|p2a: Kingambit\n|-damage|p2a: Kingambit|32/100\n|-unboost|p1a: Gholdengo|spa|1\n|-enditem|p2a: Kingambit|Air Balloon\n|move|p2a: Kingambit|Kowtow Cleave|p1a: Gholdengo\n|-supereffective|p1a: Gholdengo\n|-damage|p1a: Gholdengo|0 fnt\n|-enditem|p1a: Gholdengo|Air Balloon\n|faint|p1a: Gholdengo\n|\n|upkeep\n|\n|t:|1695166655\n|switch|p1a: Haxorus|Haxorus, M|100/100\n|-ability|p1a: Haxorus|Mold Breaker\n|turn|5\n|\n|t:|1695166658\n|move|p1a: Haxorus|Swords Dance|p1a: Haxorus\n|-boost|p1a: Haxorus|atk|2\n|move|p2a: Kingambit|Kowtow Cleave|p1a: Haxorus\n|-damage|p1a: Haxorus|39/100\n|\n|upkeep\n|turn|6\n|\n|t:|1695166663\n|move|p2a: Kingambit|Sucker Punch|p1a: Haxorus\n|-damage|p1a: Haxorus|0 fnt\n|faint|p1a: Haxorus\n|\n|upkeep\n|\n|t:|1695166674\n|switch|p1a: Munkidori|Munkidori, M|100/100\n|turn|7\n|\n|t:|1695166679\n|-terastallize|p1a: Munkidori|Ground\n|move|p2a: Kingambit|Sucker Punch|p1a: Munkidori\n|-damage|p1a: Munkidori|39/100\n|move|p1a: Munkidori|Tera Blast|p2a: Kingambit\n|-supereffective|p2a: Kingambit\n|-damage|p2a: Kingambit|0 fnt\n|faint|p2a: Kingambit\n|-end|p2a: Kingambit|fallenundefined|[silent]\n|-damage|p1a: Munkidori|29/100|[from] item: Life Orb\n|\n|upkeep\n|\n|t:|1695166687\n|switch|p2a: Dragonite|Dragonite, F|100/100\n|turn|8\n|\n|t:|1695166693\n|move|p2a: Dragonite|Extreme Speed|p1a: Munkidori\n|-damage|p1a: Munkidori|0 fnt\n|faint|p1a: Munkidori\n|\n|upkeep\n|-message|Team Cash TC forfeited.\n|\n|win|dog50000\n|raw|Team Cash TC's rating: 1146 &rarr; <strong>1124</strong><br />(-22 for losing)\n|raw|dog50000's rating: 1188 &rarr; <strong>1210</strong><br />(+22 for winning)\n|l|\u2606Team Cash TC\n", "uploadtime": 1695166699, "views": 1, "p1id": "teamcashtc", "p2id": "dog50000", "formatid": "gen9ou", "rating": 1124, "private": 0, "password": ""}