{"id": "gen9ou-1947668664", "p1": "ilovekillhunter", "p2": "sunnydaze383", "format": "gen9ou", "log": "|j|\u2606ilovekillhunter\n|j|\u2606sunnydaze383\n|t:|1695184476\n|gametype|singles\n|player|p1|ilovekillhunter|cyrus-masters|1727\n|player|p2|sunnydaze383|iris-gen5bw2|1740\n|teamsize|p1|6\n|teamsize|p2|6\n|gen|9\n|tier|[Gen 9] OU\n|rated|\n|rule|Sleep Clause Mod: Limit one foe put to sleep\n|rule|Species Clause: Limit one of each Pok\u00e9mon\n|rule|OHKO Clause: OHKO moves are banned\n|rule|Evasion Items Clause: Evasion items are banned\n|rule|Evasion Moves Clause: Evasion moves are banned\n|rule|Endless Battle Clause: Forcing endless battles is banned\n|rule|HP Percentage Mod: HP is shown in percentages\n|clearpoke\n|poke|p1|Ribombee, M|\n|poke|p1|Manaphy|\n|poke|p1|Great Tusk|\n|poke|p1|Gholdengo|\n|poke|p1|Garchomp, F|\n|poke|p1|Ogerpon-Hearthflame, F|\n|poke|p2|Tyranitar, F|\n|poke|p2|Houndstone, M|\n|poke|p2|Ogerpon-Cornerstone, F|\n|poke|p2|Glimmora, M|\n|poke|p2|Ursaluna-Bloodmoon, M|\n|poke|p2|Corviknight, F|\n|teampreview\n|inactive|Battle timer is ON: inactive players will automatically lose when time's up. (requested by ilovekillhunter)\n|\n|t:|1695184490\n|start\n|switch|p1a: Ribombee|Ribombee, M|100/100\n|switch|p2a: Tyranitar|Tyranitar, F|100/100\n|-weather|Sandstorm|[from] ability: Sand Stream|[of] p2a: Tyranitar\n|turn|1\n|\n|t:|1695184494\n|move|p1a: Ribombee|Sticky Web|p2a: Tyranitar\n|-sidestart|p2: sunnydaze383|move: Sticky Web\n|move|p2a: Tyranitar|Stone Edge|p1a: Ribombee\n|-supereffective|p1a: Ribombee\n|-enditem|p1a: Ribombee|Focus Sash\n|-damage|p1a: Ribombee|1/100\n|\n|-weather|Sandstorm|[upkeep]\n|-damage|p1a: Ribombee|0 fnt|[from] Sandstorm\n|faint|p1a: Ribombee\n|upkeep\n|\n|t:|1695184499\n|switch|p1a: Garchomp|Garchomp, F|100/100\n|turn|2\n|\n|t:|1695184502\n|switch|p2a: Corviknight|Corviknight, F|100/100\n|-ability|p2a: Corviknight|Pressure\n|move|p1a: Garchomp|Swords Dance|p1a: Garchomp\n|-boost|p1a: Garchomp|atk|2\n|\n|-weather|Sandstorm|[upkeep]\n|upkeep\n|turn|3\n|j| jarvisim0_\n|\n|t:|1695184505\n|switch|p1a: Gholdengo|Gholdengo|100/100\n|move|p2a: Corviknight|Defog|p1a: Gholdengo\n|-immune|p1a: Gholdengo|[from] ability: Good as Gold\n|\n|-weather|Sandstorm|[upkeep]\n|upkeep\n|turn|4\n|\n|t:|1695184510\n|move|p1a: Gholdengo|Nasty Plot|p1a: Gholdengo\n|-boost|p1a: Gholdengo|spa|2\n|move|p2a: Corviknight|U-turn|p1a: Gholdengo\n|-resisted|p1a: Gholdengo\n|-damage|p1a: Gholdengo|97/100\n|\n|t:|1695184519\n|switch|p2a: Houndstone|Houndstone, M|100/100|[from] U-turn\n|-activate|p2a: Houndstone|move: Sticky Web\n|-unboost|p2a: Houndstone|spe|1\n|\n|-weather|Sandstorm|[upkeep]\n|upkeep\n|turn|5\n|\n|t:|1695184524\n|-terastallize|p1a: Gholdengo|Fighting\n|move|p1a: Gholdengo|Shadow Ball|p2a: Houndstone\n|-supereffective|p2a: Houndstone\n|-damage|p2a: Houndstone|0 fnt\n|faint|p2a: Houndstone\n|\n|-weather|Sandstorm|[upkeep]\n|-damage|p1a: Gholdengo|91/100|[from] Sandstorm\n|upkeep\n|\n|t:|1695184540\n|switch|p2a: Ogerpon|Ogerpon-Cornerstone, F|100/100\n|-activate|p2a: Ogerpon|move: Sticky Web\n|-unboost|p2a: Ogerpon|spe|1\n|turn|6\n|\n|t:|1695184545\n|move|p1a: Gholdengo|Make It Rain|p2a: Ogerpon\n|-supereffective|p2a: Ogerpon\n|-ability|p2a: Ogerpon|Sturdy\n|-damage|p2a: Ogerpon|1/100\n|-unboost|p1a: Gholdengo|spa|1\n|move|p2a: Ogerpon|Horn Leech|p1a: Gholdengo\n|-damage|p1a: Gholdengo|38/100\n|-heal|p2a: Ogerpon|28/100|[from] drain|[of] p1a: Gholdengo\n|\n|-weather|Sandstorm|[upkeep]\n|-damage|p1a: Gholdengo|32/100|[from] Sandstorm\n|upkeep\n|turn|7\n|l| jarvisim0_\n|j| Cogejermu\n|\n|t:|1695184558\n|switch|p2a: Ursaluna|Ursaluna-Bloodmoon, M|100/100\n|-activate|p2a: Ursaluna|move: Sticky Web\n|-unboost|p2a: Ursaluna|spe|1\n|move|p1a: Gholdengo|Make It Rain|p2a: Ursaluna\n|-damage|p2a: Ursaluna|0 fnt\n|-unboost|p1a: Gholdengo|spa|1\n|faint|p2a: Ursaluna\n|\n|-weather|Sandstorm|[upkeep]\n|-damage|p1a: Gholdengo|26/100|[from] Sandstorm\n|upkeep\n|\n|t:|1695184564\n|switch|p2a: Tyranitar|Tyranitar, F|100/100\n|-activate|p2a: Tyranitar|move: Sticky Web\n|-unboost|p2a: Tyranitar|spe|1\n|turn|8\n|\n|t:|1695184569\n|move|p1a: Gholdengo|Recover|p1a: Gholdengo\n|-heal|p1a: Gholdengo|76/100\n|move|p2a: Tyranitar|Earthquake|p1a: Gholdengo\n|-damage|p1a: Gholdengo|44/100\n|\n|-weather|none\n|upkeep\n|turn|9\n|j| Cant2NEob\n|\n|t:|1695184573\n|switch|p2a: Glimmora|Glimmora, M|100/100\n|-activate|p2a: Glimmora|move: Sticky Web\n|-unboost|p2a: Glimmora|spe|1\n|move|p1a: Gholdengo|Nasty Plot|p1a: Gholdengo\n|-boost|p1a: Gholdengo|spa|2\n|\n|upkeep\n|turn|10\n|j| oiuygfvb\n|\n|t:|1695184578\n|move|p1a: Gholdengo|Make It Rain|p2a: Glimmora\n|-supereffective|p2a: Glimmora\n|-crit|p2a: Glimmora\n|-damage|p2a: Glimmora|0 fnt\n|-unboost|p1a: Gholdengo|spa|1\n|faint|p2a: Glimmora\n|\n|upkeep\n|-message|sunnydaze383 forfeited.\n|\n|win|ilovekillhunter\n|raw|ilovekillhunter's rating: 1727 &rarr; <strong>1748</strong><br />(+21 for winning)\n|raw|sunnydaze383's rating: 1740 &rarr; <strong>1719</strong><br />(-21 for losing)\n|l|\u2606sunnydaze383\n|j| Mom Doers LLC\n|l|\u2606ilovekillhunter\n|l| Cogejermu\n|l| Mom Doers LLC\n", "uploadtime": 1695184647, "views": 9, "p1id": "ilovekillhunter", "p2id": "sunnydaze383", "formatid": "gen9ou", "rating": 1719, "private": 0, "password": ""}