{"id": "gen9ou-1947678750", "p1": "Franky en esprit", "p2": "Bandalo Salvaje", "format": "gen9ou", "log": "|j|\u2606Franky en esprit\n|j|\u2606Bandalo Salvaje\n|t:|1695185885\n|gametype|singles\n|player|p1|Franky en esprit|266|1173\n|player|p2|Bandalo Salvaje|drayden|1265\n|teamsize|p1|6\n|teamsize|p2|6\n|gen|9\n|tier|[Gen 9] OU\n|rated|\n|rule|Sleep Clause Mod: Limit one foe put to sleep\n|rule|Species Clause: Limit one of each Pok\u00e9mon\n|rule|OHKO Clause: OHKO moves are banned\n|rule|Evasion Items Clause: Evasion items are banned\n|rule|Evasion Moves Clause: Evasion moves are banned\n|rule|Endless Battle Clause: Forcing endless battles is banned\n|rule|HP Percentage Mod: HP is shown in percentages\n|clearpoke\n|poke|p1|Landorus-Therian, M|\n|poke|p1|Garchomp, M|\n|poke|p1|Zapdos|\n|poke|p1|Kingambit, M|\n|poke|p1|Enamorus, F|\n|poke|p1|Meowscarada, F|\n|poke|p2|Ogerpon-Hearthflame, F|\n|poke|p2|Sinistcha|\n|poke|p2|Kommo-o, F|\n|poke|p2|Toxapex, F|\n|poke|p2|Gliscor, M|\n|poke|p2|Ribombee, M|\n|teampreview\n|inactive|Battle timer is ON: inactive players will automatically lose when time's up. (requested by Bandalo Salvaje)\n|\n|t:|1695185895\n|start\n|switch|p1a: Landorus|Landorus-Therian, M|100/100\n|switch|p2a: Ribombee|Ribombee, M|100/100\n|-ability|p1a: Landorus|Intimidate|boost\n|-unboost|p2a: Ribombee|atk|1\n|turn|1\n|\n|t:|1695185904\n|move|p2a: Ribombee|Sticky Web|p1a: Landorus\n|-sidestart|p1: Franky en esprit|move: Sticky Web\n|move|p1a: Landorus|Taunt|p2a: Ribombee\n|-start|p2a: Ribombee|move: Taunt\n|\n|upkeep\n|turn|2\n|\n|t:|1695185911\n|move|p2a: Ribombee|Grass Knot|p1a: Landorus\n|-damage|p1a: Landorus|71/100\n|move|p1a: Landorus|Stealth Rock|p2a: Ribombee\n|-sidestart|p2: Bandalo Salvaje|move: Stealth Rock\n|\n|-heal|p1a: Landorus|77/100|[from] item: Leftovers\n|upkeep\n|turn|3\n|\n|t:|1695185920\n|move|p2a: Ribombee|Moonblast|p1a: Landorus\n|-damage|p1a: Landorus|26/100\n|-unboost|p1a: Landorus|spa|1\n|move|p1a: Landorus|U-turn|p2a: Ribombee\n|-resisted|p2a: Ribombee\n|-damage|p2a: Ribombee|76/100\n|\n|t:|1695185928\n|switch|p1a: Enamorus|Enamorus, F|100/100|[from] U-turn\n|\n|upkeep\n|turn|4\n|\n|t:|1695185942\n|switch|p2a: Toxapex|Toxapex, F|100/100\n|-damage|p2a: Toxapex|88/100|[from] Stealth Rock\n|move|p1a: Enamorus|Superpower|p2a: Toxapex\n|-resisted|p2a: Toxapex\n|-damage|p2a: Toxapex|73/100\n|-boost|p1a: Enamorus|atk|1\n|-boost|p1a: Enamorus|def|1\n|\n|upkeep\n|turn|5\n|\n|t:|1695185954\n|-terastallize|p1a: Enamorus|Steel\n|move|p1a: Enamorus|Substitute|p1a: Enamorus\n|-start|p1a: Enamorus|Substitute\n|-damage|p1a: Enamorus|76/100\n|move|p2a: Toxapex|Infestation|p1a: Enamorus\n|-resisted|p1a: Enamorus\n|-activate|p1a: Enamorus|move: Substitute|[damage]\n|\n|-heal|p1a: Enamorus|82/100|[from] item: Leftovers\n|upkeep\n|turn|6\n|\n|t:|1695185966\n|move|p1a: Enamorus|Superpower|p2a: Toxapex\n|-resisted|p2a: Toxapex\n|-damage|p2a: Toxapex|51/100\n|-boost|p1a: Enamorus|atk|1\n|-boost|p1a: Enamorus|def|1\n|move|p2a: Toxapex|Surf|p1a: Enamorus\n|-end|p1a: Enamorus|Substitute\n|\n|-heal|p1a: Enamorus|88/100|[from] item: Leftovers\n|upkeep\n|turn|7\n|\n|t:|1695185979\n|move|p1a: Enamorus|Substitute|p1a: Enamorus\n|-start|p1a: Enamorus|Substitute\n|-damage|p1a: Enamorus|63/100\n|move|p2a: Toxapex|Surf|p1a: Enamorus\n|-end|p1a: Enamorus|Substitute\n|\n|-heal|p1a: Enamorus|69/100|[from] item: Leftovers\n|upkeep\n|turn|8\n|\n|t:|1695185988\n|move|p1a: Enamorus|Zen Headbutt|p2a: Toxapex\n|-supereffective|p2a: Toxapex\n|-damage|p2a: Toxapex|0 fnt\n|faint|p2a: Toxapex\n|\n|-heal|p1a: Enamorus|76/100|[from] item: Leftovers\n|upkeep\n|\n|t:|1695186002\n|switch|p2a: Ogerpon|Ogerpon-Hearthflame, F|100/100\n|-damage|p2a: Ogerpon|76/100|[from] Stealth Rock\n|-ability|p2a: Ogerpon|Mold Breaker\n|turn|9\n|\n|t:|1695186023\n|switch|p1a: Landorus|Landorus-Therian, M|26/100\n|-ability|p1a: Landorus|Intimidate|boost\n|-unboost|p2a: Ogerpon|atk|1\n|-terastallize|p2a: Ogerpon|Fire\n|detailschange|p2a: Ogerpon|Ogerpon-Hearthflame-Tera, F, tera:Fire\n|-ability|p2a: Ogerpon|Embody Aspect (Hearthflame)|boost\n|-boost|p2a: Ogerpon|atk|1\n|move|p2a: Ogerpon|Ivy Cudgel|p1a: Landorus\n|-damage|p1a: Landorus|0 fnt\n|faint|p1a: Landorus\n|\n|upkeep\n|\n|t:|1695186037\n|switch|p1a: Garchomp|Garchomp, M|100/100\n|-activate|p1a: Garchomp|move: Sticky Web\n|-unboost|p1a: Garchomp|spe|1\n|turn|10\n|\n|t:|1695186059\n|switch|p2a: Gliscor|Gliscor, M, shiny|100/100\n|-damage|p2a: Gliscor|88/100|[from] Stealth Rock\n|move|p1a: Garchomp|Earthquake|p2a: Gliscor\n|-immune|p2a: Gliscor\n|\n|-status|p2a: Gliscor|tox|[from] item: Toxic Orb\n|upkeep\n|turn|11\n|\n|t:|1695186072\n|switch|p1a: Zapdos|Zapdos|100/100\n|move|p2a: Gliscor|Knock Off|p1a: Zapdos\n|-damage|p1a: Zapdos|79/100\n|-enditem|p1a: Zapdos|Heavy-Duty Boots|[from] move: Knock Off|[of] p2a: Gliscor\n|\n|-heal|p2a: Gliscor|100/100 tox|[from] ability: Poison Heal\n|upkeep\n|turn|12\n|\n|t:|1695186083\n|move|p1a: Zapdos|Hurricane|p2a: Gliscor\n|-damage|p2a: Gliscor|38/100 tox\n|move|p2a: Gliscor|Stealth Rock|p1a: Zapdos\n|-sidestart|p1: Franky en esprit|move: Stealth Rock\n|\n|-heal|p2a: Gliscor|51/100 tox|[from] ability: Poison Heal\n|upkeep\n|turn|13\n|\n|t:|1695186099\n|move|p1a: Zapdos|Hurricane|p2a: Gliscor\n|-damage|p2a: Gliscor|0 fnt\n|faint|p2a: Gliscor\n|\n|upkeep\n|inactive|Bandalo Salvaje has 120 seconds left.\n|\n|t:|1695186118\n|switch|p2a: Kommo-o|Kommo-o, F|100/100\n|-damage|p2a: Kommo-o|94/100|[from] Stealth Rock\n|turn|14\n|\n|t:|1695186127\n|move|p2a: Kommo-o|Clangorous Soul|p2a: Kommo-o\n|-boost|p2a: Kommo-o|atk|1\n|-boost|p2a: Kommo-o|def|1\n|-boost|p2a: Kommo-o|spa|1\n|-boost|p2a: Kommo-o|spd|1\n|-boost|p2a: Kommo-o|spe|1\n|-damage|p2a: Kommo-o|61/100\n|-enditem|p2a: Kommo-o|Throat Spray\n|-boost|p2a: Kommo-o|spa|1|[from] item: Throat Spray\n|move|p1a: Zapdos|Hurricane|p2a: Kommo-o\n|-supereffective|p2a: Kommo-o\n|-damage|p2a: Kommo-o|0 fnt\n|faint|p2a: Kommo-o\n|\n|upkeep\n|inactive|Bandalo Salvaje has 120 seconds left.\n|\n|t:|1695186142\n|switch|p2a: Ogerpon|Ogerpon-Hearthflame-Tera, F, tera:Fire|76/100\n|-damage|p2a: Ogerpon|51/100|[from] Stealth Rock\n|-ability|p2a: Ogerpon|Embody Aspect (Hearthflame)|boost\n|-boost|p2a: Ogerpon|atk|1\n|turn|15\n|\n|t:|1695186154\n|move|p2a: Ogerpon|Ivy Cudgel|p1a: Zapdos\n|-damage|p1a: Zapdos|0 fnt\n|faint|p1a: Zapdos\n|\n|upkeep\n|\n|t:|1695186162\n|switch|p1a: Kingambit|Kingambit, M|100/100\n|-activate|p1a: Kingambit|move: Sticky Web\n|-unboost|p1a: Kingambit|spe|1\n|-damage|p1a: Kingambit|94/100|[from] Stealth Rock\n|-activate|p1a: Kingambit|ability: Supreme Overlord\n|-start|p1a: Kingambit|fallen2|[silent]\n|turn|16\n|\n|t:|1695186175\n|move|p1a: Kingambit|Sucker Punch||[still]\n|-fail|p1a: Kingambit\n|move|p2a: Ogerpon|Swords Dance|p2a: Ogerpon\n|-boost|p2a: Ogerpon|atk|2\n|\n|upkeep\n|turn|17\n|\n|t:|1695186183\n|move|p2a: Ogerpon|Ivy Cudgel|p1a: Kingambit\n|-supereffective|p1a: Kingambit\n|-crit|p1a: Kingambit\n|-damage|p1a: Kingambit|0 fnt\n|faint|p1a: Kingambit\n|-end|p1a: Kingambit|fallen2|[silent]\n|\n|upkeep\n|\n|t:|1695186188\n|switch|p1a: Enamorus|Enamorus, F, tera:Steel|76/100\n|-activate|p1a: Enamorus|move: Sticky Web\n|-boost|p1a: Enamorus|spe|1\n|-damage|p1a: Enamorus|69/100|[from] Stealth Rock\n|turn|18\n|\n|t:|1695186195\n|move|p1a: Enamorus|Superpower|p2a: Ogerpon\n|-damage|p2a: Ogerpon|2/100\n|-boost|p1a: Enamorus|atk|1\n|-boost|p1a: Enamorus|def|1\n|move|p2a: Ogerpon|Ivy Cudgel|p1a: Enamorus\n|-supereffective|p1a: Enamorus\n|-damage|p1a: Enamorus|0 fnt\n|faint|p1a: Enamorus\n|\n|upkeep\n|\n|t:|1695186203\n|switch|p1a: Garchomp|Garchomp, M|100/100\n|-activate|p1a: Garchomp|move: Sticky Web\n|-unboost|p1a: Garchomp|spe|1\n|-damage|p1a: Garchomp|94/100|[from] Stealth Rock\n|turn|19\n|\n|t:|1695186211\n|move|p2a: Ogerpon|Horn Leech|p1a: Garchomp\n|-damage|p1a: Garchomp|0 fnt\n|-heal|p2a: Ogerpon|58/100|[from] drain|[of] p1a: Garchomp\n|-damage|p2a: Ogerpon|46/100|[from] ability: Rough Skin|[of] p1a: Garchomp\n|faint|p1a: Garchomp\n|\n|upkeep\n|-message|Franky en esprit forfeited.\n|\n|win|Bandalo Salvaje\n|raw|Franky en esprit's rating: 1173 &rarr; <strong>1154</strong><br />(-19 for losing)\n|raw|Bandalo Salvaje's rating: 1265 &rarr; <strong>1284</strong><br />(+19 for winning)\n|l|\u2606Franky en esprit\n", "uploadtime": 1695186238, "views": 5, "p1id": "frankyenesprit", "p2id": "bandalosalvaje", "formatid": "gen9ou", "rating": 1154, "private": 0, "password": ""}