{"id": "gen9ou-1947691998", "p1": "It Ain't Goldover", "p2": "Ilikebugs3much", "format": "gen9ou", "log": "|j|\u2606It Ain't Goldover\n|j|\u2606Ilikebugs3much\n|t:|1695187836\n|gametype|singles\n|player|p1|It Ain't Goldover|dragontamer|1195\n|player|p2|Ilikebugs3much|gardenia|1229\n|teamsize|p1|6\n|teamsize|p2|6\n|gen|9\n|tier|[Gen 9] OU\n|rated|\n|rule|Sleep Clause Mod: Limit one foe put to sleep\n|rule|Species Clause: Limit one of each Pok\u00e9mon\n|rule|OHKO Clause: OHKO moves are banned\n|rule|Evasion Items Clause: Evasion items are banned\n|rule|Evasion Moves Clause: Evasion moves are banned\n|rule|Endless Battle Clause: Forcing endless battles is banned\n|rule|HP Percentage Mod: HP is shown in percentages\n|clearpoke\n|poke|p1|Ting-Lu|\n|poke|p1|Toxapex, F|\n|poke|p1|Ogerpon-Hearthflame, F|\n|poke|p1|Dragapult, F|\n|poke|p1|Garganacl, F|\n|poke|p1|Corviknight, M|\n|poke|p2|Torkoal, F|\n|poke|p2|Sandy Shocks|\n|poke|p2|Leavanny, M|\n|poke|p2|Victreebel, M|\n|poke|p2|Walking Wake|\n|poke|p2|Chandelure, M|\n|teampreview\n|c|\u2606Ilikebugs3much|Gl hf\n|\n|t:|1695187852\n|start\n|switch|p1a: Garganacl|Garganacl, F|100/100\n|switch|p2a: Leavanny|Leavanny, M|100/100\n|turn|1\n|\n|t:|1695187858\n|switch|p1a: Corviknight|Corviknight, M|100/100\n|-ability|p1a: Corviknight|Pressure\n|move|p2a: Leavanny|Knock Off|p1a: Corviknight\n|-damage|p1a: Corviknight|83/100\n|-damage|p2a: Leavanny|84/100|[from] item: Rocky Helmet|[of] p1a: Corviknight\n|-enditem|p1a: Corviknight|Rocky Helmet|[from] move: Knock Off|[of] p2a: Leavanny\n|\n|upkeep\n|turn|2\n|\n|t:|1695187867\n|move|p2a: Leavanny|Sticky Web|p1a: Corviknight\n|-sidestart|p1: It Ain't Goldover|move: Sticky Web\n|move|p1a: Corviknight|U-turn|p2a: Leavanny\n|-supereffective|p2a: Leavanny\n|-damage|p2a: Leavanny|44/100\n|\n|t:|1695187871\n|switch|p1a: Ting-Lu|Ting-Lu|100/100|[from] U-turn\n|-activate|p1a: Ting-Lu|move: Sticky Web\n|-unboost|p1a: Ting-Lu|spe|1\n|-ability|p1a: Ting-Lu|Vessel of Ruin\n|\n|upkeep\n|turn|3\n|\n|t:|1695187880\n|move|p2a: Leavanny|Knock Off|p1a: Ting-Lu\n|-resisted|p1a: Ting-Lu\n|-damage|p1a: Ting-Lu|92/100\n|-enditem|p1a: Ting-Lu|Leftovers|[from] move: Knock Off|[of] p2a: Leavanny\n|move|p1a: Ting-Lu|Stealth Rock|p2a: Leavanny\n|-sidestart|p2: Ilikebugs3much|move: Stealth Rock\n|\n|upkeep\n|turn|4\n|\n|t:|1695187886\n|switch|p1a: Corviknight|Corviknight, M|83/100\n|-ability|p1a: Corviknight|Pressure\n|move|p2a: Leavanny|X-Scissor|p1a: Corviknight\n|-resisted|p1a: Corviknight\n|-damage|p1a: Corviknight|77/100\n|\n|upkeep\n|turn|5\n|\n|t:|1695187897\n|switch|p2a: Chandelure|Chandelure, M|100/100\n|move|p1a: Corviknight|Roost|p1a: Corviknight\n|-heal|p1a: Corviknight|100/100\n|-singleturn|p1a: Corviknight|move: Roost\n|\n|upkeep\n|turn|6\n|\n|t:|1695187911\n|switch|p1a: Toxapex|Toxapex, F|100/100\n|-activate|p1a: Toxapex|move: Sticky Web\n|-unboost|p1a: Toxapex|spe|1\n|move|p2a: Chandelure|Fire Blast|p1a: Toxapex\n|-resisted|p1a: Toxapex\n|-damage|p1a: Toxapex|76/100\n|\n|-heal|p1a: Toxapex|82/100|[from] item: Black Sludge\n|upkeep\n|turn|7\n|\n|t:|1695187921\n|switch|p2a: Torkoal|Torkoal, F|100/100\n|-damage|p2a: Torkoal|76/100|[from] Stealth Rock\n|-weather|SunnyDay|[from] ability: Drought|[of] p2a: Torkoal\n|move|p1a: Toxapex|Surf|p2a: Torkoal\n|-supereffective|p2a: Torkoal\n|-damage|p2a: Torkoal|59/100\n|\n|-weather|SunnyDay|[upkeep]\n|-heal|p1a: Toxapex|88/100|[from] item: Black Sludge\n|upkeep\n|turn|8\n|\n|t:|1695187931\n|move|p2a: Torkoal|Will-O-Wisp|p1a: Toxapex\n|-status|p1a: Toxapex|brn\n|move|p1a: Toxapex|Toxic|p2a: Torkoal\n|-status|p2a: Torkoal|tox\n|\n|-weather|SunnyDay|[upkeep]\n|-heal|p1a: Toxapex|95/100 brn|[from] item: Black Sludge\n|-damage|p2a: Torkoal|53/100 tox|[from] psn\n|-damage|p1a: Toxapex|88/100 brn|[from] brn\n|upkeep\n|turn|9\n|\n|t:|1695187938\n|move|p2a: Torkoal|Stealth Rock|p1a: Toxapex\n|-sidestart|p1: It Ain't Goldover|move: Stealth Rock\n|move|p1a: Toxapex|Toxic|p2a: Torkoal\n|-fail|p2a: Torkoal|tox\n|\n|-weather|SunnyDay|[upkeep]\n|-heal|p1a: Toxapex|95/100 brn|[from] item: Black Sludge\n|-damage|p2a: Torkoal|41/100 tox|[from] psn\n|-damage|p1a: Toxapex|88/100 brn|[from] brn\n|upkeep\n|turn|10\n|\n|t:|1695187942\n|move|p2a: Torkoal|Rapid Spin|p1a: Toxapex\n|-damage|p1a: Toxapex|82/100 brn\n|-boost|p2a: Torkoal|spe|1\n|-sideend|p2: Ilikebugs3much|Stealth Rock|[from] move: Rapid Spin|[of] p2a: Torkoal\n|move|p1a: Toxapex|Toxic|p2a: Torkoal\n|-fail|p2a: Torkoal|tox\n|\n|-weather|SunnyDay|[upkeep]\n|-heal|p1a: Toxapex|88/100 brn|[from] item: Black Sludge\n|-damage|p2a: Torkoal|23/100 tox|[from] psn\n|-damage|p1a: Toxapex|82/100 brn|[from] brn\n|upkeep\n|turn|11\n|\n|t:|1695187948\n|switch|p2a: Victreebel|Victreebel, M|100/100\n|move|p1a: Toxapex|Recover|p1a: Toxapex\n|-heal|p1a: Toxapex|100/100 brn\n|\n|-weather|SunnyDay|[upkeep]\n|-damage|p1a: Toxapex|94/100 brn|[from] brn\n|upkeep\n|turn|12\n|\n|t:|1695187955\n|switch|p1a: Corviknight|Corviknight, M|100/100\n|-damage|p1a: Corviknight|88/100|[from] Stealth Rock\n|-ability|p1a: Corviknight|Pressure\n|move|p2a: Victreebel|Growth|p2a: Victreebel\n|-boost|p2a: Victreebel|atk|2\n|-boost|p2a: Victreebel|spa|2\n|\n|-weather|SunnyDay|[upkeep]\n|upkeep\n|turn|13\n|\n|t:|1695187957\n|move|p2a: Victreebel|Weather Ball|p1a: Corviknight\n|-supereffective|p1a: Corviknight\n|-damage|p1a: Corviknight|0 fnt\n|faint|p1a: Corviknight\n|-damage|p2a: Victreebel|91/100|[from] item: Life Orb\n|\n|-weather|SunnyDay|[upkeep]\n|upkeep\n|\n|t:|1695187965\n|switch|p1a: Ting-Lu|Ting-Lu|92/100\n|-activate|p1a: Ting-Lu|move: Sticky Web\n|-unboost|p1a: Ting-Lu|spe|1\n|-damage|p1a: Ting-Lu|86/100|[from] Stealth Rock\n|-ability|p1a: Ting-Lu|Vessel of Ruin\n|turn|14\n|\n|t:|1695187969\n|move|p2a: Victreebel|Solar Beam||[still]\n|-prepare|p2a: Victreebel|Solar Beam\n|-anim|p2a: Victreebel|Solar Beam|p1a: Ting-Lu\n|-supereffective|p1a: Ting-Lu\n|-damage|p1a: Ting-Lu|0 fnt\n|faint|p1a: Ting-Lu\n|-damage|p2a: Victreebel|81/100|[from] item: Life Orb\n|\n|-weather|none\n|upkeep\n|\n|t:|1695187974\n|switch|p1a: Garganacl|Garganacl, F|100/100\n|-activate|p1a: Garganacl|move: Sticky Web\n|-unboost|p1a: Garganacl|spe|1\n|-damage|p1a: Garganacl|88/100|[from] Stealth Rock\n|turn|15\n|\n|t:|1695187981\n|switch|p2a: Torkoal|Torkoal, F|23/100 tox\n|-weather|SunnyDay|[from] ability: Drought|[of] p2a: Torkoal\n|move|p1a: Garganacl|Salt Cure|p2a: Torkoal\n|-supereffective|p2a: Torkoal\n|-damage|p2a: Torkoal|0 fnt\n|faint|p2a: Torkoal\n|\n|-weather|SunnyDay|[upkeep]\n|-heal|p1a: Garganacl|94/100|[from] item: Leftovers\n|upkeep\n|\n|t:|1695187990\n|switch|p2a: Victreebel|Victreebel, M|81/100\n|turn|16\n|\n|t:|1695187996\n|move|p2a: Victreebel|Solar Beam||[still]\n|-prepare|p2a: Victreebel|Solar Beam\n|-anim|p2a: Victreebel|Solar Beam|p1a: Garganacl\n|-supereffective|p1a: Garganacl\n|-damage|p1a: Garganacl|0 fnt\n|faint|p1a: Garganacl\n|-damage|p2a: Victreebel|71/100|[from] item: Life Orb\n|\n|-weather|SunnyDay|[upkeep]\n|upkeep\n|\n|t:|1695187999\n|switch|p1a: Toxapex|Toxapex, F|100/100 brn\n|-activate|p1a: Toxapex|move: Sticky Web\n|-unboost|p1a: Toxapex|spe|1\n|-damage|p1a: Toxapex|88/100 brn|[from] Stealth Rock\n|turn|17\n|\n|t:|1695188004\n|move|p2a: Victreebel|Growth|p2a: Victreebel\n|-boost|p2a: Victreebel|atk|2\n|-boost|p2a: Victreebel|spa|2\n|move|p1a: Toxapex|Surf|p2a: Victreebel\n|-resisted|p2a: Victreebel\n|-damage|p2a: Victreebel|63/100\n|\n|-weather|SunnyDay|[upkeep]\n|-heal|p1a: Toxapex|94/100 brn|[from] item: Black Sludge\n|-damage|p1a: Toxapex|88/100 brn|[from] brn\n|upkeep\n|turn|18\n|\n|t:|1695188011\n|move|p2a: Victreebel|Solar Beam||[still]\n|-prepare|p2a: Victreebel|Solar Beam\n|-anim|p2a: Victreebel|Solar Beam|p1a: Toxapex\n|-damage|p1a: Toxapex|0 fnt\n|faint|p1a: Toxapex\n|-damage|p2a: Victreebel|53/100|[from] item: Life Orb\n|\n|-weather|SunnyDay|[upkeep]\n|upkeep\n|\n|t:|1695188014\n|switch|p1a: Ogerpon|Ogerpon-Hearthflame, F|100/100\n|-activate|p1a: Ogerpon|move: Sticky Web\n|-unboost|p1a: Ogerpon|spe|1\n|-damage|p1a: Ogerpon|76/100|[from] Stealth Rock\n|-ability|p1a: Ogerpon|Mold Breaker\n|turn|19\n|\n|t:|1695188022\n|move|p2a: Victreebel|Sludge Bomb|p1a: Ogerpon\n|-supereffective|p1a: Ogerpon\n|-damage|p1a: Ogerpon|0 fnt\n|faint|p1a: Ogerpon\n|-damage|p2a: Victreebel|43/100|[from] item: Life Orb\n|\n|-weather|SunnyDay|[upkeep]\n|upkeep\n|\n|t:|1695188025\n|switch|p1a: Dragapult|Dragapult, F|100/100\n|-activate|p1a: Dragapult|move: Sticky Web\n|-unboost|p1a: Dragapult|spe|1\n|-damage|p1a: Dragapult|88/100|[from] Stealth Rock\n|turn|20\n|c|\u2606Ilikebugs3much|Gg\n|\n|t:|1695188034\n|move|p2a: Victreebel|Solar Beam||[still]\n|-prepare|p2a: Victreebel|Solar Beam\n|-anim|p2a: Victreebel|Solar Beam|p1a: Dragapult\n|-resisted|p1a: Dragapult\n|-damage|p1a: Dragapult|0 fnt\n|faint|p1a: Dragapult\n|-damage|p2a: Victreebel|33/100|[from] item: Life Orb\n|\n|win|Ilikebugs3much\n|raw|It Ain&apos;t Goldover's rating: 1195 &rarr; <strong>1172</strong><br />(-23 for losing)\n|raw|Ilikebugs3much's rating: 1229 &rarr; <strong>1252</strong><br />(+23 for winning)\n|l|\u2606It Ain't Goldover\n", "uploadtime": 1695188052, "views": 10, "p1id": "itaintgoldover", "p2id": "ilikebugs3much", "formatid": "gen9ou", "rating": 1172, "private": 0, "password": ""}