{"id": "gen9ou-1947484824", "p1": "euqroircomprarpao", "p2": "Somebodyatinternet", "format": "gen9ou", "log": "|j|\u2606euqroircomprarpao\n|j|\u2606Somebodyatinternet\n|t:|1695165197\n|gametype|singles\n|player|p1|euqroircomprarpao|ethan|1397\n|player|p2|Somebodyatinternet|iris-gen5bw2|1366\n|teamsize|p1|6\n|teamsize|p2|6\n|gen|9\n|tier|[Gen 9] OU\n|rated|\n|rule|Sleep Clause Mod: Limit one foe put to sleep\n|rule|Species Clause: Limit one of each Pok\u00e9mon\n|rule|OHKO Clause: OHKO moves are banned\n|rule|Evasion Items Clause: Evasion items are banned\n|rule|Evasion Moves Clause: Evasion moves are banned\n|rule|Endless Battle Clause: Forcing endless battles is banned\n|rule|HP Percentage Mod: HP is shown in percentages\n|clearpoke\n|poke|p1|Infernape, F|\n|poke|p1|Ninetales-Alola, F|\n|poke|p1|Munkidori, M|\n|poke|p1|Dragapult, F|\n|poke|p1|Zapdos|\n|poke|p1|Kingambit, M|\n|poke|p2|Ceruledge, M|\n|poke|p2|Gallade, M|\n|poke|p2|Ogerpon-Hearthflame, F|\n|poke|p2|Ribombee, M|\n|poke|p2|Walking Wake|\n|poke|p2|Torkoal, M|\n|teampreview\n|\n|t:|1695165210\n|start\n|switch|p1a: Zapdos|Zapdos|100/100\n|switch|p2a: Coal Alert|Torkoal, M|100/100\n|-ability|p1a: Zapdos|Pressure\n|-weather|SunnyDay|[from] ability: Drought|[of] p2a: Coal Alert\n|turn|1\n|\n|t:|1695165217\n|move|p1a: Zapdos|Thunderbolt|p2a: Coal Alert\n|-damage|p2a: Coal Alert|36/100\n|move|p2a: Coal Alert|Stealth Rock|p1a: Zapdos\n|-sidestart|p1: euqroircomprarpao|move: Stealth Rock\n|\n|-weather|SunnyDay|[upkeep]\n|upkeep\n|turn|2\n|\n|t:|1695165224\n|move|p1a: Zapdos|Thunderbolt|p2a: Coal Alert\n|-damage|p2a: Coal Alert|0 fnt\n|faint|p2a: Coal Alert\n|\n|-weather|SunnyDay|[upkeep]\n|upkeep\n|\n|t:|1695165226\n|switch|p2a: what|Ribombee, M|100/100\n|turn|3\n|\n|t:|1695165229\n|move|p2a: what|Sticky Web|p1a: Zapdos\n|-sidestart|p1: euqroircomprarpao|move: Sticky Web\n|move|p1a: Zapdos|Thunderbolt|p2a: what\n|-damage|p2a: what|15/100\n|\n|-weather|SunnyDay|[upkeep]\n|upkeep\n|turn|4\n|\n|t:|1695165235\n|move|p2a: what|Moonblast|p1a: Zapdos\n|-damage|p1a: Zapdos|56/100\n|move|p1a: Zapdos|Thunderbolt|p2a: what\n|-damage|p2a: what|0 fnt\n|faint|p2a: what\n|\n|-weather|SunnyDay|[upkeep]\n|upkeep\n|\n|t:|1695165249\n|switch|p2a: Ponyo|Ogerpon-Hearthflame, F|100/100\n|-ability|p2a: Ponyo|Mold Breaker\n|turn|5\n|\n|t:|1695165254\n|-terastallize|p2a: Ponyo|Fire\n|detailschange|p2a: Ponyo|Ogerpon-Hearthflame-Tera, F, tera:Fire\n|-ability|p2a: Ponyo|Embody Aspect (Hearthflame)|boost\n|-boost|p2a: Ponyo|atk|1\n|move|p2a: Ponyo|Ivy Cudgel|p1a: Zapdos\n|-damage|p1a: Zapdos|0 fnt\n|faint|p1a: Zapdos\n|\n|-weather|SunnyDay|[upkeep]\n|upkeep\n|\n|t:|1695165270\n|switch|p1a: Dragapult|Dragapult, F|100/100\n|-damage|p1a: Dragapult|88/100|[from] Stealth Rock\n|-activate|p1a: Dragapult|move: Sticky Web\n|-fail|p1a: Dragapult|unboost|[from] ability: Clear Body|[of] p1a: Dragapult\n|turn|6\n|\n|t:|1695165276\n|move|p1a: Dragapult|Dragon Dance|p1a: Dragapult\n|-boost|p1a: Dragapult|atk|1\n|-boost|p1a: Dragapult|spe|1\n|move|p2a: Ponyo|Knock Off|p1a: Dragapult\n|-supereffective|p1a: Dragapult\n|-damage|p1a: Dragapult|0 fnt\n|-enditem|p1a: Dragapult|Focus Sash|[from] move: Knock Off|[of] p2a: Ponyo\n|faint|p1a: Dragapult\n|\n|-weather|SunnyDay|[upkeep]\n|upkeep\n|\n|t:|1695165288\n|switch|p1a: Ninetales|Ninetales-Alola, F|100/100\n|-damage|p1a: Ninetales|76/100|[from] Stealth Rock\n|-activate|p1a: Ninetales|move: Sticky Web\n|-unboost|p1a: Ninetales|spe|1\n|-weather|Snow|[from] ability: Snow Warning|[of] p1a: Ninetales\n|turn|7\n|\n|t:|1695165295\n|move|p2a: Ponyo|Ivy Cudgel|p1a: Ninetales\n|-supereffective|p1a: Ninetales\n|-damage|p1a: Ninetales|0 fnt\n|faint|p1a: Ninetales\n|\n|-weather|Snow|[upkeep]\n|upkeep\n|\n|t:|1695165298\n|switch|p1a: Munkidori|Munkidori, M|100/100\n|-damage|p1a: Munkidori|88/100|[from] Stealth Rock\n|-activate|p1a: Munkidori|move: Sticky Web\n|-unboost|p1a: Munkidori|spe|1\n|turn|8\n|\n|t:|1695165310\n|move|p2a: Ponyo|Ivy Cudgel|p1a: Munkidori\n|-damage|p1a: Munkidori|0 fnt\n|faint|p1a: Munkidori\n|\n|-weather|Snow|[upkeep]\n|upkeep\n|-message|euqroircomprarpao forfeited.\n|\n|win|Somebodyatinternet\n|raw|euqroircomprarpao's rating: 1397 &rarr; <strong>1375</strong><br />(-22 for losing)\n|raw|Somebodyatinternet's rating: 1366 &rarr; <strong>1388</strong><br />(+22 for winning)\n|l|\u2606euqroircomprarpao\n", "uploadtime": 1695165325, "views": 2, "p1id": "euqroircomprarpao", "p2id": "somebodyatinternet", "formatid": "gen9ou", "rating": 1375, "private": 0, "password": ""}