{"id": "gen9ou-1947630696", "p1": "azure14", "p2": "Moteleave", "format": "gen9ou", "log": "|j|\u2606azure14\n|j|\u2606Moteleave\n|t:|1695179780\n|gametype|singles\n|player|p1|azure14|102|1274\n|player|p2|Moteleave|dawn|1341\n|teamsize|p1|6\n|teamsize|p2|6\n|gen|9\n|tier|[Gen 9] OU\n|rated|\n|rule|Sleep Clause Mod: Limit one foe put to sleep\n|rule|Species Clause: Limit one of each Pok\u00e9mon\n|rule|OHKO Clause: OHKO moves are banned\n|rule|Evasion Items Clause: Evasion items are banned\n|rule|Evasion Moves Clause: Evasion moves are banned\n|rule|Endless Battle Clause: Forcing endless battles is banned\n|rule|HP Percentage Mod: HP is shown in percentages\n|clearpoke\n|poke|p1|Ogerpon-Hearthflame, F|\n|poke|p1|Gliscor, M|\n|poke|p1|Corviknight, M|\n|poke|p1|Manaphy|\n|poke|p1|Dragapult, M|\n|poke|p1|Fezandipiti, M|\n|poke|p2|Empoleon, M|\n|poke|p2|Moltres|\n|poke|p2|Pelipper, F|\n|poke|p2|Walking Wake|\n|poke|p2|Great Tusk|\n|poke|p2|Gliscor, F|\n|teampreview\n|\n|t:|1695179801\n|start\n|switch|p1a: Dragapult|Dragapult, M, shiny|100/100\n|switch|p2a: Pelipper|Pelipper, F|100/100\n|-weather|RainDance|[from] ability: Drizzle|[of] p2a: Pelipper\n|turn|1\n|inactive|Battle timer is ON: inactive players will automatically lose when time's up. (requested by Moteleave)\n|\n|t:|1695179820\n|move|p1a: Dragapult|U-turn|p2a: Pelipper\n|-resisted|p2a: Pelipper\n|-damage|p2a: Pelipper|90/100\n|\n|t:|1695179828\n|switch|p1a: Fezandipiti|Fezandipiti, M|100/100|[from] U-turn\n|move|p2a: Pelipper|Hurricane|p1a: Fezandipiti\n|-damage|p1a: Fezandipiti|64/100\n|\n|-weather|RainDance|[upkeep]\n|upkeep\n|turn|2\n|\n|t:|1695179839\n|switch|p2a: Empoleon|Empoleon, M, shiny|100/100\n|move|p1a: Fezandipiti|Roost|p1a: Fezandipiti\n|-heal|p1a: Fezandipiti|100/100\n|-singleturn|p1a: Fezandipiti|move: Roost\n|\n|-weather|RainDance|[upkeep]\n|upkeep\n|turn|3\n|\n|t:|1695179847\n|move|p1a: Fezandipiti|U-turn|p2a: Empoleon\n|-resisted|p2a: Empoleon\n|-damage|p2a: Empoleon|92/100\n|\n|t:|1695179851\n|switch|p1a: Manaphy|Manaphy, shiny|100/100|[from] U-turn\n|move|p2a: Empoleon|Stealth Rock|p1a: Manaphy\n|-sidestart|p1: azure14|move: Stealth Rock\n|\n|-weather|RainDance|[upkeep]\n|-heal|p2a: Empoleon|98/100|[from] item: Leftovers\n|upkeep\n|turn|4\n|\n|t:|1695179862\n|switch|p2a: Gliscor|Gliscor, F|100/100\n|move|p1a: Manaphy|Acid Armor|p1a: Manaphy\n|-boost|p1a: Manaphy|def|2\n|\n|-weather|RainDance|[upkeep]\n|-status|p2a: Gliscor|tox|[from] item: Toxic Orb\n|upkeep\n|turn|5\n|\n|t:|1695179869\n|move|p1a: Manaphy|Take Heart|p1a: Manaphy\n|-boost|p1a: Manaphy|spa|1\n|-boost|p1a: Manaphy|spd|1\n|move|p2a: Gliscor|Toxic|p1a: Manaphy\n|-status|p1a: Manaphy|tox\n|\n|-weather|none\n|-damage|p1a: Manaphy|94/100 tox|[from] psn\n|upkeep\n|turn|6\n|\n|t:|1695179879\n|switch|p2a: Empoleon|Empoleon, M, shiny|98/100\n|move|p1a: Manaphy|Take Heart|p1a: Manaphy\n|-boost|p1a: Manaphy|spa|1\n|-boost|p1a: Manaphy|spd|1\n|-curestatus|p1a: Manaphy|tox|[msg]\n|\n|-heal|p1a: Manaphy|100/100|[from] item: Leftovers\n|-heal|p2a: Empoleon|100/100|[from] item: Leftovers\n|upkeep\n|turn|7\n|inactive|Moteleave has 120 seconds left.\n|\n|t:|1695179920\n|move|p1a: Manaphy|Scald|p2a: Empoleon\n|-resisted|p2a: Empoleon\n|-damage|p2a: Empoleon|73/100\n|move|p2a: Empoleon|Ice Beam|p1a: Manaphy\n|-resisted|p1a: Manaphy\n|-damage|p1a: Manaphy|94/100\n|\n|-heal|p1a: Manaphy|99/100|[from] item: Leftovers\n|-heal|p2a: Empoleon|79/100|[from] item: Leftovers\n|upkeep\n|turn|8\n|\n|t:|1695179933\n|switch|p2a: Walking Wake|Walking Wake|100/100\n|move|p1a: Manaphy|Take Heart|p1a: Manaphy\n|-boost|p1a: Manaphy|spa|1\n|-boost|p1a: Manaphy|spd|1\n|\n|-heal|p1a: Manaphy|100/100|[from] item: Leftovers\n|upkeep\n|turn|9\n|\n|t:|1695179940\n|move|p2a: Walking Wake|Draco Meteor|p1a: Manaphy\n|-damage|p1a: Manaphy|72/100\n|-unboost|p2a: Walking Wake|spa|2\n|-damage|p2a: Walking Wake|90/100|[from] item: Life Orb\n|move|p1a: Manaphy|Take Heart|p1a: Manaphy\n|-boost|p1a: Manaphy|spa|1\n|-boost|p1a: Manaphy|spd|1\n|\n|-heal|p1a: Manaphy|78/100|[from] item: Leftovers\n|upkeep\n|turn|10\n|inactive|Moteleave has 120 seconds left.\n|\n|t:|1695179952\n|-end|p2a: Walking Wake|Protosynthesis|[silent]\n|switch|p2a: Empoleon|Empoleon, M, shiny|79/100\n|move|p1a: Manaphy|Acid Armor|p1a: Manaphy\n|-boost|p1a: Manaphy|def|2\n|\n|-heal|p1a: Manaphy|84/100|[from] item: Leftovers\n|-heal|p2a: Empoleon|85/100|[from] item: Leftovers\n|upkeep\n|turn|11\n|inactive|Moteleave has 120 seconds left.\n|\n|t:|1695179982\n|move|p1a: Manaphy|Stored Power|p2a: Empoleon\n|-resisted|p2a: Empoleon\n|-damage|p2a: Empoleon|0 fnt\n|faint|p2a: Empoleon\n|\n|-heal|p1a: Manaphy|90/100|[from] item: Leftovers\n|upkeep\n|inactive|Moteleave has 90 seconds left.\n|\n|t:|1695180000\n|switch|p2a: Gliscor|Gliscor, F|100/100 tox\n|turn|12\n|\n|t:|1695180004\n|move|p1a: Manaphy|Scald|p2a: Gliscor\n|-supereffective|p2a: Gliscor\n|-damage|p2a: Gliscor|0 fnt\n|faint|p2a: Gliscor\n|\n|-heal|p1a: Manaphy|96/100|[from] item: Leftovers\n|upkeep\n|-message|Moteleave forfeited.\n|\n|win|azure14\n|raw|azure14's rating: 1274 &rarr; <strong>1304</strong><br />(+30 for winning)\n|raw|Moteleave's rating: 1341 &rarr; <strong>1317</strong><br />(-24 for losing)\n|l|\u2606Moteleave\n", "uploadtime": 1695180046, "views": 4, "p1id": "azure14", "p2id": "moteleave", "formatid": "gen9ou", "rating": 1304, "private": 0, "password": ""}