{"id": "gen9ou-1947533254", "p1": "micco47", "p2": "krswain222", "format": "gen9ou", "log": "|j|\u2606micco47\n|j|\u2606krswain222\n|t:|1695170003\n|gametype|singles\n|player|p1|micco47|scientistf|1210\n|player|p2|krswain222|101|1192\n|teamsize|p1|6\n|teamsize|p2|6\n|gen|9\n|tier|[Gen 9] OU\n|rated|\n|rule|Sleep Clause Mod: Limit one foe put to sleep\n|rule|Species Clause: Limit one of each Pok\u00e9mon\n|rule|OHKO Clause: OHKO moves are banned\n|rule|Evasion Items Clause: Evasion items are banned\n|rule|Evasion Moves Clause: Evasion moves are banned\n|rule|Endless Battle Clause: Forcing endless battles is banned\n|rule|HP Percentage Mod: HP is shown in percentages\n|clearpoke\n|poke|p1|Iron Valiant|\n|poke|p1|Ursaluna-Bloodmoon, M|\n|poke|p1|Cinderace, F|\n|poke|p1|Corviknight, F|\n|poke|p1|Zapdos|\n|poke|p1|Great Tusk|\n|poke|p2|Ursaluna-Bloodmoon, M|\n|poke|p2|Chandelure, M|\n|poke|p2|Okidogi, M|\n|poke|p2|Yanmega, F|\n|poke|p2|Kommo-o, F|\n|poke|p2|Sandslash-Alola, F|\n|teampreview\n|inactive|Battle timer is ON: inactive players will automatically lose when time's up. (requested by micco47)\n|\n|t:|1695170033\n|start\n|switch|p1a: Cinderace|Cinderace, F|100/100\n|switch|p2a: Kommo-o|Kommo-o, F|100/100\n|turn|1\n|\n|t:|1695170044\n|move|p1a: Cinderace|U-turn|p2a: Kommo-o\n|-start|p1a: Cinderace|typechange|Bug|[from] ability: Libero\n|-resisted|p2a: Kommo-o\n|-damage|p2a: Kommo-o|83/100\n|\n|t:|1695170048\n|switch|p1a: Iron Valiant|Iron Valiant|100/100|[from] U-turn\n|move|p2a: Kommo-o|Scale Shot|p1a: Iron Valiant\n|-immune|p1a: Iron Valiant\n|\n|upkeep\n|turn|2\n|\n|t:|1695170067\n|switch|p2a: Sandslash|Sandslash-Alola, F|100/100\n|move|p1a: Iron Valiant|Spirit Break|p2a: Sandslash\n|-resisted|p2a: Sandslash\n|-damage|p2a: Sandslash|86/100\n|-unboost|p2a: Sandslash|spa|1\n|\n|upkeep\n|turn|3\n|\n|t:|1695170081\n|move|p1a: Iron Valiant|Close Combat|p2a: Sandslash\n|-supereffective|p2a: Sandslash\n|-damage|p2a: Sandslash|0 fnt\n|-unboost|p1a: Iron Valiant|def|1\n|-unboost|p1a: Iron Valiant|spd|1\n|faint|p2a: Sandslash\n|\n|upkeep\n|\n|t:|1695170088\n|switch|p2a: Ursaluna|Ursaluna-Bloodmoon, M|100/100\n|turn|4\n|inactive|micco47 has 120 seconds left.\n|\n|t:|1695170122\n|-terastallize|p2a: Ursaluna|Ghost\n|move|p1a: Iron Valiant|Close Combat|p2a: Ursaluna\n|-immune|p2a: Ursaluna\n|move|p2a: Ursaluna|Blood Moon|p1a: Iron Valiant\n|-enditem|p1a: Iron Valiant|Focus Sash\n|-damage|p1a: Iron Valiant|1/100\n|\n|upkeep\n|turn|5\n|inactive|micco47 has 120 seconds left.\n|\n|t:|1695170140\n|move|p2a: Ursaluna|Vacuum Wave|p1a: Iron Valiant\n|-resisted|p1a: Iron Valiant\n|-damage|p1a: Iron Valiant|0 fnt\n|faint|p1a: Iron Valiant\n|-end|p1a: Iron Valiant|Quark Drive|[silent]\n|\n|upkeep\n|\n|t:|1695170153\n|switch|p1a: Ursaluna|Ursaluna-Bloodmoon, M|100/100\n|turn|6\n|\n|t:|1695170160\n|-terastallize|p1a: Ursaluna|Fighting\n|move|p2a: Ursaluna|Blood Moon|p1a: Ursaluna\n|-damage|p1a: Ursaluna|7/100\n|move|p1a: Ursaluna|Calm Mind|p1a: Ursaluna\n|-boost|p1a: Ursaluna|spa|1\n|-boost|p1a: Ursaluna|spd|1\n|\n|-heal|p1a: Ursaluna|13/100|[from] item: Leftovers\n|upkeep\n|turn|7\n|inactive|micco47 has 120 seconds left.\n|\n|t:|1695170172\n|move|p1a: Ursaluna|Vacuum Wave|p2a: Ursaluna\n|-damage|p2a: Ursaluna|73/100\n|move|p2a: Ursaluna|Moonblast|p1a: Ursaluna\n|-supereffective|p1a: Ursaluna\n|-damage|p1a: Ursaluna|0 fnt\n|faint|p1a: Ursaluna\n|\n|upkeep\n|\n|t:|1695170180\n|switch|p1a: Cinderace|Cinderace, F|100/100\n|turn|8\n|\n|t:|1695170191\n|move|p1a: Cinderace|Pyro Ball|p2a: Ursaluna\n|-damage|p2a: Ursaluna|31/100\n|move|p2a: Ursaluna|Blood Moon|p1a: Cinderace\n|-damage|p1a: Cinderace|0 fnt\n|faint|p1a: Cinderace\n|\n|upkeep\n|-message|micco47 forfeited.\n|\n|win|krswain222\n|raw|micco47's rating: 1210 &rarr; <strong>1184</strong><br />(-26 for losing)\n|raw|krswain222's rating: 1192 &rarr; <strong>1218</strong><br />(+26 for winning)\n|l|\u2606micco47\n", "uploadtime": 1695170258, "views": 2, "p1id": "micco47", "p2id": "krswain222", "formatid": "gen9ou", "rating": 1184, "private": 0, "password": ""}