{"id": "gen9ou-1947692640", "p1": "Ladder Lady Janie", "p2": "df332", "format": "gen9ou", "log": "|j|\u2606Ladder Lady Janie\n|j|\u2606df332\n|t:|1695187940\n|gametype|singles\n|player|p1|Ladder Lady Janie|lady-gen4|1075\n|player|p2|df332|1|1165\n|teamsize|p1|6\n|teamsize|p2|6\n|gen|9\n|tier|[Gen 9] OU\n|rated|\n|rule|Sleep Clause Mod: Limit one foe put to sleep\n|rule|Species Clause: Limit one of each Pok\u00e9mon\n|rule|OHKO Clause: OHKO moves are banned\n|rule|Evasion Items Clause: Evasion items are banned\n|rule|Evasion Moves Clause: Evasion moves are banned\n|rule|Endless Battle Clause: Forcing endless battles is banned\n|rule|HP Percentage Mod: HP is shown in percentages\n|clearpoke\n|poke|p1|Arbok, M|\n|poke|p1|Garganacl, M|\n|poke|p1|Tyranitar, F|\n|poke|p1|Corviknight, F|\n|poke|p1|Sandslash, M|\n|poke|p1|Rotom-Mow|\n|poke|p2|Clefable, M|\n|poke|p2|Cinderace, M|\n|poke|p2|Empoleon, M|\n|poke|p2|Great Tusk|\n|poke|p2|Dragonite, M|\n|poke|p2|Ribombee, M|\n|teampreview\n|c|\u2606Ladder Lady Janie|glhf\n|\n|t:|1695187960\n|start\n|switch|p1a: Garganacl|Garganacl, M|100/100\n|switch|p2a: Empoleon|Empoleon, M|100/100\n|turn|1\n|\n|t:|1695187994\n|switch|p1a: Tyranitar|Tyranitar, F|100/100\n|-weather|Sandstorm|[from] ability: Sand Stream|[of] p1a: Tyranitar\n|move|p2a: Empoleon|Surf|p1a: Tyranitar\n|-supereffective|p1a: Tyranitar\n|-damage|p1a: Tyranitar|51/100\n|\n|-weather|Sandstorm|[upkeep]\n|upkeep\n|turn|2\n|\n|t:|1695188004\n|switch|p2a: Great Tusk|Great Tusk|100/100\n|move|p1a: Tyranitar|Thunder Punch|p2a: Great Tusk\n|-immune|p2a: Great Tusk\n|\n|-weather|Sandstorm|[upkeep]\n|upkeep\n|turn|3\n|\n|t:|1695188012\n|switch|p1a: Rotom|Rotom-Mow|100/100\n|move|p2a: Great Tusk|Knock Off|p1a: Rotom\n|-damage|p1a: Rotom|60/100\n|-enditem|p1a: Rotom|Choice Scarf|[from] move: Knock Off|[of] p2a: Great Tusk\n|\n|-weather|Sandstorm|[upkeep]\n|-damage|p1a: Rotom|54/100|[from] Sandstorm\n|upkeep\n|turn|4\n|\n|t:|1695188030\n|move|p1a: Rotom|Trick|p2a: Great Tusk\n|-activate|p1a: Rotom|move: Trick|[of] p2a: Great Tusk\n|-enditem|p2a: Great Tusk|Assault Vest|[silent]|[from] move: Trick\n|-item|p1a: Rotom|Assault Vest|[from] move: Trick\n|move|p2a: Great Tusk|Ice Spinner|p1a: Rotom\n|-supereffective|p1a: Rotom\n|-damage|p1a: Rotom|0 fnt\n|faint|p1a: Rotom\n|\n|-weather|Sandstorm|[upkeep]\n|upkeep\n|\n|t:|1695188046\n|switch|p1a: Arbok|Arbok, M|100/100\n|-ability|p1a: Arbok|Intimidate|boost\n|-unboost|p2a: Great Tusk|atk|1\n|turn|5\n|\n|t:|1695188052\n|switch|p1a: Corviknight|Corviknight, F|100/100\n|move|p2a: Great Tusk|Knock Off|p1a: Corviknight\n|-damage|p1a: Corviknight|85/100\n|-enditem|p1a: Corviknight|Leftovers|[from] move: Knock Off|[of] p2a: Great Tusk\n|\n|-weather|Sandstorm|[upkeep]\n|upkeep\n|turn|6\n|\n|t:|1695188065\n|-end|p2a: Great Tusk|Protosynthesis|[silent]\n|switch|p2a: Clefable|Clefable, M, shiny|100/100\n|move|p1a: Corviknight|Bulk Up|p1a: Corviknight\n|-boost|p1a: Corviknight|atk|1\n|-boost|p1a: Corviknight|def|1\n|\n|-weather|Sandstorm|[upkeep]\n|upkeep\n|turn|7\n|\n|t:|1695188073\n|move|p2a: Clefable|Thunder Wave|p1a: Corviknight\n|-status|p1a: Corviknight|par\n|move|p1a: Corviknight|Iron Head|p2a: Clefable\n|-supereffective|p2a: Clefable\n|-damage|p2a: Clefable|0 fnt\n|faint|p2a: Clefable\n|\n|-weather|Sandstorm|[upkeep]\n|upkeep\n|\n|t:|1695188100\n|switch|p2a: Cinderace|Cinderace, M|100/100\n|turn|8\n|\n|t:|1695188105\n|-terastallize|p1a: Corviknight|Flying\n|move|p2a: Cinderace|Pyro Ball|p1a: Corviknight\n|-damage|p1a: Corviknight|44/100 par\n|move|p1a: Corviknight|Bulk Up|p1a: Corviknight\n|-boost|p1a: Corviknight|atk|1\n|-boost|p1a: Corviknight|def|1\n|\n|-weather|none\n|upkeep\n|turn|9\n|\n|t:|1695188115\n|switch|p2a: Great Tusk|Great Tusk|100/100\n|cant|p1a: Corviknight|par\n|\n|upkeep\n|turn|10\n|\n|t:|1695188140\n|switch|p1a: Garganacl|Garganacl, M|100/100\n|move|p2a: Great Tusk|Ice Spinner|p1a: Garganacl\n|-damage|p1a: Garganacl|89/100\n|\n|-heal|p1a: Garganacl|96/100|[from] item: Leftovers\n|upkeep\n|turn|11\n|\n|t:|1695188151\n|switch|p1a: Arbok|Arbok, M|100/100\n|-ability|p1a: Arbok|Intimidate|boost\n|-unboost|p2a: Great Tusk|atk|1\n|move|p2a: Great Tusk|Knock Off|p1a: Arbok\n|-damage|p1a: Arbok|75/100\n|-enditem|p1a: Arbok|Shuca Berry|[from] move: Knock Off|[of] p2a: Great Tusk\n|\n|upkeep\n|turn|12\n|\n|t:|1695188169\n|move|p2a: Great Tusk|Ice Spinner|p1a: Arbok\n|-damage|p1a: Arbok|51/100\n|move|p1a: Arbok|Toxic|p2a: Great Tusk\n|-status|p2a: Great Tusk|tox\n|\n|-damage|p2a: Great Tusk|94/100 tox|[from] psn\n|upkeep\n|turn|13\n|\n|t:|1695188184\n|-end|p2a: Great Tusk|Protosynthesis|[silent]\n|switch|p2a: Ribombee|Ribombee, M|100/100\n|switch|p1a: Corviknight|Corviknight, F, tera:Flying|44/100 par\n|\n|upkeep\n|turn|14\n|\n|t:|1695188196\n|move|p2a: Ribombee|Sticky Web|p1a: Corviknight\n|-sidestart|p1: Ladder Lady Janie|move: Sticky Web\n|move|p1a: Corviknight|Roost|p1a: Corviknight\n|-heal|p1a: Corviknight|94/100 par\n|-hint|If a Flying Terastallized Pokemon uses Roost, it remains Flying-type.\n|\n|upkeep\n|turn|15\n|\n|t:|1695188202\n|switch|p2a: Great Tusk|Great Tusk|94/100 tox\n|cant|p1a: Corviknight|par\n|\n|-damage|p2a: Great Tusk|88/100 tox|[from] psn\n|upkeep\n|turn|16\n|\n|t:|1695188212\n|move|p2a: Great Tusk|Ice Spinner|p1a: Corviknight\n|-supereffective|p1a: Corviknight\n|-damage|p1a: Corviknight|56/100 par\n|move|p1a: Corviknight|Drill Peck|p2a: Great Tusk\n|-supereffective|p2a: Great Tusk\n|-damage|p2a: Great Tusk|37/100 tox\n|\n|-damage|p2a: Great Tusk|25/100 tox|[from] psn\n|upkeep\n|turn|17\n|\n|t:|1695188219\n|move|p2a: Great Tusk|Ice Spinner|p1a: Corviknight\n|-supereffective|p1a: Corviknight\n|-damage|p1a: Corviknight|21/100 par\n|move|p1a: Corviknight|Roost|p1a: Corviknight\n|-heal|p1a: Corviknight|71/100 par\n|-hint|If a Flying Terastallized Pokemon uses Roost, it remains Flying-type.\n|\n|-damage|p2a: Great Tusk|6/100 tox|[from] psn\n|upkeep\n|turn|18\n|\n|t:|1695188227\n|move|p2a: Great Tusk|Ice Spinner|p1a: Corviknight\n|-supereffective|p1a: Corviknight\n|-damage|p1a: Corviknight|33/100 par\n|move|p1a: Corviknight|Bulk Up|p1a: Corviknight\n|-boost|p1a: Corviknight|atk|1\n|-boost|p1a: Corviknight|def|1\n|\n|-damage|p2a: Great Tusk|0 fnt|[from] psn\n|faint|p2a: Great Tusk\n|-end|p2a: Great Tusk|Protosynthesis|[silent]\n|upkeep\n|\n|t:|1695188236\n|switch|p2a: Empoleon|Empoleon, M|100/100\n|turn|19\n|\n|t:|1695188240\n|switch|p1a: Tyranitar|Tyranitar, F|51/100\n|-activate|p1a: Tyranitar|move: Sticky Web\n|-unboost|p1a: Tyranitar|spe|1\n|-weather|Sandstorm|[from] ability: Sand Stream|[of] p1a: Tyranitar\n|move|p2a: Empoleon|Ice Beam|p1a: Tyranitar\n|-damage|p1a: Tyranitar|33/100\n|\n|-weather|Sandstorm|[upkeep]\n|upkeep\n|turn|20\n|\n|t:|1695188253\n|move|p2a: Empoleon|Surf|p1a: Tyranitar\n|-supereffective|p1a: Tyranitar\n|-damage|p1a: Tyranitar|0 fnt\n|faint|p1a: Tyranitar\n|\n|-weather|Sandstorm|[upkeep]\n|upkeep\n|\n|t:|1695188266\n|switch|p1a: Sandslash|Sandslash, M|100/100\n|-activate|p1a: Sandslash|move: Sticky Web\n|-unboost|p1a: Sandslash|spe|1\n|turn|21\n|\n|t:|1695188274\n|switch|p2a: Ribombee|Ribombee, M|100/100\n|move|p1a: Sandslash|Earthquake|p2a: Ribombee\n|-resisted|p2a: Ribombee\n|-damage|p2a: Ribombee|29/100\n|\n|-weather|Sandstorm|[upkeep]\n|-damage|p2a: Ribombee|23/100|[from] Sandstorm\n|upkeep\n|turn|22\n|\n|t:|1695188285\n|move|p2a: Ribombee|Energy Ball|p1a: Sandslash\n|-supereffective|p1a: Sandslash\n|-damage|p1a: Sandslash|11/100\n|move|p1a: Sandslash|Earthquake|p2a: Ribombee\n|-resisted|p2a: Ribombee\n|-damage|p2a: Ribombee|0 fnt\n|faint|p2a: Ribombee\n|\n|-weather|Sandstorm|[upkeep]\n|upkeep\n|\n|t:|1695188309\n|switch|p2a: Dragonite|Dragonite, M|100/100\n|turn|23\n|\n|t:|1695188313\n|switch|p1a: Arbok|Arbok, M|51/100\n|-activate|p1a: Arbok|move: Sticky Web\n|-unboost|p1a: Arbok|spe|1\n|-ability|p1a: Arbok|Intimidate|boost\n|-unboost|p2a: Dragonite|atk|1\n|move|p2a: Dragonite|Extreme Speed|p1a: Arbok\n|-damage|p1a: Arbok|26/100\n|\n|-weather|Sandstorm|[upkeep]\n|-damage|p2a: Dragonite|94/100|[from] Sandstorm\n|-damage|p1a: Arbok|20/100|[from] Sandstorm\n|upkeep\n|turn|24\n|\n|t:|1695188325\n|move|p2a: Dragonite|Earthquake|p1a: Arbok\n|-supereffective|p1a: Arbok\n|-damage|p1a: Arbok|0 fnt\n|faint|p1a: Arbok\n|\n|-weather|Sandstorm|[upkeep]\n|-damage|p2a: Dragonite|88/100|[from] Sandstorm\n|upkeep\n|\n|t:|1695188329\n|switch|p1a: Corviknight|Corviknight, F, tera:Flying|33/100 par\n|turn|25\n|\n|t:|1695188334\n|move|p2a: Dragonite|Ice Spinner|p1a: Corviknight\n|-supereffective|p1a: Corviknight\n|-damage|p1a: Corviknight|2/100 par\n|cant|p1a: Corviknight|par\n|\n|-weather|Sandstorm|[upkeep]\n|-damage|p2a: Dragonite|82/100|[from] Sandstorm\n|-damage|p1a: Corviknight|0 fnt|[from] Sandstorm\n|faint|p1a: Corviknight\n|upkeep\n|\n|t:|1695188340\n|switch|p1a: Sandslash|Sandslash, M|11/100\n|-activate|p1a: Sandslash|move: Sticky Web\n|-unboost|p1a: Sandslash|spe|1\n|turn|26\n|c|\u2606Ladder Lady Janie|gg\n|\n|t:|1695188348\n|move|p2a: Dragonite|Extreme Speed|p1a: Sandslash\n|-damage|p1a: Sandslash|0 fnt\n|faint|p1a: Sandslash\n|\n|-weather|none\n|upkeep\n|\n|t:|1695188350\n|switch|p1a: Garganacl|Garganacl, M|96/100\n|-activate|p1a: Garganacl|move: Sticky Web\n|-unboost|p1a: Garganacl|spe|1\n|turn|27\n|\n|t:|1695188361\n|move|p2a: Dragonite|Earthquake|p1a: Garganacl\n|-supereffective|p1a: Garganacl\n|-damage|p1a: Garganacl|69/100\n|move|p1a: Garganacl|Salt Cure|p2a: Dragonite\n|-supereffective|p2a: Dragonite\n|-damage|p2a: Dragonite|52/100\n|-start|p2a: Dragonite|Salt Cure\n|\n|-heal|p1a: Garganacl|75/100|[from] item: Leftovers\n|-damage|p2a: Dragonite|39/100|[from] Salt Cure\n|upkeep\n|turn|28\n|\n|t:|1695188371\n|switch|p2a: Empoleon|Empoleon, M|100/100\n|move|p1a: Garganacl|Salt Cure|p2a: Empoleon\n|-resisted|p2a: Empoleon\n|-damage|p2a: Empoleon|92/100\n|-start|p2a: Empoleon|Salt Cure\n|\n|-heal|p1a: Garganacl|82/100|[from] item: Leftovers\n|-damage|p2a: Empoleon|67/100|[from] Salt Cure\n|upkeep\n|turn|29\n|\n|t:|1695188376\n|move|p2a: Empoleon|Surf|p1a: Garganacl\n|-supereffective|p1a: Garganacl\n|-damage|p1a: Garganacl|0 fnt\n|faint|p1a: Garganacl\n|\n|win|df332\n|raw|Ladder Lady Janie's rating: 1075 &rarr; <strong>1059</strong><br />(-16 for losing)\n|raw|df332's rating: 1165 &rarr; <strong>1184</strong><br />(+19 for winning)\n", "uploadtime": 1695188380, "views": 5, "p1id": "ladderladyjanie", "p2id": "df332", "formatid": "gen9ou", "rating": 1059, "private": 0, "password": ""}