{"id": "gen9ou-1947600896", "p1": "skim0877", "p2": "KatySimp", "format": "gen9ou", "log": "|j|\u2606skim0877\n|j|\u2606KatySimp\n|t:|1695176656\n|gametype|singles\n|player|p1|skim0877|102|1095\n|player|p2|KatySimp|266|1017\n|teamsize|p1|6\n|teamsize|p2|6\n|gen|9\n|tier|[Gen 9] OU\n|rated|\n|rule|Sleep Clause Mod: Limit one foe put to sleep\n|rule|Species Clause: Limit one of each Pok\u00e9mon\n|rule|OHKO Clause: OHKO moves are banned\n|rule|Evasion Items Clause: Evasion items are banned\n|rule|Evasion Moves Clause: Evasion moves are banned\n|rule|Endless Battle Clause: Forcing endless battles is banned\n|rule|HP Percentage Mod: HP is shown in percentages\n|clearpoke\n|poke|p1|Ursaluna-Bloodmoon, M|\n|poke|p1|Ninetales-Alola, F|\n|poke|p1|Cloyster, F|\n|poke|p1|Iron Valiant|\n|poke|p1|Zamazenta-*|\n|poke|p1|Great Tusk|\n|poke|p2|Empoleon, F|\n|poke|p2|Torterra, F|\n|poke|p2|Infernape, F|\n|poke|p2|Ursaluna-Bloodmoon, M|\n|poke|p2|Clefable, F|\n|poke|p2|Mandibuzz, F|\n|teampreview\n|\n|t:|1695176660\n|start\n|switch|p1a: Ninetales|Ninetales-Alola, F|100/100\n|switch|p2a: good girl|Clefable, F|100/100\n|-weather|Snow|[from] ability: Snow Warning|[of] p1a: Ninetales\n|turn|1\n|\n|t:|1695176669\n|move|p1a: Ninetales|Aurora Veil|p1a: Ninetales\n|-sidestart|p1: skim0877|move: Aurora Veil\n|move|p2a: good girl|Stealth Rock|p1a: Ninetales\n|-sidestart|p1: skim0877|move: Stealth Rock\n|\n|-weather|Snow|[upkeep]\n|upkeep\n|turn|2\n|\n|t:|1695176684\n|switch|p1a: Iron Valiant|Iron Valiant|100/100\n|-enditem|p1a: Iron Valiant|Booster Energy\n|-activate|p1a: Iron Valiant|ability: Quark Drive|[fromitem]\n|-start|p1a: Iron Valiant|quarkdrivespe\n|-damage|p1a: Iron Valiant|94/100|[from] Stealth Rock\n|move|p2a: good girl|Calm Mind|p2a: good girl\n|-boost|p2a: good girl|spa|1\n|-boost|p2a: good girl|spd|1\n|\n|-weather|Snow|[upkeep]\n|upkeep\n|turn|3\n|\n|t:|1695176697\n|move|p1a: Iron Valiant|Swords Dance|p1a: Iron Valiant\n|-boost|p1a: Iron Valiant|atk|2\n|move|p2a: good girl|Moonblast|p1a: Iron Valiant\n|-supereffective|p1a: Iron Valiant\n|-damage|p1a: Iron Valiant|0 fnt\n|faint|p1a: Iron Valiant\n|-end|p1a: Iron Valiant|Quark Drive|[silent]\n|\n|-weather|Snow|[upkeep]\n|upkeep\n|\n|t:|1695176709\n|switch|p1a: Cloyster|Cloyster, F|100/100\n|-damage|p1a: Cloyster|76/100|[from] Stealth Rock\n|turn|4\n|\n|t:|1695176715\n|move|p1a: Cloyster|Shell Smash|p1a: Cloyster\n|-unboost|p1a: Cloyster|def|1\n|-unboost|p1a: Cloyster|spd|1\n|-boost|p1a: Cloyster|atk|2\n|-boost|p1a: Cloyster|spa|2\n|-boost|p1a: Cloyster|spe|2\n|-enditem|p1a: Cloyster|White Herb\n|-clearnegativeboost|p1a: Cloyster|[silent]\n|move|p2a: good girl|Thunderbolt|p1a: Cloyster\n|-supereffective|p1a: Cloyster\n|-damage|p1a: Cloyster|0 fnt\n|faint|p1a: Cloyster\n|\n|-weather|Snow|[upkeep]\n|upkeep\n|\n|t:|1695176720\n|switch|p1a: Zamazenta|Zamazenta|100/100\n|-damage|p1a: Zamazenta|94/100|[from] Stealth Rock\n|-ability|p1a: Zamazenta|Dauntless Shield|boost\n|-boost|p1a: Zamazenta|def|1\n|turn|5\n|\n|t:|1695176732\n|-terastallize|p2a: good girl|Fairy\n|move|p1a: Zamazenta|Heavy Slam|p2a: good girl\n|-supereffective|p2a: good girl\n|-damage|p2a: good girl|10/100\n|move|p2a: good girl|Moonblast|p1a: Zamazenta\n|-supereffective|p1a: Zamazenta\n|-damage|p1a: Zamazenta|16/100\n|\n|-weather|none\n|-heal|p2a: good girl|16/100|[from] item: Leftovers\n|upkeep\n|turn|6\n|-message|skim0877 forfeited.\n|\n|win|KatySimp\n|raw|skim0877's rating: 1095 &rarr; <strong>1068</strong><br />(-27 for losing)\n|raw|KatySimp's rating: 1056 &rarr; <strong>1091</strong><br />(+35 for winning)\n|l|\u2606skim0877\n", "uploadtime": 1695176752, "views": 6, "p1id": "skim0877", "p2id": "katysimp", "formatid": "gen9ou", "rating": 1068, "private": 0, "password": ""}