{"id": "gen9ou-1947650468", "p1": "qwihd1", "p2": "asdfker", "format": "gen9ou", "log": "|j|\u2606qwihd1\n|j|\u2606asdfker\n|t:|1695182070\n|gametype|singles\n|player|p1|qwihd1|170|1264\n|player|p2|asdfker|lady-gen4|1317\n|teamsize|p1|6\n|teamsize|p2|6\n|gen|9\n|tier|[Gen 9] OU\n|rated|\n|rule|Sleep Clause Mod: Limit one foe put to sleep\n|rule|Species Clause: Limit one of each Pok\u00e9mon\n|rule|OHKO Clause: OHKO moves are banned\n|rule|Evasion Items Clause: Evasion items are banned\n|rule|Evasion Moves Clause: Evasion moves are banned\n|rule|Endless Battle Clause: Forcing endless battles is banned\n|rule|HP Percentage Mod: HP is shown in percentages\n|clearpoke\n|poke|p1|Gliscor, M|\n|poke|p1|Clefable, F|\n|poke|p1|Dondozo, M|\n|poke|p1|Tornadus-Therian, M|\n|poke|p1|Toxapex, M|\n|poke|p1|Blissey, F|\n|poke|p2|Ribombee, M|\n|poke|p2|Ogerpon-Wellspring, F|\n|poke|p2|Kingambit, M|\n|poke|p2|Ursaluna-Bloodmoon, M|\n|poke|p2|Gholdengo|\n|poke|p2|Samurott-Hisui, M|\n|teampreview\n|inactive|Battle timer is ON: inactive players will automatically lose when time's up. (requested by qwihd1)\n|inactive|asdfker has 120 seconds left.\n|\n|t:|1695182138\n|start\n|switch|p1a: Clefable|Clefable, F|100/100\n|switch|p2a: Ribombee|Ribombee, M|100/100\n|turn|1\n|\n|t:|1695182165\n|move|p2a: Ribombee|Stun Spore|p1a: Clefable|[miss]\n|-miss|p2a: Ribombee|p1a: Clefable\n|move|p1a: Clefable|Stealth Rock|p2a: Ribombee\n|-sidestart|p2: asdfker|move: Stealth Rock\n|\n|upkeep\n|turn|2\n|\n|t:|1695182169\n|move|p2a: Ribombee|Stun Spore|p1a: Clefable\n|-status|p1a: Clefable|par\n|cant|p1a: Clefable|par\n|\n|upkeep\n|turn|3\n|\n|t:|1695182174\n|move|p2a: Ribombee|Moonblast|p1a: Clefable\n|-damage|p1a: Clefable|60/100 par\n|-unboost|p1a: Clefable|spa|1\n|move|p1a: Clefable|Moonblast|p2a: Ribombee\n|-damage|p2a: Ribombee|66/100\n|\n|-heal|p1a: Clefable|66/100 par|[from] item: Leftovers\n|upkeep\n|turn|4\n|\n|t:|1695182194\n|switch|p1a: Toxapex|Toxapex, M|100/100\n|move|p2a: Ribombee|U-turn|p1a: Toxapex\n|-resisted|p1a: Toxapex\n|-damage|p1a: Toxapex|95/100\n|inactive|asdfker has 120 seconds left.\n|\n|t:|1695182218\n|switch|p2a: Samurott|Samurott-Hisui, M|100/100|[from] U-turn\n|-damage|p2a: Samurott|88/100|[from] Stealth Rock\n|\n|upkeep\n|turn|5\n|\n|t:|1695182238\n|switch|p1a: Clefable|Clefable, F|66/100 par\n|move|p2a: Samurott|Knock Off|p1a: Clefable\n|-resisted|p1a: Clefable\n|-damage|p1a: Clefable|45/100 par\n|-enditem|p1a: Clefable|Leftovers|[from] move: Knock Off|[of] p2a: Samurott\n|\n|upkeep\n|turn|6\n|\n|t:|1695182244\n|move|p2a: Samurott|Flip Turn|p1a: Clefable\n|-damage|p1a: Clefable|23/100 par\n|inactive|asdfker has 120 seconds left.\n|\n|t:|1695182271\n|switch|p2a: Kingambit|Kingambit, M|100/100|[from] Flip Turn\n|-damage|p2a: Kingambit|94/100|[from] Stealth Rock\n|move|p1a: Clefable|Wish|p1a: Clefable\n|\n|upkeep\n|turn|7\n|\n|t:|1695182276\n|move|p1a: Clefable|Protect|p1a: Clefable\n|-singleturn|p1a: Clefable|Protect\n|move|p2a: Kingambit|Iron Head|p1a: Clefable\n|-activate|p1a: Clefable|move: Protect\n|\n|-heal|p1a: Clefable|73/100 par|[from] move: Wish|[wisher] Clefable\n|upkeep\n|turn|8\n|\n|t:|1695182283\n|switch|p1a: Gliscor|Gliscor, M|100/100\n|move|p2a: Kingambit|Kowtow Cleave|p1a: Gliscor\n|-damage|p1a: Gliscor|75/100\n|\n|-status|p1a: Gliscor|tox|[from] item: Toxic Orb\n|upkeep\n|turn|9\n|inactive|asdfker has 120 seconds left.\n|\n|t:|1695182313\n|-end|p2a: Kingambit|fallenundefined|[silent]\n|switch|p2a: Ribombee|Ribombee, M|66/100\n|-damage|p2a: Ribombee|41/100|[from] Stealth Rock\n|move|p1a: Gliscor|Earthquake|p2a: Ribombee\n|-resisted|p2a: Ribombee\n|-damage|p2a: Ribombee|9/100\n|\n|-heal|p1a: Gliscor|87/100 tox|[from] ability: Poison Heal\n|upkeep\n|turn|10\n|\n|t:|1695182329\n|switch|p1a: Blissey|Blissey, F|100/100\n|move|p2a: Ribombee|Moonblast|p1a: Blissey\n|-damage|p1a: Blissey|90/100\n|\n|upkeep\n|turn|11\n|\n|t:|1695182332\n|move|p2a: Ribombee|Stun Spore|p1a: Blissey\n|-status|p1a: Blissey|par\n|cant|p1a: Blissey|par\n|\n|upkeep\n|turn|12\n|\n|t:|1695182336\n|move|p2a: Ribombee|Sticky Web|p1a: Blissey\n|-sidestart|p1: qwihd1|move: Sticky Web\n|move|p1a: Blissey|Seismic Toss|p2a: Ribombee\n|-damage|p2a: Ribombee|0 fnt\n|faint|p2a: Ribombee\n|\n|upkeep\n|\n|t:|1695182342\n|switch|p2a: Samurott|Samurott-Hisui, M|88/100\n|-damage|p2a: Samurott|76/100|[from] Stealth Rock\n|turn|13\n|\n|t:|1695182346\n|-curestatus|p1a: Blissey|par|[from] ability: Natural Cure\n|switch|p1a: Clefable|Clefable, F|73/100 par\n|-activate|p1a: Clefable|move: Sticky Web\n|-unboost|p1a: Clefable|spe|1\n|move|p2a: Samurott|Flip Turn|p1a: Clefable\n|-damage|p1a: Clefable|52/100 par\n|\n|t:|1695182355\n|switch|p2a: Ogerpon|Ogerpon-Wellspring, F|100/100|[from] Flip Turn\n|-damage|p2a: Ogerpon|88/100|[from] Stealth Rock\n|\n|upkeep\n|turn|14\n|\n|t:|1695182361\n|move|p2a: Ogerpon|Swords Dance|p2a: Ogerpon\n|-boost|p2a: Ogerpon|atk|2\n|move|p1a: Clefable|Wish|p1a: Clefable\n|\n|upkeep\n|turn|15\n|\n|t:|1695182376\n|switch|p1a: Dondozo|Dondozo, M|100/100\n|move|p2a: Ogerpon|Horn Leech|p1a: Dondozo\n|-supereffective|p1a: Dondozo\n|-damage|p1a: Dondozo|61/100\n|-heal|p2a: Ogerpon|100/100|[from] drain|[of] p1a: Dondozo\n|\n|-heal|p1a: Dondozo|99/100|[from] move: Wish|[wisher] Clefable\n|upkeep\n|turn|16\n|\n|t:|1695182387\n|-terastallize|p1a: Dondozo|Dragon\n|move|p2a: Ogerpon|Horn Leech|p1a: Dondozo\n|-resisted|p1a: Dondozo\n|-damage|p1a: Dondozo|90/100\n|move|p1a: Dondozo|Body Press|p2a: Ogerpon\n|-damage|p2a: Ogerpon|64/100\n|\n|upkeep\n|turn|17\n|\n|t:|1695182402\n|move|p2a: Ogerpon|Play Rough|p1a: Dondozo\n|-supereffective|p1a: Dondozo\n|-damage|p1a: Dondozo|58/100\n|move|p1a: Dondozo|Liquidation|p2a: Ogerpon\n|-heal|p2a: Ogerpon|89/100|[from] ability: Water Absorb|[of] p1a: Dondozo\n|\n|upkeep\n|turn|18\n|\n|t:|1695182409\n|move|p2a: Ogerpon|Play Rough|p1a: Dondozo\n|-supereffective|p1a: Dondozo\n|-damage|p1a: Dondozo|27/100\n|move|p1a: Dondozo|Rest|p1a: Dondozo\n|-status|p1a: Dondozo|slp|[from] move: Rest\n|-heal|p1a: Dondozo|100/100 slp|[silent]\n|\n|upkeep\n|turn|19\n|\n|t:|1695182414\n|move|p2a: Ogerpon|Play Rough|p1a: Dondozo\n|-supereffective|p1a: Dondozo\n|-damage|p1a: Dondozo|68/100 slp\n|cant|p1a: Dondozo|slp\n|move|p1a: Dondozo|Sleep Talk|p1a: Dondozo\n|move|p1a: Dondozo|Liquidation|p2a: Ogerpon|[from]move: Sleep Talk\n|-heal|p2a: Ogerpon|100/100|[from] ability: Water Absorb|[of] p1a: Dondozo\n|\n|upkeep\n|turn|20\n|\n|t:|1695182421\n|move|p2a: Ogerpon|Play Rough|p1a: Dondozo\n|-supereffective|p1a: Dondozo\n|-damage|p1a: Dondozo|39/100 slp\n|cant|p1a: Dondozo|slp\n|move|p1a: Dondozo|Sleep Talk|p1a: Dondozo\n|move|p1a: Dondozo|Body Press|p2a: Ogerpon|[from]move: Sleep Talk\n|-damage|p2a: Ogerpon|65/100\n|\n|upkeep\n|turn|21\n|\n|t:|1695182430\n|move|p2a: Ogerpon|Play Rough|p1a: Dondozo\n|-supereffective|p1a: Dondozo\n|-damage|p1a: Dondozo|7/100 slp\n|-curestatus|p1a: Dondozo|slp|[msg]\n|move|p1a: Dondozo|Rest|p1a: Dondozo\n|-status|p1a: Dondozo|slp|[from] move: Rest\n|-heal|p1a: Dondozo|100/100 slp|[silent]\n|\n|upkeep\n|turn|22\n|\n|t:|1695182436\n|move|p2a: Ogerpon|Play Rough|p1a: Dondozo\n|-supereffective|p1a: Dondozo\n|-damage|p1a: Dondozo|68/100 slp\n|cant|p1a: Dondozo|slp\n|move|p1a: Dondozo|Sleep Talk|p1a: Dondozo\n|move|p1a: Dondozo|Body Press|p2a: Ogerpon|[from]move: Sleep Talk\n|-damage|p2a: Ogerpon|25/100\n|\n|upkeep\n|turn|23\n|\n|t:|1695182445\n|move|p2a: Ogerpon|Play Rough|p1a: Dondozo\n|-supereffective|p1a: Dondozo\n|-damage|p1a: Dondozo|36/100 slp\n|cant|p1a: Dondozo|slp\n|move|p1a: Dondozo|Sleep Talk|p1a: Dondozo\n|move|p1a: Dondozo|Rest||[from]move: Sleep Talk|[still]\n|-fail|p1a: Dondozo\n|\n|upkeep\n|turn|24\n|\n|t:|1695182452\n|move|p2a: Ogerpon|Play Rough|p1a: Dondozo\n|-supereffective|p1a: Dondozo\n|-damage|p1a: Dondozo|5/100 slp\n|-unboost|p1a: Dondozo|atk|1\n|-curestatus|p1a: Dondozo|slp|[msg]\n|move|p1a: Dondozo|Rest|p1a: Dondozo\n|-status|p1a: Dondozo|slp|[from] move: Rest\n|-heal|p1a: Dondozo|100/100 slp|[silent]\n|\n|upkeep\n|turn|25\n|\n|t:|1695182459\n|move|p2a: Ogerpon|Play Rough|p1a: Dondozo\n|-supereffective|p1a: Dondozo\n|-damage|p1a: Dondozo|70/100 slp\n|cant|p1a: Dondozo|slp\n|move|p1a: Dondozo|Sleep Talk|p1a: Dondozo\n|move|p1a: Dondozo|Rest||[from]move: Sleep Talk|[still]\n|-fail|p1a: Dondozo\n|\n|upkeep\n|turn|26\n|\n|t:|1695182466\n|move|p2a: Ogerpon|Play Rough|p1a: Dondozo\n|-supereffective|p1a: Dondozo\n|-damage|p1a: Dondozo|37/100 slp\n|cant|p1a: Dondozo|slp\n|move|p1a: Dondozo|Sleep Talk|p1a: Dondozo\n|move|p1a: Dondozo|Liquidation|p2a: Ogerpon|[from]move: Sleep Talk\n|-heal|p2a: Ogerpon|50/100|[from] ability: Water Absorb|[of] p1a: Dondozo\n|\n|upkeep\n|turn|27\n|\n|t:|1695182474\n|move|p2a: Ogerpon|Play Rough|p1a: Dondozo\n|-supereffective|p1a: Dondozo\n|-damage|p1a: Dondozo|8/100 slp\n|-curestatus|p1a: Dondozo|slp|[msg]\n|move|p1a: Dondozo|Rest|p1a: Dondozo\n|-status|p1a: Dondozo|slp|[from] move: Rest\n|-heal|p1a: Dondozo|100/100 slp|[silent]\n|\n|upkeep\n|turn|28\n|\n|t:|1695182479\n|move|p2a: Ogerpon|Play Rough|p1a: Dondozo\n|-supereffective|p1a: Dondozo\n|-damage|p1a: Dondozo|67/100 slp\n|cant|p1a: Dondozo|slp\n|move|p1a: Dondozo|Sleep Talk|p1a: Dondozo\n|move|p1a: Dondozo|Liquidation|p2a: Ogerpon|[from]move: Sleep Talk\n|-heal|p2a: Ogerpon|75/100|[from] ability: Water Absorb|[of] p1a: Dondozo\n|\n|upkeep\n|turn|29\n|\n|t:|1695182488\n|move|p2a: Ogerpon|Play Rough|p1a: Dondozo\n|-supereffective|p1a: Dondozo\n|-damage|p1a: Dondozo|37/100 slp\n|cant|p1a: Dondozo|slp\n|move|p1a: Dondozo|Sleep Talk|p1a: Dondozo\n|move|p1a: Dondozo|Body Press|p2a: Ogerpon|[from]move: Sleep Talk\n|-damage|p2a: Ogerpon|38/100\n|\n|upkeep\n|turn|30\n|\n|t:|1695182496\n|move|p2a: Ogerpon|Play Rough|p1a: Dondozo\n|-supereffective|p1a: Dondozo\n|-damage|p1a: Dondozo|6/100 slp\n|-unboost|p1a: Dondozo|atk|1\n|-curestatus|p1a: Dondozo|slp|[msg]\n|move|p1a: Dondozo|Rest|p1a: Dondozo\n|-status|p1a: Dondozo|slp|[from] move: Rest\n|-heal|p1a: Dondozo|100/100 slp|[silent]\n|\n|upkeep\n|turn|31\n|\n|t:|1695182508\n|move|p2a: Ogerpon|Play Rough|p1a: Dondozo\n|-supereffective|p1a: Dondozo\n|-damage|p1a: Dondozo|69/100 slp\n|cant|p1a: Dondozo|slp\n|move|p1a: Dondozo|Sleep Talk|p1a: Dondozo\n|move|p1a: Dondozo|Body Press|p2a: Ogerpon|[from]move: Sleep Talk\n|-damage|p2a: Ogerpon|0 fnt\n|faint|p2a: Ogerpon\n|\n|upkeep\n|inactive|asdfker has 120 seconds left.\n|\n|t:|1695182535\n|switch|p2a: Samurott|Samurott-Hisui, M|76/100\n|-damage|p2a: Samurott|63/100|[from] Stealth Rock\n|turn|32\n|\n|t:|1695182540\n|move|p2a: Samurott|Knock Off|p1a: Dondozo\n|-damage|p1a: Dondozo|43/100 slp\n|-enditem|p1a: Dondozo|Heavy-Duty Boots|[from] move: Knock Off|[of] p2a: Samurott\n|cant|p1a: Dondozo|slp\n|move|p1a: Dondozo|Sleep Talk|p1a: Dondozo\n|move|p1a: Dondozo|Body Press|p2a: Samurott|[from]move: Sleep Talk\n|-supereffective|p2a: Samurott\n|-damage|p2a: Samurott|0 fnt\n|faint|p2a: Samurott\n|\n|upkeep\n|\n|t:|1695182546\n|switch|p2a: Ursaluna|Ursaluna-Bloodmoon, M|100/100\n|-damage|p2a: Ursaluna|95/100|[from] Stealth Rock\n|turn|33\n|\n|t:|1695182550\n|switch|p1a: Toxapex|Toxapex, M|100/100\n|move|p2a: Ursaluna|Blood Moon|p1a: Toxapex\n|-damage|p1a: Toxapex|31/100\n|-damage|p2a: Ursaluna|85/100|[from] item: Life Orb\n|\n|upkeep\n|turn|34\n|\n|t:|1695182556\n|switch|p1a: Tornadus|Tornadus-Therian, M|100/100\n|move|p2a: Ursaluna|Earth Power|p1a: Tornadus\n|-immune|p1a: Tornadus\n|\n|upkeep\n|turn|35\n|\n|t:|1695182560\n|move|p1a: Tornadus|Bleakwind Storm|p2a: Ursaluna\n|-damage|p2a: Ursaluna|24/100\n|move|p2a: Ursaluna|Blood Moon|p1a: Tornadus\n|-damage|p1a: Tornadus|0 fnt\n|faint|p1a: Tornadus\n|-damage|p2a: Ursaluna|14/100|[from] item: Life Orb\n|\n|upkeep\n|\n|t:|1695182567\n|switch|p1a: Toxapex|Toxapex, M|64/100\n|turn|36\n|\n|t:|1695182570\n|move|p2a: Ursaluna|Earth Power|p1a: Toxapex\n|-supereffective|p1a: Toxapex\n|-damage|p1a: Toxapex|0 fnt\n|faint|p1a: Toxapex\n|-damage|p2a: Ursaluna|4/100|[from] item: Life Orb\n|\n|upkeep\n|\n|t:|1695182573\n|switch|p1a: Blissey|Blissey, F|90/100\n|turn|37\n|\n|t:|1695182578\n|move|p2a: Ursaluna|Blood Moon|p1a: Blissey\n|-damage|p1a: Blissey|58/100\n|-damage|p2a: Ursaluna|0 fnt|[from] item: Life Orb\n|faint|p2a: Ursaluna\n|move|p1a: Blissey|Seismic Toss|p2: Ursaluna|[notarget]\n|-fail|p1a: Blissey\n|\n|upkeep\n|\n|t:|1695182589\n|switch|p2a: Kingambit|Kingambit, M|94/100\n|-damage|p2a: Kingambit|88/100|[from] Stealth Rock\n|-activate|p2a: Kingambit|ability: Supreme Overlord\n|-start|p2a: Kingambit|fallen4|[silent]\n|turn|38\n|\n|t:|1695182600\n|switch|p1a: Gliscor|Gliscor, M|87/100 tox\n|move|p2a: Kingambit|Swords Dance|p2a: Kingambit\n|-boost|p2a: Kingambit|atk|2\n|\n|-heal|p1a: Gliscor|99/100 tox|[from] ability: Poison Heal\n|upkeep\n|turn|39\n|inactive|asdfker has 120 seconds left.\n|inactive|asdfker has 90 seconds left.\n|\n|t:|1695182666\n|move|p1a: Gliscor|Earthquake|p2a: Kingambit\n|-supereffective|p2a: Kingambit\n|-damage|p2a: Kingambit|34/100\n|move|p2a: Kingambit|Swords Dance|p2a: Kingambit\n|-boost|p2a: Kingambit|atk|2\n|\n|-heal|p1a: Gliscor|100/100 tox|[from] ability: Poison Heal\n|upkeep\n|turn|40\n|inactive|asdfker has 90 seconds left.\n|\n|t:|1695182677\n|-terastallize|p2a: Kingambit|Dark\n|move|p2a: Kingambit|Sucker Punch|p1a: Gliscor\n|-damage|p1a: Gliscor|0 fnt\n|faint|p1a: Gliscor\n|\n|upkeep\n|\n|t:|1695182680\n|switch|p1a: Dondozo|Dondozo, M, tera:Dragon|43/100 slp\n|-activate|p1a: Dondozo|move: Sticky Web\n|-unboost|p1a: Dondozo|spe|1\n|turn|41\n|\n|t:|1695182685\n|move|p2a: Kingambit|Kowtow Cleave|p1a: Dondozo\n|-damage|p1a: Dondozo|3/100 slp\n|-curestatus|p1a: Dondozo|slp|[msg]\n|move|p1a: Dondozo|Body Press|p2a: Kingambit\n|-supereffective|p2a: Kingambit\n|-damage|p2a: Kingambit|0 fnt\n|faint|p2a: Kingambit\n|-end|p2a: Kingambit|fallen4|[silent]\n|\n|upkeep\n|\n|t:|1695182691\n|switch|p2a: Gholdengo|Gholdengo|100/100\n|-damage|p2a: Gholdengo|94/100|[from] Stealth Rock\n|-item|p2a: Gholdengo|Air Balloon\n|turn|42\n|\n|t:|1695182700\n|move|p2a: Gholdengo|Nasty Plot|p2a: Gholdengo\n|-boost|p2a: Gholdengo|spa|2\n|move|p1a: Dondozo|Liquidation|p2a: Gholdengo\n|-damage|p2a: Gholdengo|72/100\n|-enditem|p2a: Gholdengo|Air Balloon\n|\n|upkeep\n|turn|43\n|-message|qwihd1 forfeited.\n|\n|win|asdfker\n|raw|qwihd1's rating: 1264 &rarr; <strong>1243</strong><br />(-21 for losing)\n|raw|asdfker's rating: 1317 &rarr; <strong>1334</strong><br />(+17 for winning)\n|l|\u2606qwihd1\n", "uploadtime": 1695182726, "views": 3, "p1id": "qwihd1", "p2id": "asdfker", "formatid": "gen9ou", "rating": 1243, "private": 0, "password": ""}