{"id": "gen9ou-1947687048", "p1": "NoobHereWaddup", "p2": "Lashum", "format": "gen9ou", "log": "|j|\u2606NoobHereWaddup\n|j|\u2606Lashum\n|inactive|Battle timer is ON: inactive players will automatically lose when time's up.\n|t:|1695187088\n|gametype|singles\n|player|p1|NoobHereWaddup|dawn|\n|player|p2|Lashum|mars|\n|teamsize|p1|6\n|teamsize|p2|6\n|gen|9\n|tier|[Gen 9] OU\n|rated|Tournament battle\n|rule|Sleep Clause Mod: Limit one foe put to sleep\n|rule|Species Clause: Limit one of each Pok\u00e9mon\n|rule|OHKO Clause: OHKO moves are banned\n|rule|Evasion Items Clause: Evasion items are banned\n|rule|Evasion Moves Clause: Evasion moves are banned\n|rule|Endless Battle Clause: Forcing endless battles is banned\n|rule|HP Percentage Mod: HP is shown in percentages\n|clearpoke\n|poke|p1|Amoonguss, M|\n|poke|p1|Landorus-Therian, M|\n|poke|p1|Kingambit, F|\n|poke|p1|Empoleon, F|\n|poke|p1|Walking Wake|\n|poke|p1|Maushold-Four|\n|poke|p2|Dragapult, M|\n|poke|p2|Great Tusk|\n|poke|p2|Enamorus, F|\n|poke|p2|Kingambit, M|\n|poke|p2|Heatran, M|\n|poke|p2|Toxapex, M|\n|teampreview\n|j|*Lady Monita\n|j| BB-8-NU\n|inactive|Lashum has 120 seconds left.\n|\n|t:|1695187130\n|start\n|switch|p1a: Empoleon|Empoleon, F|100/100\n|switch|p2a: Behemoth|Great Tusk, shiny|100/100\n|turn|1\n|\n|t:|1695187139\n|switch|p1a: Landorus|Landorus-Therian, M|100/100\n|-ability|p1a: Landorus|Intimidate|boost\n|-unboost|p2a: Behemoth|atk|1\n|move|p2a: Behemoth|Headlong Rush|p1a: Landorus\n|-immune|p1a: Landorus\n|\n|upkeep\n|turn|2\n|\n|t:|1695187156\n|-end|p2a: Behemoth|Protosynthesis|[silent]\n|switch|p2a: Leviathan|Dragapult, M, shiny|100/100\n|move|p1a: Landorus|Stealth Rock|p2a: Leviathan\n|-sidestart|p2: Lashum|move: Stealth Rock\n|\n|upkeep\n|turn|3\n|\n|t:|1695187164\n|switch|p1a: Empoleon|Empoleon, F|100/100\n|move|p2a: Leviathan|Draco Meteor|p1a: Empoleon\n|-resisted|p1a: Empoleon\n|-damage|p1a: Empoleon|71/100\n|-unboost|p2a: Leviathan|spa|2\n|\n|-heal|p1a: Empoleon|78/100|[from] item: Leftovers\n|upkeep\n|turn|4\n|\n|t:|1695187178\n|switch|p2a: Behemoth|Great Tusk, shiny|100/100\n|-damage|p2a: Behemoth|98/100|[from] Stealth Rock\n|move|p1a: Empoleon|Flip Turn|p2a: Behemoth\n|-supereffective|p2a: Behemoth\n|-damage|p2a: Behemoth|68/100\n|\n|t:|1695187185\n|switch|p1a: Walking Wake|Walking Wake|100/100|[from] Flip Turn\n|\n|upkeep\n|turn|5\n|\n|t:|1695187189\n|-end|p2a: Behemoth|Protosynthesis|[silent]\n|switch|p2a: Gin|Enamorus, F, shiny|100/100\n|-damage|p2a: Gin|76/100|[from] Stealth Rock\n|move|p1a: Walking Wake|Scald|p2a: Gin\n|-damage|p2a: Gin|0 fnt\n|faint|p2a: Gin\n|\n|upkeep\n|\n|t:|1695187210\n|switch|p2a: Serpentine|Toxapex, M, shiny|100/100\n|-damage|p2a: Serpentine|88/100|[from] Stealth Rock\n|turn|6\n|\n|t:|1695187215\n|-end|p1a: Walking Wake|Protosynthesis|[silent]\n|switch|p1a: Empoleon|Empoleon, F|78/100\n|move|p2a: Serpentine|Toxic|p1a: Empoleon\n|-immune|p1a: Empoleon\n|\n|-heal|p1a: Empoleon|84/100|[from] item: Leftovers\n|-heal|p2a: Serpentine|94/100|[from] item: Leftovers\n|upkeep\n|turn|7\n|\n|t:|1695187224\n|move|p1a: Empoleon|Knock Off|p2a: Serpentine\n|-damage|p2a: Serpentine|79/100\n|-enditem|p2a: Serpentine|Leftovers|[from] move: Knock Off|[of] p1a: Empoleon\n|move|p2a: Serpentine|Toxic|p1a: Empoleon\n|-immune|p1a: Empoleon\n|\n|-heal|p1a: Empoleon|90/100|[from] item: Leftovers\n|upkeep\n|turn|8\n|\n|t:|1695187240\n|switch|p2a: Chaos|Heatran, M, shiny|100/100\n|-damage|p2a: Chaos|88/100|[from] Stealth Rock\n|-item|p2a: Chaos|Air Balloon\n|move|p1a: Empoleon|Knock Off|p2a: Chaos\n|-damage|p2a: Chaos|77/100\n|-status|p1a: Empoleon|brn|[from] ability: Flame Body|[of] p2a: Chaos\n|-enditem|p2a: Chaos|Air Balloon\n|\n|-heal|p1a: Empoleon|96/100 brn|[from] item: Leftovers\n|-damage|p1a: Empoleon|90/100 brn|[from] brn\n|upkeep\n|turn|9\n|\n|t:|1695187252\n|move|p2a: Chaos|Stealth Rock|p1a: Empoleon\n|-sidestart|p1: NoobHereWaddup|move: Stealth Rock\n|move|p1a: Empoleon|Flip Turn|p2a: Chaos\n|-supereffective|p2a: Chaos\n|-damage|p2a: Chaos|66/100\n|\n|t:|1695187262\n|switch|p1a: Landorus|Landorus-Therian, M|100/100|[from] Flip Turn\n|-damage|p1a: Landorus|88/100|[from] Stealth Rock\n|-ability|p1a: Landorus|Intimidate|boost\n|-unboost|p2a: Chaos|atk|1\n|\n|-heal|p1a: Landorus|94/100|[from] item: Leftovers\n|upkeep\n|turn|10\n|\n|t:|1695187281\n|-terastallize|p2a: Chaos|Water\n|move|p1a: Landorus|Earthquake|p2a: Chaos\n|-damage|p2a: Chaos|37/100\n|move|p2a: Chaos|Will-O-Wisp|p1a: Landorus\n|-status|p1a: Landorus|brn\n|\n|-heal|p1a: Landorus|99/100 brn|[from] item: Leftovers\n|-damage|p1a: Landorus|94/100 brn|[from] brn\n|upkeep\n|turn|11\n|\n|t:|1695187290\n|move|p1a: Landorus|Grass Knot|p2a: Chaos\n|-supereffective|p2a: Chaos\n|-damage|p2a: Chaos|0 fnt\n|faint|p2a: Chaos\n|\n|-heal|p1a: Landorus|99/100 brn|[from] item: Leftovers\n|-damage|p1a: Landorus|94/100 brn|[from] brn\n|upkeep\n|inactive|Lashum has 120 seconds left.\n|\n|t:|1695187316\n|switch|p2a: Serpentine|Toxapex, M, shiny|100/100\n|-damage|p2a: Serpentine|88/100|[from] Stealth Rock\n|turn|12\n|\n|t:|1695187325\n|move|p1a: Landorus|Earthquake|p2a: Serpentine\n|-supereffective|p2a: Serpentine\n|-damage|p2a: Serpentine|50/100\n|move|p2a: Serpentine|Surf|p1a: Landorus\n|-supereffective|p1a: Landorus\n|-damage|p1a: Landorus|54/100 brn\n|\n|-heal|p1a: Landorus|60/100 brn|[from] item: Leftovers\n|-damage|p1a: Landorus|54/100 brn|[from] brn\n|upkeep\n|turn|13\n|\n|t:|1695187333\n|move|p1a: Landorus|U-turn|p2a: Serpentine\n|-resisted|p2a: Serpentine\n|-damage|p2a: Serpentine|45/100\n|\n|t:|1695187345\n|switch|p1a: Empoleon|Empoleon, F|90/100 brn|[from] U-turn\n|-damage|p1a: Empoleon|84/100 brn|[from] Stealth Rock\n|move|p2a: Serpentine|Toxic||[still]\n|-fail|p2a: Serpentine\n|\n|-heal|p1a: Empoleon|90/100 brn|[from] item: Leftovers\n|-damage|p1a: Empoleon|84/100 brn|[from] brn\n|upkeep\n|turn|14\n|\n|t:|1695187360\n|switch|p2a: Overgod|Kingambit, M, shiny|100/100\n|-damage|p2a: Overgod|94/100|[from] Stealth Rock\n|-activate|p2a: Overgod|ability: Supreme Overlord\n|-start|p2a: Overgod|fallen2|[silent]\n|move|p1a: Empoleon|Flip Turn|p2a: Overgod\n|-damage|p2a: Overgod|87/100\n|\n|t:|1695187364\n|switch|p1a: Walking Wake|Walking Wake|100/100|[from] Flip Turn\n|-damage|p1a: Walking Wake|88/100|[from] Stealth Rock\n|\n|upkeep\n|turn|15\n|\n|t:|1695187374\n|move|p2a: Overgod|Sucker Punch|p1a: Walking Wake\n|-damage|p1a: Walking Wake|33/100\n|move|p1a: Walking Wake|Flamethrower|p2a: Overgod\n|-supereffective|p2a: Overgod\n|-damage|p2a: Overgod|0 fnt\n|faint|p2a: Overgod\n|-end|p2a: Overgod|fallen2|[silent]\n|\n|upkeep\n|\n|t:|1695187385\n|switch|p2a: Leviathan|Dragapult, M, shiny|100/100\n|-damage|p2a: Leviathan|88/100|[from] Stealth Rock\n|turn|16\n|\n|t:|1695187391\n|-end|p1a: Walking Wake|Protosynthesis|[silent]\n|switch|p1a: Empoleon|Empoleon, F|84/100 brn\n|-damage|p1a: Empoleon|78/100 brn|[from] Stealth Rock\n|move|p2a: Leviathan|Shadow Ball|p1a: Empoleon\n|-damage|p1a: Empoleon|40/100 brn\n|\n|-heal|p1a: Empoleon|47/100 brn|[from] item: Leftovers\n|-damage|p1a: Empoleon|40/100 brn|[from] brn\n|upkeep\n|turn|17\n|\n|t:|1695187402\n|switch|p2a: Behemoth|Great Tusk, shiny|68/100\n|-damage|p2a: Behemoth|65/100|[from] Stealth Rock\n|move|p1a: Empoleon|Roost|p1a: Empoleon\n|-heal|p1a: Empoleon|91/100 brn\n|-singleturn|p1a: Empoleon|move: Roost\n|\n|-heal|p1a: Empoleon|97/100 brn|[from] item: Leftovers\n|-damage|p1a: Empoleon|91/100 brn|[from] brn\n|upkeep\n|turn|18\n|j| InvejaMata\n|\n|t:|1695187411\n|move|p2a: Behemoth|Ice Spinner|p1a: Empoleon\n|-resisted|p1a: Empoleon\n|-damage|p1a: Empoleon|81/100 brn\n|move|p1a: Empoleon|Flip Turn|p2a: Behemoth\n|-supereffective|p2a: Behemoth\n|-damage|p2a: Behemoth|51/100\n|\n|t:|1695187414\n|switch|p1a: Walking Wake|Walking Wake|33/100|[from] Flip Turn\n|-damage|p1a: Walking Wake|20/100|[from] Stealth Rock\n|\n|upkeep\n|turn|19\n|\n|t:|1695187422\n|-end|p2a: Behemoth|Protosynthesis|[silent]\n|switch|p2a: Serpentine|Toxapex, M, shiny|79/100\n|-damage|p2a: Serpentine|67/100|[from] Stealth Rock\n|move|p1a: Walking Wake|Draco Meteor|p2a: Serpentine\n|-damage|p2a: Serpentine|6/100\n|-unboost|p1a: Walking Wake|spa|2\n|\n|upkeep\n|turn|20\n|\n|t:|1695187434\n|move|p1a: Walking Wake|Draco Meteor|p2a: Serpentine|[miss]\n|-miss|p1a: Walking Wake|p2a: Serpentine\n|move|p2a: Serpentine|Recover|p2a: Serpentine\n|-heal|p2a: Serpentine|56/100\n|\n|upkeep\n|turn|21\n|\n|t:|1695187450\n|-end|p1a: Walking Wake|Protosynthesis|[silent]\n|switch|p1a: Empoleon|Empoleon, F|81/100 brn\n|-damage|p1a: Empoleon|75/100 brn|[from] Stealth Rock\n|move|p2a: Serpentine|Toxic||[still]\n|-fail|p2a: Serpentine\n|\n|-heal|p1a: Empoleon|81/100 brn|[from] item: Leftovers\n|-damage|p1a: Empoleon|75/100 brn|[from] brn\n|upkeep\n|turn|22\n|\n|t:|1695187457\n|move|p2a: Serpentine|Recover|p2a: Serpentine\n|-heal|p2a: Serpentine|100/100\n|move|p1a: Empoleon|Roar|p2a: Serpentine\n|drag|p2a: Leviathan|Dragapult, M, shiny|88/100\n|-damage|p2a: Leviathan|76/100|[from] Stealth Rock\n|\n|-heal|p1a: Empoleon|81/100 brn|[from] item: Leftovers\n|-damage|p1a: Empoleon|75/100 brn|[from] brn\n|upkeep\n|turn|23\n|\n|t:|1695187467\n|move|p2a: Leviathan|Shadow Ball|p1a: Empoleon\n|-damage|p1a: Empoleon|39/100 brn\n|move|p1a: Empoleon|Flip Turn|p2a: Leviathan\n|-resisted|p2a: Leviathan\n|-damage|p2a: Leviathan|69/100\n|\n|t:|1695187470\n|switch|p1a: Maushold|Maushold-Four|100/100|[from] Flip Turn\n|-damage|p1a: Maushold|88/100|[from] Stealth Rock\n|\n|upkeep\n|turn|24\n|\n|t:|1695187477\n|switch|p2a: Serpentine|Toxapex, M, shiny|100/100\n|-damage|p2a: Serpentine|88/100|[from] Stealth Rock\n|move|p1a: Maushold|Tidy Up|p1a: Maushold\n|-sideend|p1: NoobHereWaddup|Stealth Rock\n|-sideend|p2: Lashum|Stealth Rock\n|-activate|p1a: Maushold|move: Tidy Up\n|-boost|p1a: Maushold|atk|1\n|-boost|p1a: Maushold|spe|1\n|\n|upkeep\n|turn|25\n|\n|t:|1695187486\n|move|p1a: Maushold|Population Bomb|p2a: Serpentine\n|-damage|p2a: Serpentine|76/100\n|-damage|p2a: Serpentine|64/100\n|-damage|p2a: Serpentine|52/100\n|-damage|p2a: Serpentine|39/100\n|-damage|p2a: Serpentine|25/100\n|-damage|p2a: Serpentine|11/100\n|-crit|p2a: Serpentine\n|-damage|p2a: Serpentine|0 fnt\n|faint|p2a: Serpentine\n|-hitcount|p2: Serpentine|7\n|\n|upkeep\n|\n|t:|1695187499\n|switch|p2a: Leviathan|Dragapult, M, shiny|69/100\n|turn|26\n|\n|t:|1695187504\n|move|p1a: Maushold|Bite|p2a: Leviathan\n|-supereffective|p2a: Leviathan\n|-damage|p2a: Leviathan|0 fnt\n|faint|p2a: Leviathan\n|\n|upkeep\n|\n|t:|1695187508\n|switch|p2a: Behemoth|Great Tusk, shiny|51/100\n|turn|27\n|\n|t:|1695187512\n|move|p1a: Maushold|Population Bomb|p2a: Behemoth\n|-damage|p2a: Behemoth|38/100\n|-damage|p2a: Behemoth|25/100\n|-damage|p2a: Behemoth|14/100\n|-damage|p2a: Behemoth|2/100\n|-damage|p2a: Behemoth|0 fnt\n|faint|p2a: Behemoth\n|-end|p2a: Behemoth|Protosynthesis|[silent]\n|-hitcount|p2: Behemoth|5\n|\n|win|NoobHereWaddup\n|n|\u2606NoobHereWaddup|noobherewaddup\n|n|\u2606Lashum|lashum\n|n|*Lady Monita|ladymonita\n|n| BB-8-NU|bb8nu\n|n| InvejaMata|invejamata\n|l|*Lady Monita\n|l| BB-8-NU\n|l|\u2606Lashum\n|l| InvejaMata\n|l|\u2606NoobHereWaddup\n|j| jimdog31\n|j|\u2606NoobHereWaddup\n|player|p1|NoobHereWaddup|dawn\n", "uploadtime": 1695188027, "views": 9, "p1id": "noobherewaddup", "p2id": "lashum", "formatid": "gen9ou", "rating": 0, "private": 0, "password": ""}