{"id": "gen9ou-1947659411", "p1": "htcl", "p2": "Frubblez", "format": "gen9ou", "log": "|j|\u2606htcl\n|j|\u2606Frubblez\n|t:|1695183224\n|gametype|singles\n|player|p1|htcl|mira|1639\n|player|p2|Frubblez|marnie|1739\n|teamsize|p1|6\n|teamsize|p2|6\n|gen|9\n|tier|[Gen 9] OU\n|rated|\n|rule|Sleep Clause Mod: Limit one foe put to sleep\n|rule|Species Clause: Limit one of each Pok\u00e9mon\n|rule|OHKO Clause: OHKO moves are banned\n|rule|Evasion Items Clause: Evasion items are banned\n|rule|Evasion Moves Clause: Evasion moves are banned\n|rule|Endless Battle Clause: Forcing endless battles is banned\n|rule|HP Percentage Mod: HP is shown in percentages\n|clearpoke\n|poke|p1|Fezandipiti, M|\n|poke|p1|Ogerpon-Wellspring, F|\n|poke|p1|Gliscor, M|\n|poke|p1|Dragapult, F|\n|poke|p1|Kingambit, M|\n|poke|p1|Cinderace, F|\n|poke|p2|Sneasler, F|\n|poke|p2|Ribombee, F|\n|poke|p2|Ogerpon-Hearthflame, F|\n|poke|p2|Great Tusk|\n|poke|p2|Scizor, F|\n|poke|p2|Greninja-*, M|\n|teampreview\n|c|\u2606Frubblez|glhf\n|c|\u2606htcl|u2\n|\n|t:|1695183252\n|start\n|switch|p1a: Dragapult|Dragapult, F|100/100\n|switch|p2a: All Known Laws|Ribombee, F, shiny|100/100\n|turn|1\n|\n|t:|1695183257\n|move|p1a: Dragapult|Substitute|p1a: Dragapult\n|-start|p1a: Dragapult|Substitute\n|-damage|p1a: Dragapult|76/100\n|move|p2a: All Known Laws|Sticky Web|p1a: Dragapult\n|-sidestart|p1: htcl|move: Sticky Web\n|\n|-heal|p1a: Dragapult|82/100|[from] item: Leftovers\n|upkeep\n|turn|2\n|\n|t:|1695183262\n|move|p1a: Dragapult|Hex|p2a: All Known Laws\n|-damage|p2a: All Known Laws|53/100\n|move|p2a: All Known Laws|Moonblast|p1a: Dragapult\n|-supereffective|p1a: Dragapult\n|-end|p1a: Dragapult|Substitute\n|\n|-heal|p1a: Dragapult|88/100|[from] item: Leftovers\n|upkeep\n|turn|3\n|\n|t:|1695183269\n|switch|p1a: Cinderace|Cinderace, F|100/100\n|move|p2a: All Known Laws|Stun Spore|p1a: Cinderace|[miss]\n|-miss|p2a: All Known Laws|p1a: Cinderace\n|\n|upkeep\n|turn|4\n|\n|t:|1695183273\n|move|p2a: All Known Laws|Stun Spore|p1a: Cinderace|[miss]\n|-miss|p2a: All Known Laws|p1a: Cinderace\n|move|p1a: Cinderace|Court Change|p1a: Cinderace\n|-swapsideconditions\n|-activate|p1a: Cinderace|move: Court Change\n|\n|upkeep\n|turn|5\n|\n|t:|1695183277\n|move|p2a: All Known Laws|Sticky Web|p1a: Cinderace\n|-sidestart|p1: htcl|move: Sticky Web\n|move|p1a: Cinderace|Pyro Ball|p2a: All Known Laws\n|-supereffective|p2a: All Known Laws\n|-damage|p2a: All Known Laws|0 fnt\n|faint|p2a: All Known Laws\n|\n|upkeep\n|j| Revilo6000\n|j| wheredidyougov3\n|c|\u2606htcl|the double dodge\n|\n|t:|1695183295\n|switch|p2a: Fredrick|Great Tusk|100/100\n|-activate|p2a: Fredrick|move: Sticky Web\n|-unboost|p2a: Fredrick|spe|1\n|-enditem|p2a: Fredrick|Booster Energy\n|-activate|p2a: Fredrick|ability: Protosynthesis|[fromitem]\n|-start|p2a: Fredrick|protosynthesisatk\n|turn|6\n|\n|t:|1695183298\n|move|p1a: Cinderace|Will-O-Wisp|p2a: Fredrick\n|-status|p2a: Fredrick|brn\n|move|p2a: Fredrick|Knock Off|p1a: Cinderace\n|-crit|p1a: Cinderace\n|-damage|p1a: Cinderace|60/100\n|-enditem|p1a: Cinderace|Heavy-Duty Boots|[from] move: Knock Off|[of] p2a: Fredrick\n|\n|-damage|p2a: Fredrick|94/100 brn|[from] brn\n|upkeep\n|turn|7\n|\n|t:|1695183301\n|move|p1a: Cinderace|U-turn|p2a: Fredrick\n|-resisted|p2a: Fredrick\n|-damage|p2a: Fredrick|87/100 brn\n|\n|t:|1695183303\n|switch|p1a: Gliscor|Gliscor, M|100/100|[from] U-turn\n|move|p2a: Fredrick|Rapid Spin|p1a: Gliscor\n|-damage|p1a: Gliscor|94/100\n|-boost|p2a: Fredrick|spe|1\n|-sideend|p2: Frubblez|Sticky Web|[from] move: Rapid Spin|[of] p2a: Fredrick\n|\n|-damage|p2a: Fredrick|81/100 brn|[from] brn\n|-status|p1a: Gliscor|tox|[from] item: Toxic Orb\n|upkeep\n|turn|8\n|\n|t:|1695183307\n|move|p2a: Fredrick|Ice Spinner|p1a: Gliscor\n|-supereffective|p1a: Gliscor\n|-crit|p1a: Gliscor\n|-damage|p1a: Gliscor|31/100 tox\n|move|p1a: Gliscor|Earthquake|p2a: Fredrick\n|-damage|p2a: Fredrick|57/100 brn\n|\n|-heal|p1a: Gliscor|43/100 tox|[from] ability: Poison Heal\n|-damage|p2a: Fredrick|51/100 brn|[from] brn\n|upkeep\n|turn|9\n|\n|t:|1695183317\n|move|p1a: Gliscor|Protect|p1a: Gliscor\n|-singleturn|p1a: Gliscor|Protect\n|move|p2a: Fredrick|Ice Spinner|p1a: Gliscor\n|-activate|p1a: Gliscor|move: Protect\n|\n|-heal|p1a: Gliscor|55/100 tox|[from] ability: Poison Heal\n|-damage|p2a: Fredrick|45/100 brn|[from] brn\n|upkeep\n|turn|10\n|\n|t:|1695183321\n|move|p2a: Fredrick|Knock Off|p1a: Gliscor\n|-damage|p1a: Gliscor|41/100 tox\n|-enditem|p1a: Gliscor|Toxic Orb|[from] move: Knock Off|[of] p2a: Fredrick\n|move|p1a: Gliscor|Earthquake|p2a: Fredrick\n|-damage|p2a: Fredrick|21/100 brn\n|\n|-heal|p1a: Gliscor|54/100 tox|[from] ability: Poison Heal\n|-damage|p2a: Fredrick|15/100 brn|[from] brn\n|upkeep\n|turn|11\n|\n|t:|1695183324\n|move|p1a: Gliscor|Protect|p1a: Gliscor\n|-singleturn|p1a: Gliscor|Protect\n|move|p2a: Fredrick|Ice Spinner|p1a: Gliscor\n|-activate|p1a: Gliscor|move: Protect\n|\n|-heal|p1a: Gliscor|66/100 tox|[from] ability: Poison Heal\n|-damage|p2a: Fredrick|9/100 brn|[from] brn\n|upkeep\n|turn|12\n|\n|t:|1695183325\n|move|p2a: Fredrick|Ice Spinner|p1a: Gliscor\n|-supereffective|p1a: Gliscor\n|-damage|p1a: Gliscor|19/100 tox\n|move|p1a: Gliscor|Earthquake|p2a: Fredrick\n|-damage|p2a: Fredrick|0 fnt\n|faint|p2a: Fredrick\n|-end|p2a: Fredrick|Protosynthesis|[silent]\n|\n|-heal|p1a: Gliscor|32/100 tox|[from] ability: Poison Heal\n|upkeep\n|\n|t:|1695183332\n|switch|p2a: pog frog|Greninja, M|100/100\n|turn|13\n|\n|t:|1695183336\n|move|p1a: Gliscor|Protect|p1a: Gliscor\n|-singleturn|p1a: Gliscor|Protect\n|move|p2a: pog frog|Dark Pulse|p1a: Gliscor\n|-activate|p1a: Gliscor|move: Protect\n|\n|-heal|p1a: Gliscor|44/100 tox|[from] ability: Poison Heal\n|upkeep\n|turn|14\n|\n|t:|1695183339\n|switch|p1a: Fezandipiti|Fezandipiti, M|100/100\n|move|p2a: pog frog|Hydro Pump|p1a: Fezandipiti|[miss]\n|-miss|p2a: pog frog|p1a: Fezandipiti\n|\n|upkeep\n|turn|15\n|\n|t:|1695183343\n|switch|p2a: Munchie|Scizor, F|100/100\n|move|p1a: Fezandipiti|Heat Wave|p2a: Munchie\n|-supereffective|p2a: Munchie\n|-damage|p2a: Munchie|1/100\n|\n|upkeep\n|turn|16\n|\n|t:|1695183348\n|switch|p1a: Kingambit|Kingambit, M|100/100\n|-activate|p1a: Kingambit|move: Sticky Web\n|-unboost|p1a: Kingambit|spe|1\n|move|p2a: Munchie|Bullet Punch|p1a: Kingambit\n|-resisted|p1a: Kingambit\n|-crit|p1a: Kingambit\n|-damage|p1a: Kingambit|72/100\n|\n|upkeep\n|turn|17\n|\n|t:|1695183355\n|move|p2a: Munchie|Bullet Punch|p1a: Kingambit\n|-resisted|p1a: Kingambit\n|-damage|p1a: Kingambit|54/100\n|move|p1a: Kingambit|Sucker Punch||[still]\n|-fail|p1a: Kingambit\n|\n|upkeep\n|turn|18\n|\n|t:|1695183358\n|move|p2a: Munchie|Close Combat|p1a: Kingambit\n|-supereffective|p1a: Kingambit\n|-damage|p1a: Kingambit|0 fnt\n|-unboost|p2a: Munchie|def|1\n|-unboost|p2a: Munchie|spd|1\n|faint|p1a: Kingambit\n|-end|p1a: Kingambit|fallenundefined|[silent]\n|\n|upkeep\n|c|\u2606htcl|damn\n|c|\u2606htcl|wp\n|c|\u2606Frubblez|thank you\n|\n|t:|1695183369\n|switch|p1a: Cinderace|Cinderace, F|60/100\n|-activate|p1a: Cinderace|move: Sticky Web\n|-unboost|p1a: Cinderace|spe|1\n|turn|19\n|\n|t:|1695183373\n|move|p1a: Cinderace|Court Change|p1a: Cinderace\n|-swapsideconditions\n|-activate|p1a: Cinderace|move: Court Change\n|move|p2a: Munchie|Close Combat|p1a: Cinderace\n|-damage|p1a: Cinderace|2/100\n|-unboost|p2a: Munchie|def|1\n|-unboost|p2a: Munchie|spd|1\n|\n|upkeep\n|turn|20\n|\n|t:|1695183380\n|move|p2a: Munchie|Bullet Punch|p1a: Cinderace\n|-resisted|p1a: Cinderace\n|-damage|p1a: Cinderace|0 fnt\n|faint|p1a: Cinderace\n|\n|upkeep\n|\n|t:|1695183383\n|switch|p1a: Ogerpon|Ogerpon-Wellspring, F|100/100\n|turn|21\n|\n|t:|1695183387\n|move|p1a: Ogerpon|Ivy Cudgel|p2a: Munchie\n|-damage|p2a: Munchie|0 fnt\n|faint|p2a: Munchie\n|\n|upkeep\n|\n|t:|1695183395\n|switch|p2a: win.png|Ogerpon-Hearthflame, F|100/100\n|-activate|p2a: win.png|move: Sticky Web\n|-unboost|p2a: win.png|spe|1\n|-ability|p2a: win.png|Mold Breaker\n|turn|22\n|\n|t:|1695183401\n|move|p1a: Ogerpon|Ivy Cudgel|p2a: win.png\n|-damage|p2a: win.png|33/100\n|move|p2a: win.png|Ivy Cudgel|p1a: Ogerpon\n|-damage|p1a: Ogerpon|26/100\n|\n|upkeep\n|turn|23\n|\n|t:|1695183406\n|move|p1a: Ogerpon|Ivy Cudgel|p2a: win.png\n|-damage|p2a: win.png|0 fnt\n|faint|p2a: win.png\n|\n|upkeep\n|\n|t:|1695183407\n|switch|p2a: pog frog|Greninja, M|100/100\n|-activate|p2a: pog frog|move: Sticky Web\n|-unboost|p2a: pog frog|spe|1\n|turn|24\n|\n|t:|1695183413\n|move|p1a: Ogerpon|Horn Leech|p2a: pog frog\n|-supereffective|p2a: pog frog\n|-damage|p2a: pog frog|0 fnt\n|-heal|p1a: Ogerpon|73/100|[from] drain|[of] p2a: pog frog\n|faint|p2a: pog frog\n|\n|upkeep\n|\n|t:|1695183415\n|switch|p2a: White Claw|Sneasler, F|100/100\n|-activate|p2a: White Claw|move: Sticky Web\n|-unboost|p2a: White Claw|spe|1\n|-enditem|p2a: White Claw|White Herb\n|-clearnegativeboost|p2a: White Claw|[silent]\n|turn|25\n|\n|t:|1695183421\n|move|p2a: White Claw|Dire Claw|p1a: Ogerpon\n|-supereffective|p1a: Ogerpon\n|-crit|p1a: Ogerpon\n|-damage|p1a: Ogerpon|0 fnt\n|faint|p1a: Ogerpon\n|\n|upkeep\n|\n|t:|1695183423\n|switch|p1a: Gliscor|Gliscor, M|44/100 tox\n|turn|26\n|\n|t:|1695183425\n|-terastallize|p2a: White Claw|Dark\n|move|p1a: Gliscor|Protect|p1a: Gliscor\n|-singleturn|p1a: Gliscor|Protect\n|move|p2a: White Claw|Swords Dance|p2a: White Claw\n|-boost|p2a: White Claw|atk|2\n|\n|-heal|p1a: Gliscor|57/100 tox|[from] ability: Poison Heal\n|upkeep\n|turn|27\n|\n|t:|1695183428\n|move|p2a: White Claw|Night Slash|p1a: Gliscor\n|-damage|p1a: Gliscor|11/100 tox\n|move|p1a: Gliscor|Toxic|p2a: White Claw\n|-status|p2a: White Claw|tox\n|\n|-damage|p2a: White Claw|95/100 tox|[from] psn\n|-heal|p1a: Gliscor|24/100 tox|[from] ability: Poison Heal\n|upkeep\n|turn|28\n|\n|t:|1695183434\n|move|p1a: Gliscor|Protect|p1a: Gliscor\n|-singleturn|p1a: Gliscor|Protect\n|move|p2a: White Claw|Swords Dance|p2a: White Claw\n|-boost|p2a: White Claw|atk|2\n|\n|-damage|p2a: White Claw|83/100 tox|[from] psn\n|-heal|p1a: Gliscor|36/100 tox|[from] ability: Poison Heal\n|upkeep\n|turn|29\n|\n|t:|1695183439\n|switch|p1a: Fezandipiti|Fezandipiti, M|100/100\n|move|p2a: White Claw|Dire Claw|p1a: Fezandipiti\n|-damage|p1a: Fezandipiti|0 fnt\n|faint|p1a: Fezandipiti\n|\n|-damage|p2a: White Claw|65/100 tox|[from] psn\n|upkeep\n|\n|t:|1695183441\n|switch|p1a: Dragapult|Dragapult, F|88/100\n|turn|30\n|\n|t:|1695183443\n|move|p2a: White Claw|Night Slash|p1a: Dragapult\n|-supereffective|p1a: Dragapult\n|-damage|p1a: Dragapult|0 fnt\n|faint|p1a: Dragapult\n|\n|-damage|p2a: White Claw|41/100 tox|[from] psn\n|upkeep\n|\n|t:|1695183445\n|switch|p1a: Gliscor|Gliscor, M|36/100 tox\n|turn|31\n|\n|t:|1695183447\n|move|p1a: Gliscor|Protect|p1a: Gliscor\n|-singleturn|p1a: Gliscor|Protect\n|move|p2a: White Claw|Night Slash|p1a: Gliscor\n|-activate|p1a: Gliscor|move: Protect\n|\n|-damage|p2a: White Claw|11/100 tox|[from] psn\n|-heal|p1a: Gliscor|49/100 tox|[from] ability: Poison Heal\n|upkeep\n|turn|32\n|\n|t:|1695183450\n|move|p1a: Gliscor|Protect||[still]\n|-fail|p1a: Gliscor\n|move|p2a: White Claw|Night Slash|p1a: Gliscor\n|-damage|p1a: Gliscor|0 fnt\n|faint|p1a: Gliscor\n|\n|win|Frubblez\n|raw|htcl's rating: 1639 &rarr; <strong>1625</strong><br />(-14 for losing)\n|raw|Frubblez's rating: 1739 &rarr; <strong>1753</strong><br />(+14 for winning)\n|c|\u2606Frubblez|gg\n|c|\u2606htcl|gg\n|l|\u2606htcl\n", "uploadtime": 1695183469, "views": 7, "p1id": "htcl", "p2id": "frubblez", "formatid": "gen9ou", "rating": 1625, "private": 0, "password": ""}