{"id": "gen9ou-1947561513", "p1": "ItadoriYujl", "p2": "mc rapper 3", "format": "gen9ou", "log": "|j|\u2606ItadoriYujl\n|j|\u2606mc rapper 3\n|t:|1695172733\n|gametype|singles\n|player|p1|ItadoriYujl|ghetsis|\n|player|p2|mc rapper 3|az|\n|teamsize|p1|6\n|teamsize|p2|6\n|gen|9\n|tier|[Gen 9] OU\n|rule|Sleep Clause Mod: Limit one foe put to sleep\n|rule|Species Clause: Limit one of each Pok\u00e9mon\n|rule|OHKO Clause: OHKO moves are banned\n|rule|Evasion Items Clause: Evasion items are banned\n|rule|Evasion Moves Clause: Evasion moves are banned\n|rule|Endless Battle Clause: Forcing endless battles is banned\n|rule|HP Percentage Mod: HP is shown in percentages\n|clearpoke\n|poke|p1|Dragapult, F|\n|poke|p1|Chansey, F|\n|poke|p1|Iron Valiant|\n|poke|p1|Munkidori, M|\n|poke|p1|Kleavor, F|\n|poke|p1|Ogerpon-Cornerstone, F|\n|poke|p2|Torkoal, F|\n|poke|p2|Ogerpon-Hearthflame, F|\n|poke|p2|Roaring Moon|\n|poke|p2|Walking Wake|\n|poke|p2|Hatterene, F|\n|poke|p2|Iron Moth|\n|teampreview\n|inactive|Battle timer is ON: inactive players will automatically lose when time's up. (requested by mc rapper 3)\n|\n|t:|1695172740\n|start\n|switch|p1a: Munkidori|Munkidori, M|100/100\n|switch|p2a: Roaring Moon|Roaring Moon|100/100\n|turn|1\n|\n|t:|1695172745\n|move|p2a: Roaring Moon|Knock Off|p1a: Munkidori\n|-supereffective|p1a: Munkidori\n|-damage|p1a: Munkidori|0 fnt\n|-enditem|p1a: Munkidori|Flame Orb|[from] move: Knock Off|[of] p2a: Roaring Moon\n|faint|p1a: Munkidori\n|\n|upkeep\n|\n|t:|1695172763\n|switch|p1a: Ogerpon|Ogerpon-Cornerstone, F, shiny|100/100\n|turn|2\n|inactive|mc rapper 3 has 270 seconds left.\n|\n|t:|1695172807\n|move|p2a: Roaring Moon|Knock Off|p1a: Ogerpon\n|-damage|p1a: Ogerpon|57/100\n|move|p1a: Ogerpon|U-turn|p2a: Roaring Moon\n|-supereffective|p2a: Roaring Moon\n|-damage|p2a: Roaring Moon|33/100\n|\n|t:|1695172816\n|switch|p1a: Dragapult|Dragapult, F, shiny|100/100|[from] U-turn\n|\n|upkeep\n|turn|3\n|inactive|mc rapper 3 has 270 seconds left.\n|\n|t:|1695172845\n|move|p2a: Roaring Moon|Knock Off|p1a: Dragapult\n|-supereffective|p1a: Dragapult\n|-damage|p1a: Dragapult|0 fnt\n|-enditem|p1a: Dragapult|Sitrus Berry|[from] move: Knock Off|[of] p2a: Roaring Moon\n|faint|p1a: Dragapult\n|\n|upkeep\n|c|\u2606ItadoriYujl|\ud83d\ude2d\ud83d\udd4a\ufe0f\n|\n|t:|1695172861\n|switch|p1a: Ogerpon|Ogerpon-Cornerstone, F, shiny|57/100\n|turn|4\n|\n|t:|1695172873\n|-end|p2a: Roaring Moon|Protosynthesis|[silent]\n|switch|p2a: Torkoal|Torkoal, F|100/100\n|-weather|SunnyDay|[from] ability: Drought|[of] p2a: Torkoal\n|move|p1a: Ogerpon|Horn Leech|p2a: Torkoal\n|-resisted|p2a: Torkoal\n|-crit|p2a: Torkoal\n|-damage|p2a: Torkoal|80/100\n|-heal|p1a: Ogerpon|69/100|[from] drain|[of] p2a: Torkoal\n|\n|-weather|SunnyDay|[upkeep]\n|upkeep\n|turn|5\n|\n|t:|1695172887\n|-terastallize|p1a: Ogerpon|Rock\n|detailschange|p1a: Ogerpon|Ogerpon-Cornerstone-Tera, F, shiny, tera:Rock\n|-ability|p1a: Ogerpon|Embody Aspect (Cornerstone)|boost\n|-boost|p1a: Ogerpon|def|1\n|move|p1a: Ogerpon|Ivy Cudgel|p2a: Torkoal\n|-supereffective|p2a: Torkoal\n|-crit|p2a: Torkoal\n|-damage|p2a: Torkoal|0 fnt\n|faint|p2a: Torkoal\n|\n|-weather|SunnyDay|[upkeep]\n|upkeep\n|\n|t:|1695172892\n|switch|p2a: Iron Moth|Iron Moth|100/100\n|-enditem|p2a: Iron Moth|Booster Energy\n|-activate|p2a: Iron Moth|ability: Quark Drive|[fromitem]\n|-start|p2a: Iron Moth|quarkdrivespe\n|turn|6\n|c|\u2606ItadoriYujl|Hax lore\n|\n|t:|1695172905\n|move|p2a: Iron Moth|Energy Ball|p1a: Ogerpon\n|-supereffective|p1a: Ogerpon\n|-damage|p1a: Ogerpon|0 fnt\n|faint|p1a: Ogerpon\n|\n|-weather|SunnyDay|[upkeep]\n|upkeep\n|\n|t:|1695172910\n|switch|p1a: Chansey|Chansey, F|100/100\n|turn|7\n|inactive|mc rapper 3 has 270 seconds left.\n|\n|t:|1695172922\n|-end|p2a: Iron Moth|Quark Drive|[silent]\n|switch|p2a: Roaring Moon|Roaring Moon|33/100\n|-activate|p2a: Roaring Moon|ability: Protosynthesis\n|-start|p2a: Roaring Moon|protosynthesisatk\n|move|p1a: Chansey|Thunder Wave|p2a: Roaring Moon\n|-status|p2a: Roaring Moon|par\n|\n|-weather|SunnyDay|[upkeep]\n|upkeep\n|turn|8\n|\n|t:|1695172929\n|cant|p2a: Roaring Moon|par\n|move|p1a: Chansey|Seismic Toss|p2a: Roaring Moon\n|-damage|p2a: Roaring Moon|5/100 par\n|\n|-weather|SunnyDay|[upkeep]\n|upkeep\n|turn|9\n|c|\u2606ItadoriYujl|Lore\n|\n|t:|1695172940\n|move|p1a: Chansey|Protect|p1a: Chansey\n|-singleturn|p1a: Chansey|Protect\n|move|p2a: Roaring Moon|U-turn|p1a: Chansey\n|-activate|p1a: Chansey|move: Protect\n|\n|-weather|SunnyDay|[upkeep]\n|upkeep\n|turn|10\n|\n|t:|1695172949\n|cant|p2a: Roaring Moon|par\n|move|p1a: Chansey|Seismic Toss|p2a: Roaring Moon\n|-damage|p2a: Roaring Moon|0 fnt\n|faint|p2a: Roaring Moon\n|-end|p2a: Roaring Moon|Protosynthesis|[silent]\n|\n|-weather|SunnyDay|[upkeep]\n|upkeep\n|\n|t:|1695172959\n|switch|p2a: Ogerpon|Ogerpon-Hearthflame, F|100/100\n|-ability|p2a: Ogerpon|Mold Breaker\n|turn|11\n|c|\u2606ItadoriYujl|EU PREVEJO SEUS ATAQUES DOG MAU\n|\n|t:|1695172964\n|move|p2a: Ogerpon|Trailblaze|p1a: Chansey\n|-damage|p1a: Chansey|82/100\n|-boost|p2a: Ogerpon|spe|1\n|move|p1a: Chansey|Thunder Wave|p2a: Ogerpon\n|-status|p2a: Ogerpon|par\n|\n|-weather|none\n|upkeep\n|turn|12\n|\n|t:|1695172970\n|switch|p1a: Iron Valiant|Iron Valiant, shiny|100/100\n|move|p2a: Ogerpon|Trailblaze|p1a: Iron Valiant\n|-damage|p1a: Iron Valiant|59/100\n|-boost|p2a: Ogerpon|spe|1\n|\n|upkeep\n|turn|13\n|\n|t:|1695172977\n|-terastallize|p2a: Ogerpon|Fire\n|detailschange|p2a: Ogerpon|Ogerpon-Hearthflame-Tera, F, tera:Fire\n|-ability|p2a: Ogerpon|Embody Aspect (Hearthflame)|boost\n|-boost|p2a: Ogerpon|atk|1\n|move|p1a: Iron Valiant|Calm Mind|p1a: Iron Valiant\n|-boost|p1a: Iron Valiant|spa|1\n|-boost|p1a: Iron Valiant|spd|1\n|cant|p2a: Ogerpon|par\n|\n|upkeep\n|turn|14\n|c|\u2606ItadoriYujl|ROAAAAAAR\n|\n|t:|1695172993\n|move|p1a: Iron Valiant|Moonblast|p2a: Ogerpon\n|-resisted|p2a: Ogerpon\n|-damage|p2a: Ogerpon|62/100 par\n|cant|p2a: Ogerpon|par\n|\n|upkeep\n|turn|15\n|\n|t:|1695172999\n|move|p1a: Iron Valiant|Aura Sphere|p2a: Ogerpon\n|-damage|p2a: Ogerpon|0 fnt\n|faint|p2a: Ogerpon\n|\n|upkeep\n|c|\u2606ItadoriYujl|Deus me deu uma segunda chance\n|\n|t:|1695173010\n|switch|p2a: Iron Moth|Iron Moth|100/100\n|turn|16\n|\n|t:|1695173021\n|move|p1a: Iron Valiant|Thunderbolt|p2a: Iron Moth\n|-crit|p2a: Iron Moth\n|-damage|p2a: Iron Moth|32/100\n|move|p2a: Iron Moth|Sludge Wave|p1a: Iron Valiant\n|-supereffective|p1a: Iron Valiant\n|-damage|p1a: Iron Valiant|0 fnt\n|faint|p1a: Iron Valiant\n|-end|p1a: Iron Valiant|Quark Drive|[silent]\n|\n|upkeep\n|\n|t:|1695173028\n|switch|p1a: Chansey|Chansey, F|82/100\n|turn|17\n|c|\u2606ItadoriYujl|Coe...\n|\n|t:|1695173034\n|-end|p2a: Iron Moth|Quark Drive|[silent]\n|switch|p2a: Hatterene|Hatterene, F|100/100\n|move|p1a: Chansey|Thunder Wave|p2a: Hatterene\n|move|p2a: Hatterene|Thunder Wave|p1a: Chansey|[from]ability: Magic Bounce\n|-status|p1a: Chansey|par\n|\n|upkeep\n|turn|18\n|c|\u2606ItadoriYujl|Aff\n|\n|t:|1695173044\n|-curestatus|p1a: Chansey|par|[from] ability: Natural Cure\n|switch|p1a: Kleavor|Kleavor, F|100/100\n|move|p2a: Hatterene|Nuzzle|p1a: Kleavor\n|-damage|p1a: Kleavor|94/100\n|-status|p1a: Kleavor|par\n|\n|upkeep\n|turn|19\n|\n|t:|1695173058\n|move|p1a: Kleavor|Stone Axe|p2a: Hatterene\n|-damage|p2a: Hatterene|16/100\n|-sidestart|p2: mc rapper 3|move: Stealth Rock\n|-enditem|p2a: Hatterene|Eject Button\n|\n|t:|1695173074\n|switch|p2a: Walking Wake|Walking Wake|100/100\n|-damage|p2a: Walking Wake|88/100|[from] Stealth Rock\n|\n|upkeep\n|turn|20\n|\n|t:|1695173080\n|switch|p1a: Chansey|Chansey, F|82/100\n|move|p2a: Walking Wake|Flip Turn|p1a: Chansey\n|-damage|p1a: Chansey|72/100\n|\n|t:|1695173085\n|-end|p2a: Walking Wake|Protosynthesis|[silent]\n|switch|p2a: Hatterene|Hatterene, F|16/100|[from] Flip Turn\n|-damage|p2a: Hatterene|3/100|[from] Stealth Rock\n|\n|upkeep\n|turn|21\n|\n|t:|1695173091\n|move|p1a: Chansey|Seismic Toss|p2a: Hatterene\n|-damage|p2a: Hatterene|0 fnt\n|faint|p2a: Hatterene\n|\n|upkeep\n|\n|t:|1695173095\n|switch|p2a: Iron Moth|Iron Moth|32/100\n|-damage|p2a: Iron Moth|7/100|[from] Stealth Rock\n|turn|22\n|\n|t:|1695173099\n|move|p2a: Iron Moth|Sludge Wave|p1a: Chansey\n|-damage|p1a: Chansey|58/100\n|move|p1a: Chansey|Seismic Toss|p2a: Iron Moth\n|-damage|p2a: Iron Moth|0 fnt\n|faint|p2a: Iron Moth\n|-end|p2a: Iron Moth|Quark Drive|[silent]\n|\n|upkeep\n|\n|t:|1695173102\n|switch|p2a: Walking Wake|Walking Wake|88/100\n|-damage|p2a: Walking Wake|76/100|[from] Stealth Rock\n|turn|23\n|\n|t:|1695173109\n|move|p2a: Walking Wake|Flamethrower|p1a: Chansey\n|-damage|p1a: Chansey|43/100\n|-status|p1a: Chansey|brn\n|move|p1a: Chansey|Thunder Wave|p2a: Walking Wake\n|-status|p2a: Walking Wake|par\n|\n|-damage|p1a: Chansey|37/100 brn|[from] brn\n|upkeep\n|turn|24\n|\n|t:|1695173115\n|move|p2a: Walking Wake|Flamethrower|p1a: Chansey\n|-damage|p1a: Chansey|24/100 brn\n|move|p1a: Chansey|Soft-Boiled|p1a: Chansey\n|-heal|p1a: Chansey|74/100 brn\n|\n|-damage|p1a: Chansey|68/100 brn|[from] brn\n|upkeep\n|turn|25\n|\n|t:|1695173121\n|cant|p2a: Walking Wake|par\n|move|p1a: Chansey|Seismic Toss|p2a: Walking Wake\n|-damage|p2a: Walking Wake|46/100 par\n|\n|-damage|p1a: Chansey|62/100 brn|[from] brn\n|upkeep\n|turn|26\n|\n|t:|1695173124\n|move|p2a: Walking Wake|Flamethrower|p1a: Chansey\n|-damage|p1a: Chansey|47/100 brn\n|move|p1a: Chansey|Seismic Toss|p2a: Walking Wake\n|-damage|p2a: Walking Wake|17/100 par\n|\n|-damage|p1a: Chansey|41/100 brn|[from] brn\n|upkeep\n|turn|27\n|c|\u2606ItadoriYujl|SOLADO PELA CHANSEY\n|\n|t:|1695173132\n|move|p2a: Walking Wake|Flamethrower|p1a: Chansey\n|-damage|p1a: Chansey|26/100 brn\n|move|p1a: Chansey|Seismic Toss|p2a: Walking Wake\n|-damage|p2a: Walking Wake|0 fnt\n|faint|p2a: Walking Wake\n|-end|p2a: Walking Wake|Protosynthesis|[silent]\n|\n|win|ItadoriYujl\n|l|\u2606mc rapper 3\n", "uploadtime": 1695173144, "views": 8, "p1id": "itadoriyujl", "p2id": "mcrapper3", "formatid": "gen9ou", "rating": 0, "private": 0, "password": ""}