{"id": "gen9ou-1947593835", "p1": "Zellyman", "p2": "aelthzi", "format": "gen9ou", "log": "|j|\u2606Zellyman\n|j|\u2606aelthzi\n|t:|1695175927\n|gametype|singles\n|player|p1|Zellyman|preschooler|1436\n|player|p2|aelthzi|266|1399\n|teamsize|p1|6\n|teamsize|p2|6\n|gen|9\n|tier|[Gen 9] OU\n|rated|\n|rule|Sleep Clause Mod: Limit one foe put to sleep\n|rule|Species Clause: Limit one of each Pok\u00e9mon\n|rule|OHKO Clause: OHKO moves are banned\n|rule|Evasion Items Clause: Evasion items are banned\n|rule|Evasion Moves Clause: Evasion moves are banned\n|rule|Endless Battle Clause: Forcing endless battles is banned\n|rule|HP Percentage Mod: HP is shown in percentages\n|clearpoke\n|poke|p1|Conkeldurr, F|\n|poke|p1|Cresselia, F|\n|poke|p1|Hatterene, F|\n|poke|p1|Ursaluna-Bloodmoon, M|\n|poke|p1|Samurott-Hisui, F|\n|poke|p1|Ogerpon-Hearthflame, F|\n|poke|p2|Ogerpon-Wellspring, F|\n|poke|p2|Gholdengo|\n|poke|p2|Kingambit, M|\n|poke|p2|Glimmora, M|\n|poke|p2|Iron Moth|\n|poke|p2|Iron Valiant|\n|teampreview\n|\n|t:|1695175937\n|start\n|switch|p1a: Ursaluna|Ursaluna-Bloodmoon, M|100/100\n|switch|p2a: Glimmora|Glimmora, M|100/100\n|turn|1\n|\n|t:|1695175943\n|move|p2a: Glimmora|Energy Ball|p1a: Ursaluna\n|-supereffective|p1a: Ursaluna\n|-damage|p1a: Ursaluna|33/100\n|move|p1a: Ursaluna|Earth Power|p2a: Glimmora\n|-supereffective|p2a: Glimmora\n|-enditem|p2a: Glimmora|Focus Sash\n|-damage|p2a: Glimmora|1/100\n|\n|upkeep\n|turn|2\n|\n|t:|1695175950\n|switch|p1a: Cresselia|Cresselia, F|100/100\n|move|p2a: Glimmora|Energy Ball|p1a: Cresselia\n|-damage|p1a: Cresselia|86/100\n|\n|upkeep\n|turn|3\n|\n|t:|1695175955\n|move|p2a: Glimmora|Sludge Bomb|p1a: Cresselia\n|-damage|p1a: Cresselia|65/100\n|move|p1a: Cresselia|Moonblast|p2a: Glimmora\n|-resisted|p2a: Glimmora\n|-damage|p2a: Glimmora|0 fnt\n|faint|p2a: Glimmora\n|\n|upkeep\n|\n|t:|1695175978\n|switch|p2a: Gholdengo|Gholdengo|100/100\n|-item|p2a: Gholdengo|Air Balloon\n|turn|4\n|\n|t:|1695175980\n|move|p2a: Gholdengo|Nasty Plot|p2a: Gholdengo\n|-boost|p2a: Gholdengo|spa|2\n|move|p1a: Cresselia|Trick Room|p1a: Cresselia\n|-fieldstart|move: Trick Room|[of] p1a: Cresselia\n|\n|upkeep\n|turn|5\n|\n|t:|1695175985\n|move|p1a: Cresselia|Lunar Dance|p1a: Cresselia\n|faint|p1a: Cresselia\n|move|p2a: Gholdengo|Shadow Ball|p1: Cresselia|[notarget]\n|-fail|p2a: Gholdengo\n|\n|upkeep\n|\n|t:|1695175997\n|switch|p1a: Conkeldurr|Conkeldurr, F|100/100\n|turn|6\n|c|\u2606Zellyman|Die die die\n|c|\u2606Zellyman|Dieee\n|c|\u2606Zellyman|Pls die\n|c|\u2606Zellyman|Thx\n|\n|t:|1695176062\n|move|p1a: Conkeldurr|Knock Off|p2a: Gholdengo\n|-supereffective|p2a: Gholdengo\n|-damage|p2a: Gholdengo|33/100\n|-enditem|p2a: Gholdengo|Air Balloon\n|move|p2a: Gholdengo|Make It Rain|p1a: Conkeldurr\n|-damage|p1a: Conkeldurr|0 fnt\n|-unboost|p2a: Gholdengo|spa|1\n|faint|p1a: Conkeldurr\n|\n|upkeep\n|inactive|Battle timer is ON: inactive players will automatically lose when time's up. (requested by aelthzi)\n|j|@Mathy\n|l|@Mathy\n|\n|t:|1695176103\n|switch|p1a: Ursaluna|Ursaluna-Bloodmoon, M|33/100\n|-heal|p1a: Ursaluna|100/100|[from] move: Lunar Dance\n|turn|7\n|\n|t:|1695176120\n|move|p1a: Ursaluna|Earth Power|p2a: Gholdengo\n|-supereffective|p2a: Gholdengo\n|-damage|p2a: Gholdengo|0 fnt\n|faint|p2a: Gholdengo\n|\n|upkeep\n|c|\u2606Zellyman|No way u called a mod for that\n|c|\u2606Zellyman|Mans really wilding\n|c|\u2606Zellyman|\ud83d\udc80\ud83d\udc80\ud83d\udc80\n|inactive|aelthzi has 120 seconds left.\n|c|\u2606Zellyman|Karen behavior\n|\n|t:|1695176159\n|switch|p2a: Kingambit|Kingambit, M|100/100\n|-activate|p2a: Kingambit|ability: Supreme Overlord\n|-start|p2a: Kingambit|fallen2|[silent]\n|turn|8\n|\n|t:|1695176164\n|-end|p2a: Kingambit|fallen2|[silent]\n|switch|p2a: Iron Valiant|Iron Valiant|100/100\n|-enditem|p2a: Iron Valiant|Booster Energy\n|-activate|p2a: Iron Valiant|ability: Quark Drive|[fromitem]\n|-start|p2a: Iron Valiant|quarkdrivespe\n|move|p1a: Ursaluna|Earth Power|p2a: Iron Valiant\n|-crit|p2a: Iron Valiant\n|-damage|p2a: Iron Valiant|0 fnt\n|faint|p2a: Iron Valiant\n|-end|p2a: Iron Valiant|Quark Drive|[silent]\n|\n|-fieldend|move: Trick Room\n|upkeep\n|\n|t:|1695176192\n|switch|p2a: Iron Moth|Iron Moth|100/100\n|-enditem|p2a: Iron Moth|Booster Energy\n|-activate|p2a: Iron Moth|ability: Quark Drive|[fromitem]\n|-start|p2a: Iron Moth|quarkdrivespe\n|turn|9\n|\n|t:|1695176198\n|move|p2a: Iron Moth|Substitute|p2a: Iron Moth\n|-start|p2a: Iron Moth|Substitute\n|-damage|p2a: Iron Moth|76/100\n|move|p1a: Ursaluna|Earth Power|p2a: Iron Moth\n|-supereffective|p2a: Iron Moth\n|-end|p2a: Iron Moth|Substitute\n|\n|upkeep\n|turn|10\n|\n|t:|1695176202\n|move|p2a: Iron Moth|Fiery Dance|p1a: Ursaluna\n|-damage|p1a: Ursaluna|56/100\n|move|p1a: Ursaluna|Earth Power|p2a: Iron Moth\n|-supereffective|p2a: Iron Moth\n|-damage|p2a: Iron Moth|0 fnt\n|faint|p2a: Iron Moth\n|-end|p2a: Iron Moth|Quark Drive|[silent]\n|\n|upkeep\n|\n|t:|1695176207\n|switch|p2a: Ogerpon|Ogerpon-Wellspring, F|100/100\n|turn|11\n|inactive|aelthzi has 120 seconds left.\n|\n|t:|1695176223\n|switch|p1a: Hatterene|Hatterene, F|100/100\n|-terastallize|p2a: Ogerpon|Water\n|detailschange|p2a: Ogerpon|Ogerpon-Wellspring-Tera, F, tera:Water\n|-ability|p2a: Ogerpon|Embody Aspect (Wellspring)|boost\n|-boost|p2a: Ogerpon|spd|1\n|move|p2a: Ogerpon|Swords Dance|p2a: Ogerpon\n|-boost|p2a: Ogerpon|atk|2\n|\n|upkeep\n|turn|12\n|\n|t:|1695176232\n|move|p2a: Ogerpon|Ivy Cudgel|p1a: Hatterene\n|-enditem|p1a: Hatterene|Focus Sash\n|-damage|p1a: Hatterene|1/100\n|move|p1a: Hatterene|Nuzzle|p2a: Ogerpon\n|-supereffective|p2a: Ogerpon\n|-crit|p2a: Ogerpon\n|-damage|p2a: Ogerpon|83/100\n|-status|p2a: Ogerpon|par\n|\n|upkeep\n|turn|13\n|\n|t:|1695176261\n|move|p2a: Ogerpon|Ivy Cudgel|p1a: Hatterene\n|-damage|p1a: Hatterene|0 fnt\n|faint|p1a: Hatterene\n|\n|upkeep\n|\n|t:|1695176264\n|switch|p1a: Ogerpon|Ogerpon-Hearthflame, F|100/100\n|-ability|p1a: Ogerpon|Mold Breaker\n|turn|14\n|\n|t:|1695176272\n|move|p1a: Ogerpon|Horn Leech|p2a: Ogerpon\n|-supereffective|p2a: Ogerpon\n|-damage|p2a: Ogerpon|0 fnt\n|faint|p2a: Ogerpon\n|\n|upkeep\n|\n|t:|1695176275\n|switch|p2a: Kingambit|Kingambit, M|100/100\n|-activate|p2a: Kingambit|ability: Supreme Overlord\n|-start|p2a: Kingambit|fallen5|[silent]\n|turn|15\n|\n|t:|1695176279\n|-terastallize|p1a: Ogerpon|Fire\n|detailschange|p1a: Ogerpon|Ogerpon-Hearthflame-Tera, F, tera:Fire\n|-ability|p1a: Ogerpon|Embody Aspect (Hearthflame)|boost\n|-boost|p1a: Ogerpon|atk|1\n|move|p2a: Kingambit|Sucker Punch|p1a: Ogerpon\n|-damage|p1a: Ogerpon|11/100\n|move|p1a: Ogerpon|Ivy Cudgel|p2a: Kingambit\n|-supereffective|p2a: Kingambit\n|-crit|p2a: Kingambit\n|-damage|p2a: Kingambit|0 fnt\n|faint|p2a: Kingambit\n|-end|p2a: Kingambit|fallen5|[silent]\n|\n|win|Zellyman\n|raw|Zellyman's rating: 1436 &rarr; <strong>1454</strong><br />(+18 for winning)\n|raw|aelthzi's rating: 1399 &rarr; <strong>1381</strong><br />(-18 for losing)\n", "uploadtime": 1695176023, "views": 1, "p1id": "zellyman", "p2id": "aelthzi", "formatid": "gen9ou", "rating": 1381, "private": 0, "password": ""}