{"id": "gen9ou-1947608355", "p1": "Luiscbc", "p2": "awiueghfkb", "format": "gen9ou", "log": "|j|\u2606Luiscbc\n|j|\u2606awiueghfkb\n|t:|1695177415\n|gametype|singles\n|player|p1|Luiscbc|volkner|1095\n|player|p2|awiueghfkb|hooligans|1140\n|teamsize|p1|6\n|teamsize|p2|6\n|gen|9\n|tier|[Gen 9] OU\n|rated|\n|rule|Sleep Clause Mod: Limit one foe put to sleep\n|rule|Species Clause: Limit one of each Pok\u00e9mon\n|rule|OHKO Clause: OHKO moves are banned\n|rule|Evasion Items Clause: Evasion items are banned\n|rule|Evasion Moves Clause: Evasion moves are banned\n|rule|Endless Battle Clause: Forcing endless battles is banned\n|rule|HP Percentage Mod: HP is shown in percentages\n|clearpoke\n|poke|p1|Zamazenta-*|\n|poke|p1|Arcanine, F|\n|poke|p1|Lucario, M|\n|poke|p1|Lycanroc-Dusk, M|\n|poke|p1|Mabosstiff, F|\n|poke|p1|Okidogi, M|\n|poke|p2|Ninetales-Alola, M|\n|poke|p2|Torterra, M|\n|poke|p2|Ogerpon-Hearthflame, F|\n|poke|p2|Scizor, M|\n|poke|p2|Furret, F|\n|poke|p2|Kingambit, F|\n|teampreview\n|inactive|Battle timer is ON: inactive players will automatically lose when time's up. (requested by Luiscbc)\n|\n|t:|1695177428\n|start\n|switch|p1a: hachiko|Lycanroc-Dusk, M|100/100\n|switch|p2a: not virgin|Scizor, M|100/100\n|turn|1\n|\n|t:|1695177435\n|move|p1a: hachiko|Stealth Rock|p2a: not virgin\n|-sidestart|p2: awiueghfkb|move: Stealth Rock\n|move|p2a: not virgin|U-turn|p1a: hachiko\n|-damage|p1a: hachiko|7/100\n|\n|t:|1695177444\n|switch|p2a: WIN CON|Furret, F|100/100|[from] U-turn\n|-damage|p2a: WIN CON|88/100|[from] Stealth Rock\n|-item|p1a: hachiko|Focus Sash|[from] ability: Frisk|[of] p2a: WIN CON|[identify]\n|\n|-status|p2a: WIN CON|brn|[from] item: Flame Orb\n|upkeep\n|turn|2\n|\n|t:|1695177464\n|move|p1a: hachiko|Endeavor|p2a: WIN CON\n|-damage|p2a: WIN CON|6/100 brn\n|move|p2a: WIN CON|Tidy Up|p2a: WIN CON\n|-sideend|p2: awiueghfkb|Stealth Rock\n|-activate|p2a: WIN CON|move: Tidy Up\n|-boost|p2a: WIN CON|atk|1\n|-boost|p2a: WIN CON|spe|1\n|\n|-damage|p2a: WIN CON|0 fnt|[from] brn\n|faint|p2a: WIN CON\n|upkeep\n|\n|t:|1695177469\n|switch|p2a: not virgin|Scizor, M|100/100\n|turn|3\n|\n|t:|1695177478\n|switch|p1a: Clifford|Arcanine, F|100/100\n|-ability|p1a: Clifford|Intimidate|boost\n|-unboost|p2a: not virgin|atk|1\n|move|p2a: not virgin|Bullet Punch|p1a: Clifford\n|-resisted|p1a: Clifford\n|-damage|p1a: Clifford|76/100\n|\n|upkeep\n|turn|4\n|\n|t:|1695177490\n|switch|p2a: winners pov|Ninetales-Alola, M|100/100\n|-weather|Snow|[from] ability: Snow Warning|[of] p2a: winners pov\n|move|p1a: Clifford|Overheat|p2a: winners pov\n|-supereffective|p2a: winners pov\n|-damage|p2a: winners pov|0 fnt\n|-unboost|p1a: Clifford|spa|2\n|faint|p2a: winners pov\n|\n|-weather|Snow|[upkeep]\n|upkeep\n|\n|t:|1695177493\n|switch|p2a: tor on my terra|Torterra, M|100/100\n|turn|5\n|\n|t:|1695177518\n|-terastallize|p2a: tor on my terra|Rock\n|move|p1a: Clifford|Will-O-Wisp|p2a: tor on my terra\n|-status|p2a: tor on my terra|brn\n|move|p2a: tor on my terra|Shell Smash|p2a: tor on my terra\n|-unboost|p2a: tor on my terra|def|1\n|-unboost|p2a: tor on my terra|spd|1\n|-boost|p2a: tor on my terra|atk|2\n|-boost|p2a: tor on my terra|spa|2\n|-boost|p2a: tor on my terra|spe|2\n|\n|-weather|Snow|[upkeep]\n|-damage|p2a: tor on my terra|94/100 brn|[from] brn\n|upkeep\n|turn|6\n|inactive|Luiscbc has 120 seconds left.\n|\n|t:|1695177544\n|switch|p1a: memecoin|Okidogi, M|100/100\n|move|p2a: tor on my terra|Rock Blast|p1a: memecoin\n|-resisted|p1a: memecoin\n|-damage|p1a: memecoin|95/100\n|-resisted|p1a: memecoin\n|-damage|p1a: memecoin|91/100\n|-resisted|p1a: memecoin\n|-damage|p1a: memecoin|86/100\n|-resisted|p1a: memecoin\n|-damage|p1a: memecoin|81/100\n|-hitcount|p1a: memecoin|4\n|\n|-weather|Snow|[upkeep]\n|-damage|p2a: tor on my terra|88/100 brn|[from] brn\n|upkeep\n|turn|7\n|inactive|Luiscbc has 120 seconds left.\n|\n|t:|1695177561\n|move|p2a: tor on my terra|Earthquake|p1a: memecoin\n|-supereffective|p1a: memecoin\n|-damage|p1a: memecoin|0 fnt\n|faint|p1a: memecoin\n|\n|-weather|Snow|[upkeep]\n|-damage|p2a: tor on my terra|82/100 brn|[from] brn\n|upkeep\n|\n|t:|1695177576\n|switch|p1a: Balto|Zamazenta|100/100\n|-ability|p1a: Balto|Dauntless Shield|boost\n|-boost|p1a: Balto|def|1\n|turn|8\n|\n|t:|1695177583\n|move|p2a: tor on my terra|Bullet Seed|p1a: Balto\n|-crit|p1a: Balto\n|-damage|p1a: Balto|88/100\n|-damage|p1a: Balto|83/100\n|-damage|p1a: Balto|78/100\n|-damage|p1a: Balto|72/100\n|-damage|p1a: Balto|66/100\n|-hitcount|p1a: Balto|5\n|move|p1a: Balto|Iron Defense|p1a: Balto\n|-boost|p1a: Balto|def|2\n|\n|-weather|none\n|-heal|p1a: Balto|73/100|[from] item: Leftovers\n|-damage|p2a: tor on my terra|76/100 brn|[from] brn\n|upkeep\n|turn|9\n|\n|t:|1695177598\n|move|p2a: tor on my terra|Bullet Seed|p1a: Balto\n|-damage|p1a: Balto|70/100\n|-damage|p1a: Balto|66/100\n|-damage|p1a: Balto|63/100\n|-damage|p1a: Balto|60/100\n|-damage|p1a: Balto|57/100\n|-hitcount|p1a: Balto|5\n|move|p1a: Balto|Body Press|p2a: tor on my terra\n|-supereffective|p2a: tor on my terra\n|-damage|p2a: tor on my terra|0 fnt\n|faint|p2a: tor on my terra\n|\n|-heal|p1a: Balto|63/100|[from] item: Leftovers\n|upkeep\n|\n|t:|1695177603\n|switch|p2a: GOAT|Ogerpon-Hearthflame, F|100/100\n|-ability|p2a: GOAT|Mold Breaker\n|turn|10\n|inactive|Luiscbc has 120 seconds left.\n|\n|t:|1695177618\n|move|p2a: GOAT|Ivy Cudgel|p1a: Balto\n|-damage|p1a: Balto|48/100\n|move|p1a: Balto|Body Press|p2a: GOAT\n|-damage|p2a: GOAT|0 fnt\n|faint|p2a: GOAT\n|\n|-heal|p1a: Balto|54/100|[from] item: Leftovers\n|upkeep\n|-message|awiueghfkb forfeited.\n|\n|win|Luiscbc\n|raw|Luiscbc's rating: 1095 &rarr; <strong>1124</strong><br />(+29 for winning)\n|raw|awiueghfkb's rating: 1140 &rarr; <strong>1112</strong><br />(-28 for losing)\n|l|\u2606awiueghfkb\n", "uploadtime": 1695177639, "views": 3, "p1id": "luiscbc", "p2id": "awiueghfkb", "formatid": "gen9ou", "rating": 1112, "private": 0, "password": ""}