{"id": "gen9ou-1947617826", "p1": "actualonion", "p2": "eelektrik funeral", "format": "gen9ou", "log": "|j|\u2606actualonion\n|j|\u2606eelektrik funeral\n|t:|1695178396\n|gametype|singles\n|player|p1|actualonion|allister|1472\n|player|p2|eelektrik funeral|101|1397\n|teamsize|p1|6\n|teamsize|p2|6\n|gen|9\n|tier|[Gen 9] OU\n|rated|\n|rule|Sleep Clause Mod: Limit one foe put to sleep\n|rule|Species Clause: Limit one of each Pok\u00e9mon\n|rule|OHKO Clause: OHKO moves are banned\n|rule|Evasion Items Clause: Evasion items are banned\n|rule|Evasion Moves Clause: Evasion moves are banned\n|rule|Endless Battle Clause: Forcing endless battles is banned\n|rule|HP Percentage Mod: HP is shown in percentages\n|clearpoke\n|poke|p1|Ogerpon-Hearthflame, F|\n|poke|p1|Dragapult, F|\n|poke|p1|Gholdengo|\n|poke|p1|Vaporeon, F|\n|poke|p1|Landorus-Therian, M|\n|poke|p1|Corviknight, M|\n|poke|p2|Alomomola, M|\n|poke|p2|Bronzong|\n|poke|p2|Cinderace, F|\n|poke|p2|Okidogi, M|\n|poke|p2|Shaymin|\n|poke|p2|Ting-Lu|\n|teampreview\n|\n|t:|1695178440\n|start\n|switch|p1a: Dragapult|Dragapult, F|100/100\n|switch|p2a: Ting-Lu|Ting-Lu|100/100\n|-ability|p2a: Ting-Lu|Vessel of Ruin\n|turn|1\n|\n|t:|1695178460\n|move|p1a: Dragapult|U-turn|p2a: Ting-Lu\n|-supereffective|p2a: Ting-Lu\n|-damage|p2a: Ting-Lu|82/100\n|\n|t:|1695178463\n|switch|p1a: Corviknight|Corviknight, M|100/100|[from] U-turn\n|-ability|p1a: Corviknight|Pressure\n|move|p2a: Ting-Lu|Stealth Rock|p1a: Corviknight\n|-sidestart|p1: actualonion|move: Stealth Rock\n|\n|-heal|p2a: Ting-Lu|88/100|[from] item: Leftovers\n|upkeep\n|turn|2\n|\n|t:|1695178489\n|switch|p2a: Cinderace|Cinderace, F|100/100\n|move|p1a: Corviknight|Defog|p2a: Cinderace\n|-unboost|p2a: Cinderace|evasion|1\n|-sideend|p1: actualonion|Stealth Rock|[from] move: Defog|[of] p1a: Corviknight\n|\n|upkeep\n|turn|3\n|\n|t:|1695178501\n|switch|p1a: Vaporeon|Vaporeon, F|100/100\n|move|p2a: Cinderace|U-turn|p1a: Vaporeon\n|-damage|p1a: Vaporeon|86/100\n|\n|t:|1695178508\n|switch|p2a: Okidogi|Okidogi, M|100/100|[from] U-turn\n|\n|upkeep\n|turn|4\n|\n|t:|1695178513\n|move|p2a: Okidogi|Knock Off|p1a: Vaporeon\n|-damage|p1a: Vaporeon|61/100\n|-enditem|p1a: Vaporeon|Covert Cloak|[from] move: Knock Off|[of] p2a: Okidogi\n|move|p1a: Vaporeon|Scald|p2a: Okidogi\n|-damage|p2a: Okidogi|82/100\n|\n|upkeep\n|turn|5\n|\n|t:|1695178523\n|move|p2a: Okidogi|Drain Punch|p1a: Vaporeon\n|-damage|p1a: Vaporeon|31/100\n|-heal|p2a: Okidogi|100/100|[from] drain|[of] p1a: Vaporeon\n|move|p1a: Vaporeon|Wish|p1a: Vaporeon\n|\n|upkeep\n|turn|6\n|\n|t:|1695178533\n|switch|p2a: Shaymin|Shaymin|100/100\n|move|p1a: Vaporeon|Protect||[still]\n|-fail|p1a: Vaporeon\n|\n|-heal|p1a: Vaporeon|81/100|[from] move: Wish|[wisher] Vaporeon\n|upkeep\n|turn|7\n|\n|t:|1695178564\n|switch|p2a: Okidogi|Okidogi, M|100/100\n|move|p1a: Vaporeon|Protect||[still]\n|-fail|p1a: Vaporeon\n|\n|upkeep\n|turn|8\n|\n|t:|1695178570\n|switch|p2a: Shaymin|Shaymin|100/100\n|move|p1a: Vaporeon|Scald|p2a: Shaymin\n|-resisted|p2a: Shaymin\n|-damage|p2a: Shaymin|86/100\n|\n|upkeep\n|turn|9\n|\n|t:|1695178576\n|move|p1a: Vaporeon|Protect|p1a: Vaporeon\n|-singleturn|p1a: Vaporeon|Protect\n|move|p2a: Shaymin|Air Slash|p1a: Vaporeon\n|-activate|p1a: Vaporeon|move: Protect\n|\n|upkeep\n|turn|10\n|\n|t:|1695178582\n|switch|p1a: Gholdengo|Gholdengo|100/100\n|move|p2a: Shaymin|Seed Flare|p1a: Gholdengo|[miss]\n|-miss|p2a: Shaymin|p1a: Gholdengo\n|\n|upkeep\n|turn|11\n|\n|t:|1695178602\n|move|p1a: Gholdengo|Trick|p2a: Shaymin\n|-activate|p1a: Gholdengo|move: Trick|[of] p2a: Shaymin\n|-item|p2a: Shaymin|Choice Scarf|[from] move: Trick\n|-item|p1a: Gholdengo|Life Orb|[from] move: Trick\n|move|p2a: Shaymin|Earth Power|p1a: Gholdengo\n|-supereffective|p1a: Gholdengo\n|-damage|p1a: Gholdengo|38/100\n|\n|upkeep\n|turn|12\n|\n|t:|1695178613\n|switch|p2a: Cinderace|Cinderace, F|100/100\n|switch|p1a: Corviknight|Corviknight, M|100/100\n|-ability|p1a: Corviknight|Pressure\n|\n|upkeep\n|turn|13\n|\n|t:|1695178621\n|switch|p1a: Vaporeon|Vaporeon, F|81/100\n|move|p2a: Cinderace|Will-O-Wisp|p1a: Vaporeon\n|-status|p1a: Vaporeon|brn\n|\n|-damage|p1a: Vaporeon|75/100 brn|[from] brn\n|upkeep\n|turn|14\n|\n|t:|1695178628\n|move|p2a: Cinderace|U-turn|p1a: Vaporeon\n|-damage|p1a: Vaporeon|58/100 brn\n|\n|t:|1695178632\n|switch|p2a: Shaymin|Shaymin|86/100|[from] U-turn\n|move|p1a: Vaporeon|Scald|p2a: Shaymin\n|-resisted|p2a: Shaymin\n|-damage|p2a: Shaymin|72/100\n|-status|p2a: Shaymin|brn\n|\n|-damage|p2a: Shaymin|66/100 brn|[from] brn\n|-damage|p1a: Vaporeon|52/100 brn|[from] brn\n|upkeep\n|turn|15\n|\n|t:|1695178644\n|-curestatus|p2a: Shaymin|brn|[from] ability: Natural Cure\n|switch|p2a: Ting-Lu|Ting-Lu|88/100\n|-ability|p2a: Ting-Lu|Vessel of Ruin\n|move|p1a: Vaporeon|Protect||[still]\n|-fail|p1a: Vaporeon\n|\n|-heal|p2a: Ting-Lu|94/100|[from] item: Leftovers\n|-damage|p1a: Vaporeon|46/100 brn|[from] brn\n|upkeep\n|turn|16\n|\n|t:|1695178653\n|move|p1a: Vaporeon|Wish|p1a: Vaporeon\n|move|p2a: Ting-Lu|Stealth Rock|p1a: Vaporeon\n|-sidestart|p1: actualonion|move: Stealth Rock\n|\n|-heal|p2a: Ting-Lu|100/100|[from] item: Leftovers\n|-damage|p1a: Vaporeon|40/100 brn|[from] brn\n|upkeep\n|turn|17\n|\n|t:|1695178660\n|switch|p2a: Shaymin|Shaymin|66/100\n|move|p1a: Vaporeon|Scald|p2a: Shaymin\n|-resisted|p2a: Shaymin\n|-damage|p2a: Shaymin|52/100\n|\n|-heal|p1a: Vaporeon|90/100 brn|[from] move: Wish|[wisher] Vaporeon\n|-damage|p1a: Vaporeon|83/100 brn|[from] brn\n|upkeep\n|turn|18\n|\n|t:|1695178669\n|move|p1a: Vaporeon|Protect|p1a: Vaporeon\n|-singleturn|p1a: Vaporeon|Protect\n|move|p2a: Shaymin|Air Slash|p1a: Vaporeon\n|-activate|p1a: Vaporeon|move: Protect\n|\n|-damage|p1a: Vaporeon|77/100 brn|[from] brn\n|upkeep\n|turn|19\n|\n|t:|1695178677\n|switch|p1a: Gholdengo|Gholdengo|38/100\n|-damage|p1a: Gholdengo|32/100|[from] Stealth Rock\n|move|p2a: Shaymin|Air Slash|p1a: Gholdengo\n|-resisted|p1a: Gholdengo\n|-damage|p1a: Gholdengo|20/100\n|\n|upkeep\n|turn|20\n|\n|t:|1695178687\n|switch|p2a: Ting-Lu|Ting-Lu|100/100\n|-ability|p2a: Ting-Lu|Vessel of Ruin\n|move|p1a: Gholdengo|Make It Rain|p2a: Ting-Lu\n|-damage|p2a: Ting-Lu|65/100\n|-unboost|p1a: Gholdengo|spa|1\n|-damage|p1a: Gholdengo|10/100|[from] item: Life Orb\n|\n|-heal|p2a: Ting-Lu|72/100|[from] item: Leftovers\n|upkeep\n|turn|21\n|\n|t:|1695178698\n|move|p1a: Gholdengo|Trick|p2a: Ting-Lu\n|-activate|p1a: Gholdengo|move: Trick|[of] p2a: Ting-Lu\n|-item|p2a: Ting-Lu|Life Orb|[from] move: Trick\n|-item|p1a: Gholdengo|Leftovers|[from] move: Trick\n|move|p2a: Ting-Lu|Stone Edge|p1a: Gholdengo|[miss]\n|-miss|p2a: Ting-Lu|p1a: Gholdengo\n|\n|-heal|p1a: Gholdengo|16/100|[from] item: Leftovers\n|upkeep\n|turn|22\n|\n|t:|1695178707\n|switch|p1a: Landorus|Landorus-Therian, M|100/100\n|-damage|p1a: Landorus|88/100|[from] Stealth Rock\n|-ability|p1a: Landorus|Intimidate|boost\n|-unboost|p2a: Ting-Lu|atk|1\n|move|p2a: Ting-Lu|Earthquake|p1a: Landorus\n|-immune|p1a: Landorus\n|\n|-heal|p1a: Landorus|94/100|[from] item: Leftovers\n|upkeep\n|turn|23\n|\n|t:|1695178717\n|switch|p2a: Alomomola|Alomomola, M|100/100\n|move|p1a: Landorus|Stealth Rock|p2a: Alomomola\n|-sidestart|p2: eelektrik funeral|move: Stealth Rock\n|\n|-heal|p1a: Landorus|99/100|[from] item: Leftovers\n|upkeep\n|turn|24\n|\n|t:|1695178723\n|move|p1a: Landorus|U-turn|p2a: Alomomola\n|-damage|p2a: Alomomola|88/100\n|\n|t:|1695178726\n|switch|p1a: Vaporeon|Vaporeon, F|77/100 brn|[from] U-turn\n|-damage|p1a: Vaporeon|65/100 brn|[from] Stealth Rock\n|move|p2a: Alomomola|Wish|p2a: Alomomola\n|\n|-damage|p1a: Vaporeon|58/100 brn|[from] brn\n|upkeep\n|turn|25\n|\n|t:|1695178733\n|switch|p2a: Shaymin|Shaymin|52/100\n|-damage|p2a: Shaymin|40/100|[from] Stealth Rock\n|move|p1a: Vaporeon|Wish|p1a: Vaporeon\n|\n|-heal|p2a: Shaymin|100/100|[from] move: Wish|[wisher] Alomomola\n|-damage|p1a: Vaporeon|52/100 brn|[from] brn\n|upkeep\n|turn|26\n|\n|t:|1695178741\n|move|p1a: Vaporeon|Protect|p1a: Vaporeon\n|-singleturn|p1a: Vaporeon|Protect\n|move|p2a: Shaymin|Seed Flare|p1a: Vaporeon\n|-activate|p1a: Vaporeon|move: Protect\n|\n|-heal|p1a: Vaporeon|100/100 brn|[from] move: Wish|[wisher] Vaporeon\n|-damage|p1a: Vaporeon|94/100 brn|[from] brn\n|upkeep\n|turn|27\n|\n|t:|1695178755\n|switch|p2a: Ting-Lu|Ting-Lu|72/100\n|-damage|p2a: Ting-Lu|65/100|[from] Stealth Rock\n|-ability|p2a: Ting-Lu|Vessel of Ruin\n|switch|p1a: Corviknight|Corviknight, M|100/100\n|-damage|p1a: Corviknight|88/100|[from] Stealth Rock\n|-ability|p1a: Corviknight|Pressure\n|\n|upkeep\n|turn|28\n|\n|t:|1695178768\n|switch|p2a: Cinderace|Cinderace, F|100/100\n|move|p1a: Corviknight|Defog|p2a: Cinderace\n|-unboost|p2a: Cinderace|evasion|1\n|-sideend|p2: eelektrik funeral|Stealth Rock|[from] move: Defog|[of] p1a: Corviknight\n|-sideend|p1: actualonion|Stealth Rock|[from] move: Defog|[of] p1a: Corviknight\n|\n|upkeep\n|turn|29\n|\n|t:|1695178776\n|switch|p1a: Landorus|Landorus-Therian, M|99/100\n|-ability|p1a: Landorus|Intimidate|boost\n|-unboost|p2a: Cinderace|atk|1\n|move|p2a: Cinderace|Pyro Ball|p1a: Landorus\n|-damage|p1a: Landorus|69/100\n|\n|-heal|p1a: Landorus|75/100|[from] item: Leftovers\n|upkeep\n|turn|30\n|\n|t:|1695178787\n|switch|p1a: Vaporeon|Vaporeon, F|94/100 brn\n|move|p2a: Cinderace|U-turn|p1a: Vaporeon\n|-damage|p1a: Vaporeon|84/100 brn\n|\n|t:|1695178808\n|switch|p2a: Shaymin|Shaymin|100/100|[from] U-turn\n|\n|-damage|p1a: Vaporeon|78/100 brn|[from] brn\n|upkeep\n|turn|31\n|\n|t:|1695178813\n|move|p1a: Vaporeon|Protect|p1a: Vaporeon\n|-singleturn|p1a: Vaporeon|Protect\n|move|p2a: Shaymin|Air Slash|p1a: Vaporeon\n|-activate|p1a: Vaporeon|move: Protect\n|\n|-damage|p1a: Vaporeon|72/100 brn|[from] brn\n|upkeep\n|turn|32\n|\n|t:|1695178822\n|switch|p2a: Alomomola|Alomomola, M|100/100\n|switch|p1a: Corviknight|Corviknight, M|88/100\n|-ability|p1a: Corviknight|Pressure\n|\n|upkeep\n|turn|33\n|\n|t:|1695178830\n|move|p1a: Corviknight|Body Press|p2a: Alomomola\n|-damage|p2a: Alomomola|86/100\n|move|p2a: Alomomola|Wish|p2a: Alomomola\n|\n|upkeep\n|turn|34\n|\n|t:|1695178836\n|switch|p2a: Ting-Lu|Ting-Lu|65/100\n|-ability|p2a: Ting-Lu|Vessel of Ruin\n|move|p1a: Corviknight|U-turn|p2a: Ting-Lu\n|-supereffective|p2a: Ting-Lu\n|-damage|p2a: Ting-Lu|50/100\n|\n|t:|1695178843\n|switch|p1a: Landorus|Landorus-Therian, M|75/100|[from] U-turn\n|-ability|p1a: Landorus|Intimidate|boost\n|-unboost|p2a: Ting-Lu|atk|1\n|\n|-heal|p2a: Ting-Lu|100/100|[from] move: Wish|[wisher] Alomomola\n|-heal|p1a: Landorus|81/100|[from] item: Leftovers\n|upkeep\n|turn|35\n|\n|t:|1695178851\n|switch|p2a: Alomomola|Alomomola, M|100/100\n|move|p1a: Landorus|Taunt|p2a: Alomomola\n|-start|p2a: Alomomola|move: Taunt\n|\n|-heal|p1a: Landorus|87/100|[from] item: Leftovers\n|upkeep\n|turn|36\n|\n|t:|1695178858\n|move|p1a: Landorus|Stealth Rock|p2a: Alomomola\n|-sidestart|p2: eelektrik funeral|move: Stealth Rock\n|move|p2a: Alomomola|Flip Turn|p1a: Landorus\n|-supereffective|p1a: Landorus\n|-damage|p1a: Landorus|56/100\n|\n|t:|1695178861\n|switch|p2a: Cinderace|Cinderace, F|100/100|[from] Flip Turn\n|\n|-heal|p1a: Landorus|62/100|[from] item: Leftovers\n|upkeep\n|turn|37\n|\n|t:|1695178867\n|move|p2a: Cinderace|Will-O-Wisp|p1a: Landorus\n|-status|p1a: Landorus|brn\n|move|p1a: Landorus|Earthquake|p2a: Cinderace\n|-supereffective|p2a: Cinderace\n|-damage|p2a: Cinderace|33/100\n|\n|-heal|p1a: Landorus|68/100 brn|[from] item: Leftovers\n|-damage|p1a: Landorus|62/100 brn|[from] brn\n|upkeep\n|turn|38\n|\n|t:|1695178875\n|move|p2a: Cinderace|U-turn|p1a: Landorus\n|-resisted|p1a: Landorus\n|-damage|p1a: Landorus|53/100 brn\n|\n|t:|1695178877\n|switch|p2a: Alomomola|Alomomola, M|100/100|[from] U-turn\n|move|p1a: Landorus|Earthquake|p2a: Alomomola\n|-damage|p2a: Alomomola|88/100\n|\n|-heal|p1a: Landorus|59/100 brn|[from] item: Leftovers\n|-damage|p1a: Landorus|53/100 brn|[from] brn\n|upkeep\n|turn|39\n|\n|t:|1695178885\n|move|p1a: Landorus|Taunt|p2a: Alomomola\n|-start|p2a: Alomomola|move: Taunt\n|cant|p2a: Alomomola|move: Taunt|Wish\n|\n|-heal|p1a: Landorus|59/100 brn|[from] item: Leftovers\n|-damage|p1a: Landorus|53/100 brn|[from] brn\n|upkeep\n|turn|40\n|\n|t:|1695178892\n|switch|p2a: Bronzong|Bronzong|100/100\n|-damage|p2a: Bronzong|94/100|[from] Stealth Rock\n|move|p1a: Landorus|U-turn|p2a: Bronzong\n|-damage|p2a: Bronzong|87/100\n|\n|t:|1695178911\n|switch|p1a: Ogerpon|Ogerpon-Hearthflame, F|100/100|[from] U-turn\n|-ability|p1a: Ogerpon|Mold Breaker\n|\n|-heal|p2a: Bronzong|93/100|[from] item: Leftovers\n|upkeep\n|turn|41\n|\n|t:|1695178919\n|switch|p2a: Ting-Lu|Ting-Lu|100/100\n|-damage|p2a: Ting-Lu|94/100|[from] Stealth Rock\n|-ability|p2a: Ting-Lu|Vessel of Ruin\n|move|p1a: Ogerpon|Swords Dance|p1a: Ogerpon\n|-boost|p1a: Ogerpon|atk|2\n|\n|upkeep\n|turn|42\n|\n|t:|1695178985\n|move|p1a: Ogerpon|Trailblaze|p2a: Ting-Lu\n|-supereffective|p2a: Ting-Lu\n|-damage|p2a: Ting-Lu|32/100\n|-boost|p1a: Ogerpon|spe|1\n|move|p2a: Ting-Lu|Stone Edge|p1a: Ogerpon\n|-supereffective|p1a: Ogerpon\n|-damage|p1a: Ogerpon|11/100\n|-damage|p2a: Ting-Lu|22/100|[from] item: Life Orb\n|\n|upkeep\n|turn|43\n|\n|t:|1695178997\n|move|p1a: Ogerpon|Trailblaze|p2a: Ting-Lu\n|-supereffective|p2a: Ting-Lu\n|-damage|p2a: Ting-Lu|0 fnt\n|-boost|p1a: Ogerpon|spe|1\n|faint|p2a: Ting-Lu\n|\n|upkeep\n|\n|t:|1695179003\n|switch|p2a: Alomomola|Alomomola, M|100/100\n|turn|44\n|\n|t:|1695179023\n|-terastallize|p2a: Alomomola|Fairy\n|move|p1a: Ogerpon|Trailblaze|p2a: Alomomola\n|-damage|p2a: Alomomola|68/100\n|-boost|p1a: Ogerpon|spe|1\n|move|p2a: Alomomola|Flip Turn|p1a: Ogerpon\n|-damage|p1a: Ogerpon|0 fnt\n|faint|p1a: Ogerpon\n|\n|t:|1695179033\n|switch|p2a: Okidogi|Okidogi, M|100/100|[from] Flip Turn\n|-damage|p2a: Okidogi|95/100|[from] Stealth Rock\n|\n|upkeep\n|\n|t:|1695179044\n|switch|p1a: Gholdengo|Gholdengo|16/100\n|turn|45\n|\n|t:|1695179048\n|move|p1a: Gholdengo|Psyshock|p2a: Okidogi\n|-supereffective|p2a: Okidogi\n|-damage|p2a: Okidogi|0 fnt\n|faint|p2a: Okidogi\n|\n|-heal|p1a: Gholdengo|22/100|[from] item: Leftovers\n|upkeep\n|\n|t:|1695179051\n|switch|p2a: Cinderace|Cinderace, F|33/100\n|turn|46\n|\n|t:|1695179059\n|switch|p1a: Dragapult|Dragapult, F|100/100\n|move|p2a: Cinderace|Pyro Ball|p1a: Dragapult\n|-resisted|p1a: Dragapult\n|-damage|p1a: Dragapult|53/100\n|\n|upkeep\n|turn|47\n|\n|t:|1695179067\n|switch|p2a: Alomomola|Alomomola, M, tera:Fairy|100/100\n|move|p1a: Dragapult|Shadow Ball|p2a: Alomomola\n|-damage|p2a: Alomomola|44/100\n|-unboost|p2a: Alomomola|spd|1\n|\n|upkeep\n|turn|48\n|\n|t:|1695179073\n|switch|p2a: Shaymin|Shaymin|100/100\n|-damage|p2a: Shaymin|88/100|[from] Stealth Rock\n|move|p1a: Dragapult|Shadow Ball|p2a: Shaymin\n|-crit|p2a: Shaymin\n|-damage|p2a: Shaymin|13/100\n|\n|upkeep\n|turn|49\n|\n|t:|1695179081\n|switch|p1a: Corviknight|Corviknight, M|88/100\n|-ability|p1a: Corviknight|Pressure\n|move|p2a: Shaymin|Seed Flare|p1a: Corviknight\n|-resisted|p1a: Corviknight\n|-crit|p1a: Corviknight\n|-damage|p1a: Corviknight|68/100\n|\n|upkeep\n|turn|50\n|\n|t:|1695179089\n|switch|p2a: Alomomola|Alomomola, M, tera:Fairy|77/100\n|move|p1a: Corviknight|U-turn|p2a: Alomomola\n|-resisted|p2a: Alomomola\n|-crit|p2a: Alomomola\n|-damage|p2a: Alomomola|71/100\n|\n|t:|1695179097\n|switch|p1a: Gholdengo|Gholdengo|22/100|[from] U-turn\n|\n|-heal|p1a: Gholdengo|28/100|[from] item: Leftovers\n|upkeep\n|turn|51\n|\n|t:|1695179103\n|switch|p2a: Bronzong|Bronzong|93/100\n|-damage|p2a: Bronzong|87/100|[from] Stealth Rock\n|move|p1a: Gholdengo|Make It Rain|p2a: Bronzong\n|-resisted|p2a: Bronzong\n|-damage|p2a: Bronzong|60/100\n|-unboost|p1a: Gholdengo|spa|1\n|\n|-heal|p1a: Gholdengo|34/100|[from] item: Leftovers\n|-heal|p2a: Bronzong|66/100|[from] item: Leftovers\n|upkeep\n|turn|52\n|\n|t:|1695179114\n|switch|p1a: Landorus|Landorus-Therian, M|53/100 brn\n|-ability|p1a: Landorus|Intimidate|boost\n|-unboost|p2a: Bronzong|atk|1\n|move|p2a: Bronzong|Psyshock|p1a: Landorus\n|-damage|p1a: Landorus|30/100 brn\n|\n|-heal|p1a: Landorus|36/100 brn|[from] item: Leftovers\n|-heal|p2a: Bronzong|72/100|[from] item: Leftovers\n|-damage|p1a: Landorus|30/100 brn|[from] brn\n|upkeep\n|turn|53\n|\n|t:|1695179126\n|move|p2a: Bronzong|Protect|p2a: Bronzong\n|-singleturn|p2a: Bronzong|Protect\n|move|p1a: Landorus|U-turn|p2a: Bronzong\n|-activate|p2a: Bronzong|move: Protect\n|\n|-heal|p1a: Landorus|36/100 brn|[from] item: Leftovers\n|-heal|p2a: Bronzong|78/100|[from] item: Leftovers\n|-damage|p1a: Landorus|30/100 brn|[from] brn\n|upkeep\n|turn|54\n|\n|t:|1695179134\n|move|p1a: Landorus|Taunt|p2a: Bronzong\n|-start|p2a: Bronzong|move: Taunt\n|cant|p2a: Bronzong|move: Taunt|Calm Mind\n|\n|-heal|p1a: Landorus|36/100 brn|[from] item: Leftovers\n|-heal|p2a: Bronzong|84/100|[from] item: Leftovers\n|-damage|p1a: Landorus|30/100 brn|[from] brn\n|upkeep\n|turn|55\n|\n|t:|1695179141\n|move|p1a: Landorus|U-turn|p2a: Bronzong\n|-damage|p2a: Bronzong|77/100\n|\n|t:|1695179144\n|switch|p1a: Dragapult|Dragapult, F|53/100|[from] U-turn\n|move|p2a: Bronzong|Psyshock|p1a: Dragapult\n|-damage|p1a: Dragapult|24/100\n|\n|-heal|p2a: Bronzong|84/100|[from] item: Leftovers\n|upkeep\n|turn|56\n|\n|t:|1695179151\n|move|p1a: Dragapult|Shadow Ball|p2a: Bronzong\n|-supereffective|p2a: Bronzong\n|-damage|p2a: Bronzong|0 fnt\n|faint|p2a: Bronzong\n|\n|upkeep\n|\n|t:|1695179159\n|switch|p2a: Alomomola|Alomomola, M, tera:Fairy|100/100\n|turn|57\n|\n|t:|1695179165\n|switch|p1a: Vaporeon|Vaporeon, F|72/100 brn\n|move|p2a: Alomomola|Wish|p2a: Alomomola\n|\n|-damage|p1a: Vaporeon|66/100 brn|[from] brn\n|upkeep\n|turn|58\n|\n|t:|1695179179\n|switch|p2a: Shaymin|Shaymin|13/100\n|-damage|p2a: Shaymin|0 fnt|[from] Stealth Rock\n|faint|p2a: Shaymin\n|move|p1a: Vaporeon|Wish|p1a: Vaporeon\n|\n|-damage|p1a: Vaporeon|59/100 brn|[from] brn\n|upkeep\n|\n|t:|1695179181\n|switch|p2a: Cinderace|Cinderace, F|33/100\n|turn|59\n|-message|eelektrik funeral forfeited.\n|\n|win|actualonion\n|raw|actualonion's rating: 1472 &rarr; <strong>1488</strong><br />(+16 for winning)\n|raw|eelektrik funeral's rating: 1397 &rarr; <strong>1381</strong><br />(-16 for losing)\n|l|\u2606eelektrik funeral\n|c|\u2606actualonion|gg\n", "uploadtime": 1695179229, "views": 3, "p1id": "actualonion", "p2id": "eelektrikfuneral", "formatid": "gen9ou", "rating": 1381, "private": 0, "password": ""}