{"id": "gen9ou-1947595342", "p1": "Leo_C_G", "p2": "japanesebaby", "format": "gen9ou", "log": "|j|\u2606Leo_C_G\n|j|\u2606japanesebaby\n|t:|1695176081\n|gametype|singles\n|player|p1|Leo_C_G|pokemonbreeder-gen4|1385\n|player|p2|japanesebaby|1|1318\n|teamsize|p1|6\n|teamsize|p2|6\n|gen|9\n|tier|[Gen 9] OU\n|rated|\n|rule|Sleep Clause Mod: Limit one foe put to sleep\n|rule|Species Clause: Limit one of each Pok\u00e9mon\n|rule|OHKO Clause: OHKO moves are banned\n|rule|Evasion Items Clause: Evasion items are banned\n|rule|Evasion Moves Clause: Evasion moves are banned\n|rule|Endless Battle Clause: Forcing endless battles is banned\n|rule|HP Percentage Mod: HP is shown in percentages\n|clearpoke\n|poke|p1|Dragapult, F|\n|poke|p1|Glimmora, F|\n|poke|p1|Mandibuzz, F|\n|poke|p1|Rotom-Wash|\n|poke|p1|Iron Valiant|\n|poke|p1|Ogerpon-Hearthflame, F|\n|poke|p2|Hippowdon, M|\n|poke|p2|Rillaboom, M|\n|poke|p2|Clodsire, F|\n|poke|p2|Conkeldurr, M|\n|poke|p2|Scizor, F|\n|poke|p2|Heatran, M|\n|teampreview\n|inactive|Battle timer is ON: inactive players will automatically lose when time's up. (requested by japanesebaby)\n|\n|t:|1695176106\n|start\n|switch|p1a: Mandibuzz|Mandibuzz, F|100/100\n|switch|p2a: Heatran|Heatran, M|100/100\n|turn|1\n|\n|t:|1695176120\n|switch|p2a: Clodsire|Clodsire, F|100/100\n|move|p1a: Mandibuzz|U-turn|p2a: Clodsire\n|-resisted|p2a: Clodsire\n|-damage|p2a: Clodsire|94/100\n|\n|t:|1695176127\n|switch|p1a: Ogerpon|Ogerpon-Hearthflame, F|100/100|[from] U-turn\n|-ability|p1a: Ogerpon|Mold Breaker\n|\n|-heal|p2a: Clodsire|100/100|[from] item: Leftovers\n|upkeep\n|turn|2\n|\n|t:|1695176145\n|switch|p2a: Hippowdon|Hippowdon, M|100/100\n|-weather|Sandstorm|[from] ability: Sand Stream|[of] p2a: Hippowdon\n|move|p1a: Ogerpon|Taunt|p2a: Hippowdon\n|-start|p2a: Hippowdon|move: Taunt\n|\n|-weather|Sandstorm|[upkeep]\n|-damage|p1a: Ogerpon|95/100|[from] Sandstorm\n|upkeep\n|turn|3\n|\n|t:|1695176157\n|move|p1a: Ogerpon|U-turn|p2a: Hippowdon\n|-damage|p2a: Hippowdon|85/100\n|-damage|p1a: Ogerpon|78/100|[from] item: Rocky Helmet|[of] p2a: Hippowdon\n|\n|t:|1695176159\n|switch|p1a: Rotom|Rotom-Wash|100/100|[from] U-turn\n|move|p2a: Hippowdon|Earthquake|p1a: Rotom\n|-immune|p1a: Rotom|[from] ability: Levitate\n|\n|-weather|Sandstorm|[upkeep]\n|-damage|p1a: Rotom|94/100|[from] Sandstorm\n|-heal|p1a: Rotom|100/100|[from] item: Leftovers\n|upkeep\n|turn|4\n|\n|t:|1695176169\n|switch|p1a: Mandibuzz|Mandibuzz, F|100/100\n|switch|p2a: Clodsire|Clodsire, F|100/100\n|\n|-weather|Sandstorm|[upkeep]\n|upkeep\n|turn|5\n|\n|t:|1695176174\n|move|p1a: Mandibuzz|Knock Off|p2a: Clodsire\n|-damage|p2a: Clodsire|72/100\n|-enditem|p2a: Clodsire|Leftovers|[from] move: Knock Off|[of] p1a: Mandibuzz\n|move|p2a: Clodsire|Toxic|p1a: Mandibuzz\n|-status|p1a: Mandibuzz|tox\n|\n|-weather|Sandstorm|[upkeep]\n|-damage|p1a: Mandibuzz|94/100 tox|[from] psn\n|upkeep\n|turn|6\n|\n|t:|1695176185\n|move|p1a: Mandibuzz|U-turn|p2a: Clodsire\n|-resisted|p2a: Clodsire\n|-damage|p2a: Clodsire|66/100\n|\n|t:|1695176187\n|switch|p1a: Ogerpon|Ogerpon-Hearthflame, F|78/100|[from] U-turn\n|-ability|p1a: Ogerpon|Mold Breaker\n|move|p2a: Clodsire|Spikes|p1a: Ogerpon\n|-sidestart|p1: Leo_C_G|Spikes\n|\n|-weather|none\n|upkeep\n|turn|7\n|\n|t:|1695176193\n|switch|p2a: Hippowdon|Hippowdon, M|85/100\n|-weather|Sandstorm|[from] ability: Sand Stream|[of] p2a: Hippowdon\n|move|p1a: Ogerpon|Horn Leech|p2a: Hippowdon\n|-supereffective|p2a: Hippowdon\n|-damage|p2a: Hippowdon|38/100\n|-heal|p1a: Ogerpon|100/100|[from] drain|[of] p2a: Hippowdon\n|-damage|p1a: Ogerpon|84/100|[from] item: Rocky Helmet|[of] p2a: Hippowdon\n|\n|-weather|Sandstorm|[upkeep]\n|-damage|p1a: Ogerpon|78/100|[from] Sandstorm\n|upkeep\n|turn|8\n|\n|t:|1695176206\n|move|p1a: Ogerpon|U-turn|p2a: Hippowdon\n|-damage|p2a: Hippowdon|22/100\n|-damage|p1a: Ogerpon|61/100|[from] item: Rocky Helmet|[of] p2a: Hippowdon\n|\n|t:|1695176209\n|switch|p1a: Mandibuzz|Mandibuzz, F|94/100 tox|[from] U-turn\n|move|p2a: Hippowdon|Stealth Rock|p1a: Mandibuzz\n|-sidestart|p1: Leo_C_G|move: Stealth Rock\n|\n|-weather|Sandstorm|[upkeep]\n|-heal|p1a: Mandibuzz|100/100 tox|[from] item: Leftovers\n|-damage|p1a: Mandibuzz|94/100 tox|[from] psn\n|upkeep\n|turn|9\n|\n|t:|1695176218\n|move|p1a: Mandibuzz|Defog|p2a: Hippowdon\n|-unboost|p2a: Hippowdon|evasion|1\n|-sideend|p1: Leo_C_G|Spikes|[from] move: Defog|[of] p1a: Mandibuzz\n|-sideend|p1: Leo_C_G|Stealth Rock|[from] move: Defog|[of] p1a: Mandibuzz\n|move|p2a: Hippowdon|Slack Off|p2a: Hippowdon\n|-heal|p2a: Hippowdon|72/100\n|\n|-weather|Sandstorm|[upkeep]\n|-heal|p1a: Mandibuzz|100/100 tox|[from] item: Leftovers\n|-damage|p1a: Mandibuzz|88/100 tox|[from] psn\n|upkeep\n|turn|10\n|\n|t:|1695176222\n|move|p1a: Mandibuzz|Knock Off|p2a: Hippowdon\n|-damage|p2a: Hippowdon|61/100\n|-damage|p1a: Mandibuzz|72/100 tox|[from] item: Rocky Helmet|[of] p2a: Hippowdon\n|-enditem|p2a: Hippowdon|Rocky Helmet|[from] move: Knock Off|[of] p1a: Mandibuzz\n|move|p2a: Hippowdon|Stealth Rock|p1a: Mandibuzz\n|-sidestart|p1: Leo_C_G|move: Stealth Rock\n|\n|-weather|Sandstorm|[upkeep]\n|-heal|p1a: Mandibuzz|78/100 tox|[from] item: Leftovers\n|-damage|p1a: Mandibuzz|59/100 tox|[from] psn\n|upkeep\n|turn|11\n|\n|t:|1695176230\n|move|p1a: Mandibuzz|Defog|p2a: Hippowdon\n|-unboost|p2a: Hippowdon|evasion|1\n|-sideend|p1: Leo_C_G|Stealth Rock|[from] move: Defog|[of] p1a: Mandibuzz\n|move|p2a: Hippowdon|Slack Off|p2a: Hippowdon\n|-heal|p2a: Hippowdon|100/100\n|\n|-weather|none\n|-heal|p1a: Mandibuzz|66/100 tox|[from] item: Leftovers\n|-damage|p1a: Mandibuzz|41/100 tox|[from] psn\n|upkeep\n|turn|12\n|\n|t:|1695176233\n|move|p1a: Mandibuzz|U-turn|p2a: Hippowdon\n|-damage|p2a: Hippowdon|95/100\n|\n|t:|1695176237\n|switch|p1a: Rotom|Rotom-Wash|100/100|[from] U-turn\n|move|p2a: Hippowdon|Stealth Rock|p1a: Rotom\n|-sidestart|p1: Leo_C_G|move: Stealth Rock\n|\n|upkeep\n|turn|13\n|\n|t:|1695176242\n|switch|p2a: Clodsire|Clodsire, F|66/100\n|move|p1a: Rotom|Hydro Pump|p2a: Clodsire\n|-supereffective|p2a: Clodsire\n|-damage|p2a: Clodsire|22/100\n|\n|upkeep\n|turn|14\n|\n|t:|1695176249\n|move|p1a: Rotom|Hydro Pump|p2a: Clodsire\n|-supereffective|p2a: Clodsire\n|-damage|p2a: Clodsire|0 fnt\n|faint|p2a: Clodsire\n|\n|upkeep\n|\n|t:|1695176256\n|switch|p2a: Rillaboom|Rillaboom, M|100/100\n|-fieldstart|move: Grassy Terrain|[from] ability: Grassy Surge|[of] p2a: Rillaboom\n|turn|15\n|inactive|Leo_C_G has 120 seconds left.\n|\n|t:|1695176288\n|switch|p1a: Mandibuzz|Mandibuzz, F|41/100 tox\n|-damage|p1a: Mandibuzz|16/100 tox|[from] Stealth Rock\n|move|p2a: Rillaboom|U-turn|p1a: Mandibuzz\n|-damage|p1a: Mandibuzz|0 fnt\n|faint|p1a: Mandibuzz\n|inactive|japanesebaby has 120 seconds left.\n|\n|t:|1695176321\n|switch|p2a: Heatran|Heatran, M|100/100|[from] U-turn\n|\n|upkeep\n|inactive|Leo_C_G has 120 seconds left.\n|\n|t:|1695176343\n|switch|p1a: Iron Valiant|Iron Valiant|100/100\n|-damage|p1a: Iron Valiant|94/100|[from] Stealth Rock\n|-enditem|p1a: Iron Valiant|Booster Energy\n|-activate|p1a: Iron Valiant|ability: Quark Drive|[fromitem]\n|-start|p1a: Iron Valiant|quarkdrivespe\n|turn|16\n|inactive|japanesebaby has 120 seconds left.\n|\n|t:|1695176358\n|switch|p2a: Scizor|Scizor, F|100/100\n|move|p1a: Iron Valiant|Close Combat|p2a: Scizor\n|-damage|p2a: Scizor|37/100\n|-unboost|p1a: Iron Valiant|def|1\n|-unboost|p1a: Iron Valiant|spd|1\n|\n|-heal|p1a: Iron Valiant|100/100|[from] Grassy Terrain\n|-heal|p2a: Scizor|44/100|[from] Grassy Terrain\n|-heal|p2a: Scizor|50/100|[from] item: Leftovers\n|upkeep\n|turn|17\n|inactive|japanesebaby has 120 seconds left.\n|\n|t:|1695176367\n|-terastallize|p1a: Iron Valiant|Steel\n|move|p2a: Scizor|Bullet Punch|p1a: Iron Valiant\n|-resisted|p1a: Iron Valiant\n|-damage|p1a: Iron Valiant|67/100\n|move|p1a: Iron Valiant|Close Combat|p2a: Scizor\n|-damage|p2a: Scizor|0 fnt\n|-unboost|p1a: Iron Valiant|def|1\n|-unboost|p1a: Iron Valiant|spd|1\n|faint|p2a: Scizor\n|\n|-heal|p1a: Iron Valiant|73/100|[from] Grassy Terrain\n|upkeep\n|inactive|japanesebaby has 120 seconds left.\n|\n|t:|1695176379\n|switch|p2a: Conkeldurr|Conkeldurr, M|100/100\n|turn|18\n|\n|t:|1695176383\n|-end|p1a: Iron Valiant|Quark Drive|[silent]\n|switch|p1a: Glimmora|Glimmora, F|100/100\n|-damage|p1a: Glimmora|88/100|[from] Stealth Rock\n|move|p2a: Conkeldurr|Mach Punch|p1a: Glimmora\n|-damage|p1a: Glimmora|63/100\n|-activate|p1a: Glimmora|ability: Toxic Debris\n|-sidestart|p2: japanesebaby|move: Toxic Spikes\n|\n|-heal|p1a: Glimmora|69/100|[from] Grassy Terrain\n|upkeep\n|turn|19\n|inactive|japanesebaby has 120 seconds left.\n|\n|t:|1695176403\n|move|p1a: Glimmora|Mortal Spin|p2a: Conkeldurr\n|-crit|p2a: Conkeldurr\n|-damage|p2a: Conkeldurr|93/100\n|-status|p2a: Conkeldurr|psn\n|-sideend|p1: Leo_C_G|Stealth Rock|[from] move: Mortal Spin|[of] p1a: Glimmora\n|move|p2a: Conkeldurr|Ice Punch|p1a: Glimmora\n|-damage|p1a: Glimmora|37/100\n|-status|p1a: Glimmora|frz\n|-activate|p1a: Glimmora|ability: Toxic Debris\n|-sidestart|p2: japanesebaby|move: Toxic Spikes\n|\n|-heal|p1a: Glimmora|43/100 frz|[from] Grassy Terrain\n|-heal|p2a: Conkeldurr|99/100 psn|[from] Grassy Terrain\n|-damage|p2a: Conkeldurr|86/100 psn|[from] psn\n|-fieldend|move: Grassy Terrain\n|upkeep\n|turn|20\n|inactive|japanesebaby has 120 seconds left.\n|\n|t:|1695176417\n|cant|p1a: Glimmora|frz\n|move|p2a: Conkeldurr|Defog|p1a: Glimmora\n|-unboost|p1a: Glimmora|evasion|1\n|-sideend|p2: japanesebaby|Toxic Spikes|[from] move: Defog|[of] p2a: Conkeldurr\n|\n|-damage|p2a: Conkeldurr|74/100 psn|[from] psn\n|upkeep\n|turn|21\n|\n|t:|1695176429\n|cant|p1a: Glimmora|frz\n|move|p2a: Conkeldurr|Knock Off|p1a: Glimmora\n|-damage|p1a: Glimmora|10/100 frz\n|-activate|p1a: Glimmora|ability: Toxic Debris\n|-sidestart|p2: japanesebaby|move: Toxic Spikes\n|-enditem|p1a: Glimmora|Rocky Helmet|[from] move: Knock Off|[of] p2a: Conkeldurr\n|\n|-damage|p2a: Conkeldurr|62/100 psn|[from] psn\n|upkeep\n|turn|22\n|\n|t:|1695176435\n|move|p2a: Conkeldurr|Mach Punch|p1a: Glimmora\n|-damage|p1a: Glimmora|0 fnt\n|-activate|p1a: Glimmora|ability: Toxic Debris\n|-sidestart|p2: japanesebaby|move: Toxic Spikes\n|faint|p1a: Glimmora\n|\n|-damage|p2a: Conkeldurr|49/100 psn|[from] psn\n|upkeep\n|\n|t:|1695176441\n|switch|p1a: Dragapult|Dragapult, F|100/100\n|turn|23\n|\n|t:|1695176447\n|switch|p2a: Hippowdon|Hippowdon, M|95/100\n|-status|p2a: Hippowdon|tox\n|-weather|Sandstorm|[from] ability: Sand Stream|[of] p2a: Hippowdon\n|move|p1a: Dragapult|Draco Meteor|p2a: Hippowdon|[miss]\n|-miss|p1a: Dragapult|p2a: Hippowdon\n|\n|-weather|Sandstorm|[upkeep]\n|-damage|p1a: Dragapult|95/100|[from] Sandstorm\n|-damage|p2a: Hippowdon|88/100 tox|[from] psn\n|upkeep\n|turn|24\n|\n|t:|1695176459\n|switch|p1a: Ogerpon|Ogerpon-Hearthflame, F|61/100\n|-ability|p1a: Ogerpon|Mold Breaker\n|move|p2a: Hippowdon|Stealth Rock|p1a: Ogerpon\n|-sidestart|p1: Leo_C_G|move: Stealth Rock\n|\n|-weather|Sandstorm|[upkeep]\n|-damage|p1a: Ogerpon|55/100|[from] Sandstorm\n|-damage|p2a: Hippowdon|76/100 tox|[from] psn\n|upkeep\n|turn|25\n|\n|t:|1695176469\n|move|p1a: Ogerpon|Horn Leech|p2a: Hippowdon\n|-supereffective|p2a: Hippowdon\n|-damage|p2a: Hippowdon|31/100 tox\n|-heal|p1a: Ogerpon|87/100|[from] drain|[of] p2a: Hippowdon\n|move|p2a: Hippowdon|Earthquake|p1a: Ogerpon\n|-damage|p1a: Ogerpon|37/100\n|\n|-weather|Sandstorm|[upkeep]\n|-damage|p1a: Ogerpon|31/100|[from] Sandstorm\n|-damage|p2a: Hippowdon|13/100 tox|[from] psn\n|upkeep\n|turn|26\n|\n|t:|1695176479\n|move|p1a: Ogerpon|Horn Leech|p2a: Hippowdon\n|-supereffective|p2a: Hippowdon\n|-damage|p2a: Hippowdon|0 fnt\n|-heal|p1a: Ogerpon|40/100|[from] drain|[of] p2a: Hippowdon\n|faint|p2a: Hippowdon\n|\n|-weather|Sandstorm|[upkeep]\n|-damage|p1a: Ogerpon|34/100|[from] Sandstorm\n|upkeep\n|\n|t:|1695176503\n|switch|p2a: Heatran|Heatran, M|100/100\n|turn|27\n|\n|t:|1695176512\n|move|p1a: Ogerpon|Taunt|p2a: Heatran\n|-start|p2a: Heatran|move: Taunt\n|move|p2a: Heatran|Earth Power|p1a: Ogerpon\n|-damage|p1a: Ogerpon|0 fnt\n|faint|p1a: Ogerpon\n|\n|-weather|none\n|upkeep\n|\n|t:|1695176522\n|switch|p1a: Iron Valiant|Iron Valiant, tera:Steel|73/100\n|-damage|p1a: Iron Valiant|67/100|[from] Stealth Rock\n|turn|28\n|\n|t:|1695176527\n|switch|p2a: Rillaboom|Rillaboom, M|100/100\n|-status|p2a: Rillaboom|tox\n|-fieldstart|move: Grassy Terrain|[from] ability: Grassy Surge|[of] p2a: Rillaboom\n|move|p1a: Iron Valiant|Close Combat|p2a: Rillaboom\n|-damage|p2a: Rillaboom|42/100 tox\n|-unboost|p1a: Iron Valiant|def|1\n|-unboost|p1a: Iron Valiant|spd|1\n|\n|-heal|p1a: Iron Valiant|73/100|[from] Grassy Terrain\n|-heal|p2a: Rillaboom|49/100 tox|[from] Grassy Terrain\n|-damage|p2a: Rillaboom|42/100 tox|[from] psn\n|upkeep\n|turn|29\n|\n|t:|1695176539\n|move|p2a: Rillaboom|Grassy Glide|p1a: Iron Valiant\n|-resisted|p1a: Iron Valiant\n|-damage|p1a: Iron Valiant|17/100\n|move|p1a: Iron Valiant|Close Combat|p2a: Rillaboom\n|-damage|p2a: Rillaboom|0 fnt\n|-unboost|p1a: Iron Valiant|def|1\n|-unboost|p1a: Iron Valiant|spd|1\n|faint|p2a: Rillaboom\n|\n|-heal|p1a: Iron Valiant|23/100|[from] Grassy Terrain\n|upkeep\n|\n|t:|1695176544\n|switch|p2a: Conkeldurr|Conkeldurr, M|49/100 psn\n|turn|30\n|\n|t:|1695176555\n|-end|p1a: Iron Valiant|Quark Drive|[silent]\n|switch|p1a: Rotom|Rotom-Wash|100/100\n|-damage|p1a: Rotom|88/100|[from] Stealth Rock\n|move|p2a: Conkeldurr|Mach Punch|p1a: Rotom\n|-damage|p1a: Rotom|57/100\n|\n|-heal|p1a: Rotom|63/100|[from] item: Leftovers\n|-heal|p2a: Conkeldurr|55/100 psn|[from] Grassy Terrain\n|-damage|p2a: Conkeldurr|43/100 psn|[from] psn\n|upkeep\n|turn|31\n|\n|t:|1695176573\n|switch|p2a: Heatran|Heatran, M|100/100\n|move|p1a: Rotom|Protect||[still]\n|-fail|p1a: Rotom\n|\n|-heal|p1a: Rotom|70/100|[from] item: Leftovers\n|upkeep\n|turn|32\n|\n|t:|1695176582\n|-terastallize|p2a: Heatran|Grass\n|move|p2a: Heatran|Tera Blast|p1a: Rotom\n|-supereffective|p1a: Rotom\n|-damage|p1a: Rotom|0 fnt\n|faint|p1a: Rotom\n|\n|-fieldend|move: Grassy Terrain\n|upkeep\n|\n|t:|1695176592\n|switch|p1a: Iron Valiant|Iron Valiant, tera:Steel|23/100\n|-damage|p1a: Iron Valiant|17/100|[from] Stealth Rock\n|turn|33\n|\n|t:|1695176600\n|move|p1a: Iron Valiant|Destiny Bond|p1a: Iron Valiant\n|-singlemove|p1a: Iron Valiant|Destiny Bond\n|move|p2a: Heatran|Earth Power|p1a: Iron Valiant\n|-supereffective|p1a: Iron Valiant\n|-damage|p1a: Iron Valiant|0 fnt\n|faint|p1a: Iron Valiant\n|-activate|p1a: Iron Valiant|move: Destiny Bond\n|-end|p1a: Iron Valiant|Quark Drive|[silent]\n|faint|p2a: Heatran\n|\n|upkeep\n|\n|t:|1695176613\n|switch|p1a: Dragapult|Dragapult, F|95/100\n|switch|p2a: Conkeldurr|Conkeldurr, M|43/100 psn\n|-damage|p1a: Dragapult|82/100|[from] Stealth Rock\n|turn|34\n|\n|t:|1695176635\n|move|p1a: Dragapult|Draco Meteor|p2a: Conkeldurr\n|-damage|p2a: Conkeldurr|0 fnt\n|-unboost|p1a: Dragapult|spa|2\n|faint|p2a: Conkeldurr\n|\n|win|Leo_C_G\n|raw|Leo_C_G's rating: 1385 &rarr; <strong>1401</strong><br />(+16 for winning)\n|raw|japanesebaby's rating: 1318 &rarr; <strong>1302</strong><br />(-16 for losing)\n|l|\u2606japanesebaby\n", "uploadtime": 1695176645, "views": 5, "p1id": "leocg", "p2id": "japanesebaby", "formatid": "gen9ou", "rating": 1302, "private": 0, "password": ""}