{"id": "gen9ou-1947596162", "p1": "cylenx", "p2": "chordoverstreet", "format": "gen9ou", "log": "|j|\u2606cylenx\n|j|\u2606chordoverstreet\n|t:|1695176165\n|gametype|singles\n|player|p1|cylenx|doubleteam|1487\n|player|p2|chordoverstreet|2|1591\n|teamsize|p1|6\n|teamsize|p2|6\n|gen|9\n|tier|[Gen 9] OU\n|rated|\n|rule|Sleep Clause Mod: Limit one foe put to sleep\n|rule|Species Clause: Limit one of each Pok\u00e9mon\n|rule|OHKO Clause: OHKO moves are banned\n|rule|Evasion Items Clause: Evasion items are banned\n|rule|Evasion Moves Clause: Evasion moves are banned\n|rule|Endless Battle Clause: Forcing endless battles is banned\n|rule|HP Percentage Mod: HP is shown in percentages\n|clearpoke\n|poke|p1|Gholdengo|\n|poke|p1|Garchomp, F|\n|poke|p1|Moltres|\n|poke|p1|Slowking, M|\n|poke|p1|Samurott-Hisui, F|\n|poke|p1|Garganacl, F|\n|poke|p2|Iron Moth|\n|poke|p2|Ursaluna-Bloodmoon, M|\n|poke|p2|Great Tusk|\n|poke|p2|Kingambit, M|\n|poke|p2|Dragonite, F|\n|poke|p2|Iron Valiant|\n|teampreview\n|inactive|Battle timer is ON: inactive players will automatically lose when time's up. (requested by cylenx)\n|\n|t:|1695176195\n|start\n|switch|p1a: Samurott|Samurott-Hisui, F|100/100\n|switch|p2a: Ursaluna|Ursaluna-Bloodmoon, M|100/100\n|turn|1\n|\n|t:|1695176209\n|move|p1a: Samurott|Aqua Cutter|p2a: Ursaluna\n|-supereffective|p2a: Ursaluna\n|-damage|p2a: Ursaluna|52/100\n|move|p2a: Ursaluna|Blood Moon|p1a: Samurott\n|-damage|p1a: Samurott|0 fnt\n|faint|p1a: Samurott\n|\n|-heal|p2a: Ursaluna|58/100|[from] item: Leftovers\n|upkeep\n|\n|t:|1695176229\n|switch|p1a: Garganacl|Garganacl, F|100/100\n|turn|2\n|\n|t:|1695176245\n|-terastallize|p1a: Garganacl|Fairy\n|move|p2a: Ursaluna|Calm Mind|p2a: Ursaluna\n|-boost|p2a: Ursaluna|spa|1\n|-boost|p2a: Ursaluna|spd|1\n|move|p1a: Garganacl|Salt Cure|p2a: Ursaluna\n|-resisted|p2a: Ursaluna\n|-damage|p2a: Ursaluna|53/100\n|-start|p2a: Ursaluna|Salt Cure\n|\n|-heal|p2a: Ursaluna|60/100|[from] item: Leftovers\n|-damage|p2a: Ursaluna|47/100|[from] Salt Cure\n|upkeep\n|turn|3\n|\n|t:|1695176262\n|move|p1a: Garganacl|Protect|p1a: Garganacl\n|-singleturn|p1a: Garganacl|Protect\n|move|p2a: Ursaluna|Calm Mind|p2a: Ursaluna\n|-boost|p2a: Ursaluna|spa|1\n|-boost|p2a: Ursaluna|spd|1\n|\n|-heal|p2a: Ursaluna|53/100|[from] item: Leftovers\n|-damage|p2a: Ursaluna|41/100|[from] Salt Cure\n|upkeep\n|turn|4\n|\n|t:|1695176266\n|switch|p1a: Moltres|Moltres|100/100\n|move|p2a: Ursaluna|Blood Moon|p1a: Moltres\n|-damage|p1a: Moltres|0 fnt\n|faint|p1a: Moltres\n|\n|-heal|p2a: Ursaluna|47/100|[from] item: Leftovers\n|-damage|p2a: Ursaluna|35/100|[from] Salt Cure\n|upkeep\n|\n|t:|1695176269\n|switch|p1a: Garchomp|Garchomp, F|100/100\n|turn|5\n|\n|t:|1695176275\n|move|p1a: Garchomp|Scale Shot|p2a: Ursaluna\n|-damage|p2a: Ursaluna|27/100\n|-damage|p2a: Ursaluna|18/100\n|-damage|p2a: Ursaluna|9/100\n|-crit|p2a: Ursaluna\n|-damage|p2a: Ursaluna|0 fnt\n|faint|p2a: Ursaluna\n|-hitcount|p2: Ursaluna|4\n|-unboost|p1a: Garchomp|def|1\n|-boost|p1a: Garchomp|spe|1\n|\n|upkeep\n|\n|t:|1695176284\n|switch|p2a: Iron Valiant|Iron Valiant|100/100\n|-enditem|p2a: Iron Valiant|Booster Energy\n|-activate|p2a: Iron Valiant|ability: Quark Drive|[fromitem]\n|-start|p2a: Iron Valiant|quarkdrivespe\n|turn|6\n|\n|t:|1695176296\n|switch|p1a: Slowking|Slowking, M|100/100\n|move|p2a: Iron Valiant|Encore||[still]\n|-fail|p2a: Iron Valiant\n|\n|upkeep\n|turn|7\n|\n|t:|1695176310\n|-terastallize|p2a: Iron Valiant|Electric\n|move|p2a: Iron Valiant|Calm Mind|p2a: Iron Valiant\n|-boost|p2a: Iron Valiant|spa|1\n|-boost|p2a: Iron Valiant|spd|1\n|move|p1a: Slowking|Future Sight|p2a: Iron Valiant\n|-start|p1a: Slowking|move: Future Sight\n|\n|upkeep\n|turn|8\n|\n|t:|1695176317\n|switch|p1a: Gholdengo|Gholdengo|100/100\n|move|p2a: Iron Valiant|Encore|p1a: Gholdengo\n|-immune|p1a: Gholdengo|[from] ability: Good as Gold\n|\n|upkeep\n|turn|9\n|\n|t:|1695176320\n|move|p2a: Iron Valiant|Calm Mind|p2a: Iron Valiant\n|-boost|p2a: Iron Valiant|spa|1\n|-boost|p2a: Iron Valiant|spd|1\n|move|p1a: Gholdengo|Shadow Ball|p2a: Iron Valiant\n|-damage|p2a: Iron Valiant|68/100\n|\n|-end|p2a: Iron Valiant|move: Future Sight\n|-damage|p2a: Iron Valiant|30/100\n|upkeep\n|turn|10\n|\n|t:|1695176329\n|move|p2a: Iron Valiant|Thunderbolt|p1a: Gholdengo\n|-damage|p1a: Gholdengo|10/100\n|move|p1a: Gholdengo|Shadow Ball|p2a: Iron Valiant\n|-damage|p2a: Iron Valiant|0 fnt\n|faint|p2a: Iron Valiant\n|-end|p2a: Iron Valiant|Quark Drive|[silent]\n|\n|upkeep\n|inactive|chordoverstreet has 120 seconds left.\n|\n|t:|1695176359\n|switch|p2a: Kingambit|Kingambit, M|100/100\n|-activate|p2a: Kingambit|ability: Supreme Overlord\n|-start|p2a: Kingambit|fallen2|[silent]\n|-item|p2a: Kingambit|Air Balloon\n|turn|11\n|\n|t:|1695176370\n|move|p1a: Gholdengo|Shadow Ball|p2a: Kingambit\n|-resisted|p2a: Kingambit\n|-damage|p2a: Kingambit|81/100\n|-unboost|p2a: Kingambit|spd|1\n|-enditem|p2a: Kingambit|Air Balloon\n|move|p2a: Kingambit|Kowtow Cleave|p1a: Gholdengo\n|-supereffective|p1a: Gholdengo\n|-damage|p1a: Gholdengo|0 fnt\n|faint|p1a: Gholdengo\n|\n|upkeep\n|\n|t:|1695176375\n|switch|p1a: Garchomp|Garchomp, F|100/100\n|turn|12\n|\n|t:|1695176393\n|move|p1a: Garchomp|Swords Dance|p1a: Garchomp\n|-boost|p1a: Garchomp|atk|2\n|move|p2a: Kingambit|Kowtow Cleave|p1a: Garchomp\n|-damage|p1a: Garchomp|36/100\n|-damage|p2a: Kingambit|69/100|[from] ability: Rough Skin|[of] p1a: Garchomp\n|\n|upkeep\n|turn|13\n|\n|t:|1695176397\n|move|p2a: Kingambit|Sucker Punch|p1a: Garchomp\n|-damage|p1a: Garchomp|0 fnt\n|-damage|p2a: Kingambit|56/100|[from] ability: Rough Skin|[of] p1a: Garchomp\n|faint|p1a: Garchomp\n|\n|upkeep\n|\n|t:|1695176401\n|switch|p1a: Garganacl|Garganacl, F, tera:Fairy|100/100\n|turn|14\n|\n|t:|1695176408\n|move|p2a: Kingambit|Swords Dance|p2a: Kingambit\n|-boost|p2a: Kingambit|atk|2\n|move|p1a: Garganacl|Salt Cure|p2a: Kingambit\n|-resisted|p2a: Kingambit\n|-damage|p2a: Kingambit|51/100\n|-start|p2a: Kingambit|Salt Cure\n|\n|-damage|p2a: Kingambit|26/100|[from] Salt Cure\n|upkeep\n|turn|15\n|\n|t:|1695176411\n|move|p1a: Garganacl|Protect|p1a: Garganacl\n|-singleturn|p1a: Garganacl|Protect\n|move|p2a: Kingambit|Iron Head|p1a: Garganacl\n|-activate|p1a: Garganacl|move: Protect\n|\n|-damage|p2a: Kingambit|1/100|[from] Salt Cure\n|upkeep\n|turn|16\n|\n|t:|1695176415\n|move|p1a: Garganacl|Protect||[still]\n|-fail|p1a: Garganacl\n|move|p2a: Kingambit|Iron Head|p1a: Garganacl\n|-supereffective|p1a: Garganacl\n|-damage|p1a: Garganacl|0 fnt\n|faint|p1a: Garganacl\n|\n|-damage|p2a: Kingambit|0 fnt|[from] Salt Cure\n|faint|p2a: Kingambit\n|-end|p2a: Kingambit|fallen2|[silent]\n|upkeep\n|\n|t:|1695176424\n|switch|p2a: Dragonite|Dragonite, F|100/100\n|switch|p1a: Slowking|Slowking, M|100/100\n|turn|17\n|\n|t:|1695176428\n|move|p2a: Dragonite|Dragon Dance|p2a: Dragonite\n|-boost|p2a: Dragonite|atk|1\n|-boost|p2a: Dragonite|spe|1\n|move|p1a: Slowking|Scald|p2a: Dragonite\n|-resisted|p2a: Dragonite\n|-crit|p2a: Dragonite\n|-damage|p2a: Dragonite|90/100\n|\n|upkeep\n|turn|18\n|\n|t:|1695176435\n|move|p2a: Dragonite|Dragon Dance|p2a: Dragonite\n|-boost|p2a: Dragonite|atk|1\n|-boost|p2a: Dragonite|spe|1\n|move|p1a: Slowking|Scald|p2a: Dragonite\n|-resisted|p2a: Dragonite\n|-damage|p2a: Dragonite|75/100\n|-status|p2a: Dragonite|brn\n|\n|-damage|p2a: Dragonite|69/100 brn|[from] brn\n|upkeep\n|turn|19\n|\n|t:|1695176438\n|move|p2a: Dragonite|Dragon Dance|p2a: Dragonite\n|-boost|p2a: Dragonite|atk|1\n|-boost|p2a: Dragonite|spe|1\n|move|p1a: Slowking|Future Sight|p2a: Dragonite\n|-start|p1a: Slowking|move: Future Sight\n|\n|-damage|p2a: Dragonite|63/100 brn|[from] brn\n|upkeep\n|turn|20\n|\n|t:|1695176440\n|move|p2a: Dragonite|Dragon Dance|p2a: Dragonite\n|-boost|p2a: Dragonite|atk|1\n|-boost|p2a: Dragonite|spe|1\n|move|p1a: Slowking|Scald|p2a: Dragonite\n|-resisted|p2a: Dragonite\n|-damage|p2a: Dragonite|48/100 brn\n|\n|-damage|p2a: Dragonite|42/100 brn|[from] brn\n|upkeep\n|turn|21\n|\n|t:|1695176444\n|move|p2a: Dragonite|Earthquake|p1a: Slowking\n|-damage|p1a: Slowking|40/100\n|move|p1a: Slowking|Scald|p2a: Dragonite\n|-resisted|p2a: Dragonite\n|-damage|p2a: Dragonite|30/100 brn\n|\n|-end|p2a: Dragonite|move: Future Sight\n|-damage|p2a: Dragonite|0 fnt\n|faint|p2a: Dragonite\n|upkeep\n|\n|t:|1695176448\n|switch|p2a: Great Tusk|Great Tusk|100/100\n|turn|22\n|\n|t:|1695176452\n|move|p2a: Great Tusk|Knock Off|p1a: Slowking\n|-supereffective|p1a: Slowking\n|-crit|p1a: Slowking\n|-damage|p1a: Slowking|0 fnt\n|-enditem|p1a: Slowking|Heavy-Duty Boots|[from] move: Knock Off|[of] p2a: Great Tusk\n|faint|p1a: Slowking\n|\n|win|chordoverstreet\n|raw|cylenx's rating: 1487 &rarr; <strong>1473</strong><br />(-14 for losing)\n|raw|chordoverstreet's rating: 1591 &rarr; <strong>1605</strong><br />(+14 for winning)\n|l|\u2606cylenx\n", "uploadtime": 1695176457, "views": 2, "p1id": "cylenx", "p2id": "chordoverstreet", "formatid": "gen9ou", "rating": 1473, "private": 0, "password": ""}