{"id": "gen9ou-1947635754", "p1": "chris_chris_14", "p2": "chillpanda21", "format": "gen9ou", "log": "|j|\u2606chris_chris_14\n|j|\u2606chillpanda21\n|t:|1695180349\n|gametype|singles\n|player|p1|chris_chris_14|2|1121\n|player|p2|chillpanda21|steven|1109\n|teamsize|p1|6\n|teamsize|p2|6\n|gen|9\n|tier|[Gen 9] OU\n|rated|\n|rule|Sleep Clause Mod: Limit one foe put to sleep\n|rule|Species Clause: Limit one of each Pok\u00e9mon\n|rule|OHKO Clause: OHKO moves are banned\n|rule|Evasion Items Clause: Evasion items are banned\n|rule|Evasion Moves Clause: Evasion moves are banned\n|rule|Endless Battle Clause: Forcing endless battles is banned\n|rule|HP Percentage Mod: HP is shown in percentages\n|clearpoke\n|poke|p1|Iron Moth|\n|poke|p1|Great Tusk|\n|poke|p1|Dragapult, F|\n|poke|p1|Cetitan, M|\n|poke|p1|Enamorus, F|\n|poke|p1|Ditto|\n|poke|p2|Slowking-Galar, M|\n|poke|p2|Heatran, F|\n|poke|p2|Ogerpon-Hearthflame, F|\n|poke|p2|Manaphy|\n|poke|p2|Corviknight, F|\n|poke|p2|Jirachi|\n|teampreview\n|\n|t:|1695180370\n|start\n|switch|p1a: Cetitan|Cetitan, M|100/100\n|switch|p2a: Ogerpon|Ogerpon-Hearthflame, F|100/100\n|-ability|p2a: Ogerpon|Mold Breaker\n|turn|1\n|inactive|Battle timer is ON: inactive players will automatically lose when time's up. (requested by chris_chris_14)\n|\n|t:|1695180403\n|-terastallize|p1a: Cetitan|Flying\n|move|p2a: Ogerpon|Ivy Cudgel|p1a: Cetitan\n|-damage|p1a: Cetitan|48/100\n|move|p1a: Cetitan|Tera Blast|p2a: Ogerpon\n|-supereffective|p2a: Ogerpon\n|-damage|p2a: Ogerpon|0 fnt\n|faint|p2a: Ogerpon\n|\n|-heal|p1a: Cetitan|55/100|[from] item: Leftovers\n|upkeep\n|\n|t:|1695180414\n|switch|p2a: Jirachi|Jirachi|100/100\n|turn|2\n|\n|t:|1695180422\n|move|p2a: Jirachi|Iron Head|p1a: Cetitan\n|-damage|p1a: Cetitan|18/100\n|move|p1a: Cetitan|Liquidation|p2a: Jirachi\n|-damage|p2a: Jirachi|72/100\n|\n|-heal|p1a: Cetitan|24/100|[from] item: Leftovers\n|upkeep\n|turn|3\n|\n|t:|1695180447\n|move|p1a: Cetitan|Ice Shard|p2a: Jirachi\n|-resisted|p2a: Jirachi\n|-damage|p2a: Jirachi|62/100\n|move|p2a: Jirachi|Iron Head|p1a: Cetitan\n|-damage|p1a: Cetitan|0 fnt\n|faint|p1a: Cetitan\n|\n|upkeep\n|c|\u2606chillpanda21|not nice\n|inactive|chris_chris_14 has 120 seconds left.\n|\n|t:|1695180463\n|switch|p1a: Great Tusk|Great Tusk|100/100\n|-enditem|p1a: Great Tusk|Booster Energy\n|-activate|p1a: Great Tusk|ability: Protosynthesis|[fromitem]\n|-start|p1a: Great Tusk|protosynthesisdef\n|turn|4\n|inactive|chris_chris_14 has 120 seconds left.\n|\n|t:|1695180479\n|switch|p2a: Corviknight|Corviknight, F|100/100\n|-ability|p2a: Corviknight|Pressure\n|move|p1a: Great Tusk|Rapid Spin|p2a: Corviknight\n|-resisted|p2a: Corviknight\n|-damage|p2a: Corviknight|94/100\n|-boost|p1a: Great Tusk|spe|1\n|\n|-heal|p2a: Corviknight|99/100|[from] item: Leftovers\n|upkeep\n|turn|5\n|\n|t:|1695180486\n|move|p1a: Great Tusk|Bulk Up|p1a: Great Tusk\n|-boost|p1a: Great Tusk|atk|1\n|-boost|p1a: Great Tusk|def|1\n|move|p2a: Corviknight|Bulk Up|p2a: Corviknight\n|-boost|p2a: Corviknight|atk|1\n|-boost|p2a: Corviknight|def|1\n|\n|-heal|p2a: Corviknight|100/100|[from] item: Leftovers\n|upkeep\n|turn|6\n|inactive|chris_chris_14 has 120 seconds left.\n|\n|t:|1695180493\n|move|p1a: Great Tusk|Bulk Up|p1a: Great Tusk\n|-boost|p1a: Great Tusk|atk|1\n|-boost|p1a: Great Tusk|def|1\n|move|p2a: Corviknight|Bulk Up|p2a: Corviknight\n|-boost|p2a: Corviknight|atk|1\n|-boost|p2a: Corviknight|def|1\n|\n|upkeep\n|turn|7\n|\n|t:|1695180497\n|move|p1a: Great Tusk|Bulk Up|p1a: Great Tusk\n|-boost|p1a: Great Tusk|atk|1\n|-boost|p1a: Great Tusk|def|1\n|move|p2a: Corviknight|Bulk Up|p2a: Corviknight\n|-boost|p2a: Corviknight|atk|1\n|-boost|p2a: Corviknight|def|1\n|\n|upkeep\n|turn|8\n|\n|t:|1695180504\n|move|p1a: Great Tusk|Bulk Up|p1a: Great Tusk\n|-boost|p1a: Great Tusk|atk|1\n|-boost|p1a: Great Tusk|def|1\n|move|p2a: Corviknight|Bulk Up|p2a: Corviknight\n|-boost|p2a: Corviknight|atk|1\n|-boost|p2a: Corviknight|def|1\n|\n|upkeep\n|turn|9\n|\n|t:|1695180520\n|move|p1a: Great Tusk|Bulk Up|p1a: Great Tusk\n|-boost|p1a: Great Tusk|atk|1\n|-boost|p1a: Great Tusk|def|1\n|move|p2a: Corviknight|Bulk Up|p2a: Corviknight\n|-boost|p2a: Corviknight|atk|1\n|-boost|p2a: Corviknight|def|1\n|\n|upkeep\n|turn|10\n|\n|t:|1695180525\n|move|p1a: Great Tusk|Body Press|p2a: Corviknight\n|-damage|p2a: Corviknight|68/100\n|move|p2a: Corviknight|Bulk Up|p2a: Corviknight\n|-boost|p2a: Corviknight|atk|1\n|-boost|p2a: Corviknight|def|1\n|\n|-heal|p2a: Corviknight|74/100|[from] item: Leftovers\n|upkeep\n|turn|11\n|\n|t:|1695180532\n|move|p1a: Great Tusk|Body Press|p2a: Corviknight\n|-damage|p2a: Corviknight|46/100\n|move|p2a: Corviknight|Agility|p2a: Corviknight\n|-boost|p2a: Corviknight|spe|2\n|\n|-heal|p2a: Corviknight|52/100|[from] item: Leftovers\n|upkeep\n|turn|12\n|\n|t:|1695180545\n|move|p2a: Corviknight|Roost|p2a: Corviknight\n|-heal|p2a: Corviknight|100/100\n|-singleturn|p2a: Corviknight|move: Roost\n|move|p1a: Great Tusk|Bulk Up|p1a: Great Tusk\n|-boost|p1a: Great Tusk|atk|1\n|-boost|p1a: Great Tusk|def|1\n|\n|upkeep\n|turn|13\n|\n|t:|1695180549\n|move|p2a: Corviknight|Agility|p2a: Corviknight\n|-boost|p2a: Corviknight|spe|2\n|move|p1a: Great Tusk|Body Press|p2a: Corviknight\n|-damage|p2a: Corviknight|66/100\n|\n|-heal|p2a: Corviknight|72/100|[from] item: Leftovers\n|upkeep\n|turn|14\n|\n|t:|1695180553\n|move|p2a: Corviknight|Agility|p2a: Corviknight\n|-boost|p2a: Corviknight|spe|2\n|move|p1a: Great Tusk|Body Press|p2a: Corviknight\n|-crit|p2a: Corviknight\n|-damage|p2a: Corviknight|0 fnt\n|faint|p2a: Corviknight\n|\n|upkeep\n|c|\u2606chillpanda21|watch this do like nothing\n|c|\u2606chris_chris_14|greedy\n|c|\u2606chillpanda21|WHOLE CRAP\n|c|\u2606chillpanda21|WHY\n|c|\u2606chillpanda21|NAHHHH\n|c|\u2606chillpanda21|:<\n|\n|t:|1695180572\n|switch|p2a: Jirachi|Jirachi|62/100\n|turn|15\n|c|\u2606chillpanda21|ima have to flinch you to death\n|c|\u2606chillpanda21|you asked for this\n|\n|t:|1695180586\n|-terastallize|p2a: Jirachi|Steel\n|move|p2a: Jirachi|Iron Head|p1a: Great Tusk\n|-damage|p1a: Great Tusk|95/100\n|move|p1a: Great Tusk|Rapid Spin|p2a: Jirachi\n|-resisted|p2a: Jirachi\n|-damage|p2a: Jirachi|29/100\n|-boost|p1a: Great Tusk|spe|1\n|\n|upkeep\n|turn|16\n|c|\u2606chillpanda21|fk\n|c|\u2606chillpanda21|XD\n|\n|t:|1695180598\n|move|p2a: Jirachi|Iron Head|p1a: Great Tusk\n|-damage|p1a: Great Tusk|90/100\n|cant|p1a: Great Tusk|flinch\n|\n|upkeep\n|turn|17\n|\n|t:|1695180602\n|move|p2a: Jirachi|Iron Head|p1a: Great Tusk\n|-crit|p1a: Great Tusk\n|-damage|p1a: Great Tusk|59/100\n|cant|p1a: Great Tusk|flinch\n|\n|upkeep\n|turn|18\n|\n|t:|1695180608\n|move|p2a: Jirachi|Iron Head|p1a: Great Tusk\n|-damage|p1a: Great Tusk|54/100\n|cant|p1a: Great Tusk|flinch\n|\n|upkeep\n|turn|19\n|\n|t:|1695180612\n|move|p2a: Jirachi|Iron Head|p1a: Great Tusk\n|-damage|p1a: Great Tusk|49/100\n|cant|p1a: Great Tusk|flinch\n|\n|upkeep\n|turn|20\n|c|\u2606chillpanda21|CRIT\n|c|\u2606chillpanda21|PLEASE\n|\n|t:|1695180617\n|move|p2a: Jirachi|Iron Head|p1a: Great Tusk\n|-damage|p1a: Great Tusk|44/100\n|move|p1a: Great Tusk|Rapid Spin|p2a: Jirachi\n|-resisted|p2a: Jirachi\n|-damage|p2a: Jirachi|0 fnt\n|-boost|p1a: Great Tusk|spe|1\n|faint|p2a: Jirachi\n|\n|upkeep\n|\n|t:|1695180622\n|switch|p2a: Heatran|Heatran, F|100/100\n|turn|21\n|\n|t:|1695180627\n|move|p1a: Great Tusk|Earthquake|p2a: Heatran\n|-supereffective|p2a: Heatran\n|-damage|p2a: Heatran|0 fnt\n|faint|p2a: Heatran\n|\n|upkeep\n|c|\u2606chris_chris_14|gg\n|\n|t:|1695180629\n|switch|p2a: Slowking|Slowking-Galar, M, shiny|100/100\n|turn|22\n|c|\u2606chillpanda21|gg\n|\n|t:|1695180635\n|move|p1a: Great Tusk|Earthquake|p2a: Slowking\n|-supereffective|p2a: Slowking\n|-damage|p2a: Slowking|0 fnt\n|faint|p2a: Slowking\n|\n|upkeep\n|-message|chillpanda21 forfeited.\n|\n|win|chris_chris_14\n|raw|chris_chris_14's rating: 1121 &rarr; <strong>1145</strong><br />(+24 for winning)\n|raw|chillpanda21's rating: 1109 &rarr; <strong>1085</strong><br />(-24 for losing)\n|l|\u2606chillpanda21\n", "uploadtime": 1695180582, "views": 2, "p1id": "chrischris14", "p2id": "chillpanda21", "formatid": "gen9ou", "rating": 1085, "private": 0, "password": ""}