{"id": "gen9ou-1947686259", "p1": "Mole Enthusiast", "p2": "JavierAHA2", "format": "gen9ou", "log": "|j|\u2606Mole Enthusiast\n|j|\u2606JavierAHA2\n|t:|1695186969\n|gametype|singles\n|player|p1|Mole Enthusiast|grimsley-gen7|1212\n|player|p2|JavierAHA2|1|1184\n|teamsize|p1|6\n|teamsize|p2|6\n|gen|9\n|tier|[Gen 9] OU\n|rated|\n|rule|Sleep Clause Mod: Limit one foe put to sleep\n|rule|Species Clause: Limit one of each Pok\u00e9mon\n|rule|OHKO Clause: OHKO moves are banned\n|rule|Evasion Items Clause: Evasion items are banned\n|rule|Evasion Moves Clause: Evasion moves are banned\n|rule|Endless Battle Clause: Forcing endless battles is banned\n|rule|HP Percentage Mod: HP is shown in percentages\n|clearpoke\n|poke|p1|Gholdengo|\n|poke|p1|Zapdos|\n|poke|p1|Kommo-o, M|\n|poke|p1|Munkidori, M|\n|poke|p1|Great Tusk|\n|poke|p1|Iron Valiant|\n|poke|p2|Heracross, F|\n|poke|p2|Dondozo, F|\n|poke|p2|Great Tusk|\n|poke|p2|Samurott-Hisui, F|\n|poke|p2|Gholdengo|\n|poke|p2|Slowking-Galar, F|\n|teampreview\n|inactive|Battle timer is ON: inactive players will automatically lose when time's up. (requested by Mole Enthusiast)\n|\n|t:|1695186984\n|start\n|switch|p1a: Zapdos|Zapdos|100/100\n|switch|p2a: Samurott|Samurott-Hisui, F|100/100\n|turn|1\n|\n|t:|1695186992\n|switch|p2a: Slowking|Slowking-Galar, F|100/100\n|move|p1a: Zapdos|Volt Switch|p2a: Slowking\n|-damage|p2a: Slowking|82/100\n|\n|t:|1695186998\n|switch|p1a: Great Tusk|Great Tusk|100/100|[from] Volt Switch\n|\n|-heal|p2a: Slowking|88/100|[from] item: Black Sludge\n|upkeep\n|turn|2\n|\n|t:|1695187005\n|switch|p2a: Dondozo|Dondozo, F|100/100\n|move|p1a: Great Tusk|Earthquake|p2a: Dondozo\n|-damage|p2a: Dondozo|81/100\n|\n|-heal|p2a: Dondozo|87/100|[from] item: Leftovers\n|upkeep\n|turn|3\n|\n|t:|1695187023\n|switch|p2a: Gholdengo|Gholdengo|100/100\n|move|p1a: Great Tusk|Knock Off|p2a: Gholdengo\n|-supereffective|p2a: Gholdengo\n|-damage|p2a: Gholdengo|37/100\n|-enditem|p2a: Gholdengo|Choice Scarf|[from] move: Knock Off|[of] p1a: Great Tusk\n|\n|upkeep\n|turn|4\n|\n|t:|1695187035\n|switch|p2a: Dondozo|Dondozo, F|87/100\n|move|p1a: Great Tusk|Earthquake|p2a: Dondozo\n|-damage|p2a: Dondozo|68/100\n|\n|-heal|p2a: Dondozo|74/100|[from] item: Leftovers\n|upkeep\n|turn|5\n|\n|t:|1695187044\n|move|p1a: Great Tusk|Knock Off|p2a: Dondozo\n|-damage|p2a: Dondozo|62/100\n|-enditem|p2a: Dondozo|Leftovers|[from] move: Knock Off|[of] p1a: Great Tusk\n|move|p2a: Dondozo|Liquidation|p1a: Great Tusk\n|-supereffective|p1a: Great Tusk\n|-damage|p1a: Great Tusk|73/100\n|\n|-heal|p1a: Great Tusk|79/100|[from] item: Leftovers\n|upkeep\n|turn|6\n|\n|t:|1695187057\n|-end|p1a: Great Tusk|Protosynthesis|[silent]\n|switch|p1a: Zapdos|Zapdos|100/100\n|move|p2a: Dondozo|Liquidation|p1a: Zapdos\n|-damage|p1a: Zapdos|76/100\n|\n|upkeep\n|turn|7\n|\n|t:|1695187064\n|switch|p2a: Great Tusk|Great Tusk|100/100\n|move|p1a: Zapdos|Volt Switch|p2a: Great Tusk\n|-immune|p2a: Great Tusk\n|\n|upkeep\n|turn|8\n|\n|t:|1695187073\n|move|p1a: Zapdos|Hurricane|p2a: Great Tusk\n|-supereffective|p2a: Great Tusk\n|-enditem|p2a: Great Tusk|Focus Sash\n|-damage|p2a: Great Tusk|1/100\n|-start|p2a: Great Tusk|confusion\n|-activate|p2a: Great Tusk|confusion\n|-damage|p2a: Great Tusk|0 fnt|[from] confusion\n|faint|p2a: Great Tusk\n|-end|p2a: Great Tusk|Protosynthesis|[silent]\n|\n|upkeep\n|c|\u2606Mole Enthusiast|lmao\n|-message|JavierAHA2 forfeited.\n|\n|win|Mole Enthusiast\n|raw|Mole Enthusiast's rating: 1212 &rarr; <strong>1235</strong><br />(+23 for winning)\n|raw|JavierAHA2's rating: 1184 &rarr; <strong>1161</strong><br />(-23 for losing)\n|l|\u2606JavierAHA2\n", "uploadtime": 1695187086, "views": 8, "p1id": "moleenthusiast", "p2id": "javieraha2", "formatid": "gen9ou", "rating": 1161, "private": 0, "password": ""}