{"id": "gen9ou-1947636836", "p1": "DonSoupLoops", "p2": "Katyqueen", "format": "gen9ou", "log": "|j|\u2606DonSoupLoops\n|j|\u2606Katyqueen\n|t:|1695180476\n|gametype|singles\n|player|p1|DonSoupLoops|266|1032\n|player|p2|Katyqueen|shauntal|1080\n|teamsize|p1|6\n|teamsize|p2|6\n|gen|9\n|tier|[Gen 9] OU\n|rated|\n|rule|Sleep Clause Mod: Limit one foe put to sleep\n|rule|Species Clause: Limit one of each Pok\u00e9mon\n|rule|OHKO Clause: OHKO moves are banned\n|rule|Evasion Items Clause: Evasion items are banned\n|rule|Evasion Moves Clause: Evasion moves are banned\n|rule|Endless Battle Clause: Forcing endless battles is banned\n|rule|HP Percentage Mod: HP is shown in percentages\n|clearpoke\n|poke|p1|Toxicroak, F|\n|poke|p1|Pelipper, F|\n|poke|p1|Brute Bonnet|\n|poke|p1|Brambleghast, F|\n|poke|p1|Dragonite, F|\n|poke|p1|Munkidori, M|\n|poke|p2|Ninetales-Alola, F|\n|poke|p2|Sandslash-Alola, M|\n|poke|p2|Frosmoth, F|\n|poke|p2|Landorus-Therian, M|\n|poke|p2|Manaphy|\n|poke|p2|Kingambit, F|\n|teampreview\n|\n|t:|1695180487\n|start\n|switch|p1a: Pelipper|Pelipper, F|100/100\n|switch|p2a: Manaphy|Manaphy|100/100\n|-weather|RainDance|[from] ability: Drizzle|[of] p1a: Pelipper\n|turn|1\n|\n|t:|1695180493\n|move|p2a: Manaphy|Tail Glow|p2a: Manaphy\n|-boost|p2a: Manaphy|spa|3\n|move|p1a: Pelipper|Tailwind|p1a: Pelipper\n|-sidestart|p1: DonSoupLoops|move: Tailwind\n|\n|-weather|RainDance|[upkeep]\n|upkeep\n|turn|2\n|\n|t:|1695180507\n|move|p2a: Manaphy|Surf|p1a: Pelipper\n|-resisted|p1a: Pelipper\n|-damage|p1a: Pelipper|0 fnt\n|faint|p1a: Pelipper\n|\n|-weather|RainDance|[upkeep]\n|upkeep\n|\n|t:|1695180513\n|switch|p1a: Brambleghast|Brambleghast, F|100/100\n|-ability|p1a: Brambleghast|Wind Rider|boost\n|-boost|p1a: Brambleghast|atk|1\n|turn|3\n|\n|t:|1695180522\n|move|p1a: Brambleghast|Power Whip|p2a: Manaphy\n|-supereffective|p2a: Manaphy\n|-enditem|p2a: Manaphy|Rindo Berry|[eat]\n|-enditem|p2a: Manaphy|Rindo Berry|[weaken]\n|-damage|p2a: Manaphy|0 fnt\n|faint|p2a: Manaphy\n|-damage|p1a: Brambleghast|91/100|[from] item: Life Orb\n|\n|-weather|RainDance|[upkeep]\n|upkeep\n|\n|t:|1695180531\n|switch|p2a: Ninetales|Ninetales-Alola, F|100/100\n|-weather|Snow|[from] ability: Snow Warning|[of] p2a: Ninetales\n|turn|4\n|inactive|Battle timer is ON: inactive players will automatically lose when time's up. (requested by Katyqueen)\n|\n|t:|1695180556\n|-terastallize|p1a: Brambleghast|Water\n|move|p1a: Brambleghast|Tera Blast|p2a: Ninetales\n|-damage|p2a: Ninetales|36/100\n|-damage|p1a: Brambleghast|81/100|[from] item: Life Orb\n|move|p2a: Ninetales|Aurora Veil|p2a: Ninetales\n|-sidestart|p2: Katyqueen|move: Aurora Veil\n|\n|-weather|Snow|[upkeep]\n|-sideend|p1: DonSoupLoops|move: Tailwind\n|upkeep\n|turn|5\n|\n|t:|1695180572\n|move|p2a: Ninetales|Freeze-Dry|p1a: Brambleghast\n|-supereffective|p1a: Brambleghast\n|-damage|p1a: Brambleghast|3/100\n|move|p1a: Brambleghast|Tera Blast|p2a: Ninetales\n|-damage|p2a: Ninetales|7/100\n|-damage|p1a: Brambleghast|0 fnt|[from] item: Life Orb\n|faint|p1a: Brambleghast\n|\n|-weather|Snow|[upkeep]\n|upkeep\n|\n|t:|1695180583\n|switch|p1a: Dragonite|Dragonite, F|100/100\n|turn|6\n|\n|t:|1695180586\n|switch|p2a: Sandslash|Sandslash-Alola, M|100/100\n|move|p1a: Dragonite|Extreme Speed|p2a: Sandslash\n|-resisted|p2a: Sandslash\n|-damage|p2a: Sandslash|95/100\n|\n|-weather|Snow|[upkeep]\n|upkeep\n|turn|7\n|\n|t:|1695180599\n|switch|p1a: Toxicroak|Toxicroak, F, shiny|100/100\n|move|p2a: Sandslash|Icicle Crash|p1a: Toxicroak\n|-damage|p1a: Toxicroak|0 fnt\n|faint|p1a: Toxicroak\n|\n|-weather|Snow|[upkeep]\n|upkeep\n|\n|t:|1695180608\n|switch|p1a: Munkidori|Munkidori, M|100/100\n|turn|8\n|\n|t:|1695180614\n|move|p2a: Sandslash|Icicle Crash|p1a: Munkidori\n|-damage|p1a: Munkidori|8/100\n|move|p1a: Munkidori|Calm Mind|p1a: Munkidori\n|-boost|p1a: Munkidori|spa|1\n|-boost|p1a: Munkidori|spd|1\n|\n|-weather|none\n|upkeep\n|turn|9\n|\n|t:|1695180624\n|move|p1a: Munkidori|Psychic|p2a: Sandslash\n|-resisted|p2a: Sandslash\n|-damage|p2a: Sandslash|65/100\n|move|p2a: Sandslash|Icicle Crash|p1a: Munkidori\n|-damage|p1a: Munkidori|0 fnt\n|faint|p1a: Munkidori\n|\n|upkeep\n|-message|DonSoupLoops forfeited.\n|\n|win|Katyqueen\n|raw|DonSoupLoops's rating: 1032 &rarr; <strong>1019</strong><br />(-13 for losing)\n|raw|Katyqueen's rating: 1080 &rarr; <strong>1104</strong><br />(+24 for winning)\n|l|\u2606DonSoupLoops\n", "uploadtime": 1695180636, "views": 5, "p1id": "donsouploops", "p2id": "katyqueen", "formatid": "gen9ou", "rating": 1019, "private": 0, "password": ""}