{"id": "gen9ou-1947659508", "p1": "Kingkaz101", "p2": "4war4e", "format": "gen9ou", "log": "|j|\u2606Kingkaz101\n|j|\u26064war4e\n|t:|1695183237\n|gametype|singles\n|player|p1|Kingkaz101|2|1576\n|player|p2|4war4e|1|1549\n|teamsize|p1|6\n|teamsize|p2|6\n|gen|9\n|tier|[Gen 9] OU\n|rated|\n|rule|Sleep Clause Mod: Limit one foe put to sleep\n|rule|Species Clause: Limit one of each Pok\u00e9mon\n|rule|OHKO Clause: OHKO moves are banned\n|rule|Evasion Items Clause: Evasion items are banned\n|rule|Evasion Moves Clause: Evasion moves are banned\n|rule|Endless Battle Clause: Forcing endless battles is banned\n|rule|HP Percentage Mod: HP is shown in percentages\n|clearpoke\n|poke|p1|Ursaluna-Bloodmoon, M|\n|poke|p1|Heatran, M|\n|poke|p1|Corviknight, F|\n|poke|p1|Dragapult, F|\n|poke|p1|Breloom, F|\n|poke|p1|Infernape, F|\n|poke|p2|Mew|\n|poke|p2|Ursaluna-Bloodmoon, M|\n|poke|p2|Ogerpon-Hearthflame, F|\n|poke|p2|Walking Wake|\n|poke|p2|Ninetales, M|\n|poke|p2|Great Tusk|\n|teampreview\n|\n|t:|1695183246\n|start\n|switch|p1a: Dragapult|Dragapult, F|100/100\n|switch|p2a: Ursaluna|Ursaluna-Bloodmoon, M|100/100\n|turn|1\n|inactive|Battle timer is ON: inactive players will automatically lose when time's up. (requested by 4war4e)\n|\n|t:|1695183250\n|move|p1a: Dragapult|Draco Meteor|p2a: Ursaluna\n|-damage|p2a: Ursaluna|6/100\n|-unboost|p1a: Dragapult|spa|2\n|move|p2a: Ursaluna|Blood Moon|p1a: Dragapult\n|-damage|p1a: Dragapult|0 fnt\n|faint|p1a: Dragapult\n|\n|upkeep\n|\n|t:|1695183255\n|switch|p1a: Infernape|Infernape, F|100/100\n|turn|2\n|\n|t:|1695183258\n|switch|p2a: Ninetales|Ninetales, M|100/100\n|-weather|SunnyDay|[from] ability: Drought|[of] p2a: Ninetales\n|move|p1a: Infernape|Vacuum Wave|p2a: Ninetales\n|-damage|p2a: Ninetales|74/100\n|-damage|p1a: Infernape|91/100|[from] item: Life Orb\n|\n|-weather|SunnyDay|[upkeep]\n|upkeep\n|turn|3\n|\n|t:|1695183265\n|switch|p2a: Ursaluna|Ursaluna-Bloodmoon, M|6/100\n|move|p1a: Infernape|Close Combat|p2a: Ursaluna\n|-supereffective|p2a: Ursaluna\n|-damage|p2a: Ursaluna|0 fnt\n|-unboost|p1a: Infernape|def|1\n|-unboost|p1a: Infernape|spd|1\n|faint|p2a: Ursaluna\n|-damage|p1a: Infernape|81/100|[from] item: Life Orb\n|\n|-weather|SunnyDay|[upkeep]\n|upkeep\n|\n|t:|1695183268\n|switch|p2a: Walking Wake|Walking Wake|100/100\n|-activate|p2a: Walking Wake|ability: Protosynthesis\n|-start|p2a: Walking Wake|protosynthesisspe\n|turn|4\n|\n|t:|1695183282\n|switch|p1a: Corviknight|Corviknight, F|100/100\n|-ability|p1a: Corviknight|Pressure\n|move|p2a: Walking Wake|Hydro Steam|p1a: Corviknight\n|-damage|p1a: Corviknight|18/100\n|\n|-weather|SunnyDay|[upkeep]\n|upkeep\n|turn|5\n|\n|t:|1695183293\n|move|p2a: Walking Wake|Hydro Steam|p1a: Corviknight\n|-damage|p1a: Corviknight|0 fnt\n|faint|p1a: Corviknight\n|\n|-weather|SunnyDay|[upkeep]\n|upkeep\n|\n|t:|1695183296\n|switch|p1a: Heatran|Heatran, M|100/100\n|turn|6\n|\n|t:|1695183311\n|-end|p2a: Walking Wake|Protosynthesis|[silent]\n|switch|p2a: Mew|Mew|100/100\n|move|p1a: Heatran|Earth Power|p2a: Mew\n|-damage|p2a: Mew|80/100\n|-unboost|p2a: Mew|spd|1\n|\n|-weather|SunnyDay|[upkeep]\n|-heal|p2a: Mew|86/100|[from] item: Leftovers\n|upkeep\n|turn|7\n|\n|t:|1695183325\n|move|p2a: Mew|Imprison|p2a: Mew\n|-start|p2a: Mew|move: Imprison\n|move|p1a: Heatran|Stealth Rock|p2a: Mew\n|-sidestart|p2: 4war4e|move: Stealth Rock\n|\n|-weather|SunnyDay|[upkeep]\n|-heal|p2a: Mew|92/100|[from] item: Leftovers\n|upkeep\n|turn|8\n|\n|t:|1695183340\n|move|p2a: Mew|Transform|p1a: Heatran\n|-transform|p2a: Mew|p1a: Heatran\n|cant|p1a: Heatran|move: Imprison|Magma Storm\n|\n|-weather|SunnyDay|[upkeep]\n|-heal|p2a: Mew|98/100|[from] item: Leftovers\n|upkeep\n|turn|9\n|\n|t:|1695183359\n|switch|p1a: Breloom|Breloom, F|100/100\n|move|p2a: Mew|Magma Storm|p1a: Breloom\n|-supereffective|p1a: Breloom\n|-damage|p1a: Breloom|0 fnt\n|faint|p1a: Breloom\n|\n|-weather|none\n|-heal|p2a: Mew|100/100|[from] item: Leftovers\n|upkeep\n|\n|t:|1695183371\n|switch|p1a: Ursaluna|Ursaluna-Bloodmoon, M|100/100\n|turn|10\n|\n|t:|1695183376\n|switch|p2a: Ninetales|Ninetales, M|74/100\n|-damage|p2a: Ninetales|50/100|[from] Stealth Rock\n|-weather|SunnyDay|[from] ability: Drought|[of] p2a: Ninetales\n|move|p1a: Ursaluna|Calm Mind|p1a: Ursaluna\n|-boost|p1a: Ursaluna|spa|1\n|-boost|p1a: Ursaluna|spd|1\n|\n|-weather|SunnyDay|[upkeep]\n|upkeep\n|turn|11\n|\n|t:|1695183386\n|-terastallize|p1a: Ursaluna|Fighting\n|move|p1a: Ursaluna|Vacuum Wave|p2a: Ninetales\n|-damage|p2a: Ninetales|13/100\n|move|p2a: Ninetales|Encore|p1a: Ursaluna\n|-start|p1a: Ursaluna|Encore\n|\n|-weather|SunnyDay|[upkeep]\n|upkeep\n|turn|12\n|\n|t:|1695183394\n|switch|p2a: Mew|Mew|100/100\n|-damage|p2a: Mew|88/100|[from] Stealth Rock\n|move|p1a: Ursaluna|Vacuum Wave|p2a: Mew\n|-resisted|p2a: Mew\n|-damage|p2a: Mew|76/100\n|\n|-weather|SunnyDay|[upkeep]\n|-heal|p2a: Mew|82/100|[from] item: Leftovers\n|upkeep\n|turn|13\n|\n|t:|1695183412\n|move|p1a: Ursaluna|Vacuum Wave|p2a: Mew\n|-resisted|p2a: Mew\n|-damage|p2a: Mew|70/100\n|move|p2a: Mew|Transform|p1a: Ursaluna\n|-transform|p2a: Mew|p1a: Ursaluna\n|\n|-weather|SunnyDay|[upkeep]\n|-heal|p2a: Mew|76/100|[from] item: Leftovers\n|upkeep\n|-start|p2a: Mew|typechange|Ground/Normal|[silent]\n|turn|14\n|\n|t:|1695183416\n|switch|p1a: Heatran|Heatran, M|100/100\n|move|p2a: Mew|Blood Moon|p1a: Heatran\n|-resisted|p1a: Heatran\n|-damage|p1a: Heatran|66/100\n|\n|-weather|SunnyDay|[upkeep]\n|-heal|p1a: Heatran|73/100|[from] item: Leftovers\n|-heal|p2a: Mew|82/100|[from] item: Leftovers\n|upkeep\n|turn|15\n|\n|t:|1695183425\n|move|p1a: Heatran|Magma Storm|p2a: Mew|[miss]\n|-miss|p1a: Heatran|p2a: Mew\n|move|p2a: Mew|Calm Mind|p2a: Mew\n|-boost|p2a: Mew|spa|1\n|-boost|p2a: Mew|spd|1\n|\n|-weather|SunnyDay|[upkeep]\n|-heal|p1a: Heatran|79/100|[from] item: Leftovers\n|-heal|p2a: Mew|88/100|[from] item: Leftovers\n|upkeep\n|turn|16\n|\n|t:|1695183430\n|move|p1a: Heatran|Magma Storm|p2a: Mew\n|-damage|p2a: Mew|46/100\n|-activate|p2a: Mew|move: Magma Storm|[of] p1a: Heatran\n|move|p2a: Mew|Calm Mind|p2a: Mew\n|-boost|p2a: Mew|spa|1\n|-boost|p2a: Mew|spd|1\n|\n|-weather|SunnyDay|[upkeep]\n|-heal|p1a: Heatran|85/100|[from] item: Leftovers\n|-heal|p2a: Mew|52/100|[from] item: Leftovers\n|-damage|p2a: Mew|40/100|[from] move: Magma Storm|[partiallytrapped]\n|upkeep\n|turn|17\n|\n|t:|1695183436\n|move|p1a: Heatran|Flash Cannon|p2a: Mew\n|-damage|p2a: Mew|23/100\n|move|p2a: Mew|Moonlight|p2a: Mew\n|-heal|p2a: Mew|89/100\n|\n|-weather|none\n|-heal|p1a: Heatran|91/100|[from] item: Leftovers\n|-heal|p2a: Mew|96/100|[from] item: Leftovers\n|-damage|p2a: Mew|83/100|[from] move: Magma Storm|[partiallytrapped]\n|upkeep\n|turn|18\n|\n|t:|1695183442\n|move|p1a: Heatran|Flash Cannon|p2a: Mew\n|-damage|p2a: Mew|68/100\n|move|p2a: Mew|Calm Mind|p2a: Mew\n|-boost|p2a: Mew|spa|1\n|-boost|p2a: Mew|spd|1\n|\n|-heal|p1a: Heatran|97/100|[from] item: Leftovers\n|-heal|p2a: Mew|74/100|[from] item: Leftovers\n|-damage|p2a: Mew|61/100|[from] move: Magma Storm|[partiallytrapped]\n|upkeep\n|turn|19\n|\n|t:|1695183446\n|move|p1a: Heatran|Flash Cannon|p2a: Mew\n|-damage|p2a: Mew|47/100\n|move|p2a: Mew|Moonlight|p2a: Mew\n|-heal|p2a: Mew|97/100\n|\n|-heal|p1a: Heatran|100/100|[from] item: Leftovers\n|-heal|p2a: Mew|100/100|[from] item: Leftovers\n|-damage|p2a: Mew|88/100|[from] move: Magma Storm|[partiallytrapped]\n|upkeep\n|turn|20\n|\n|t:|1695183448\n|move|p1a: Heatran|Flash Cannon|p2a: Mew\n|-damage|p2a: Mew|74/100\n|move|p2a: Mew|Calm Mind|p2a: Mew\n|-boost|p2a: Mew|spa|1\n|-boost|p2a: Mew|spd|1\n|\n|-heal|p2a: Mew|80/100|[from] item: Leftovers\n|-end|p2a: Mew|Magma Storm|[partiallytrapped]\n|upkeep\n|turn|21\n|\n|t:|1695183451\n|move|p1a: Heatran|Magma Storm|p2a: Mew|[miss]\n|-miss|p1a: Heatran|p2a: Mew\n|move|p2a: Mew|Calm Mind|p2a: Mew\n|-boost|p2a: Mew|spa|1\n|-boost|p2a: Mew|spd|1\n|\n|-heal|p2a: Mew|86/100|[from] item: Leftovers\n|upkeep\n|turn|22\n|\n|t:|1695183454\n|move|p2a: Mew|Vacuum Wave|p1a: Heatran\n|-supereffective|p1a: Heatran\n|-damage|p1a: Heatran|38/100\n|move|p1a: Heatran|Magma Storm|p2a: Mew\n|-damage|p2a: Mew|74/100\n|-activate|p2a: Mew|move: Magma Storm|[of] p1a: Heatran\n|\n|-heal|p1a: Heatran|45/100|[from] item: Leftovers\n|-heal|p2a: Mew|80/100|[from] item: Leftovers\n|-damage|p2a: Mew|68/100|[from] move: Magma Storm|[partiallytrapped]\n|upkeep\n|turn|23\n|\n|t:|1695183459\n|move|p2a: Mew|Vacuum Wave|p1a: Heatran\n|-supereffective|p1a: Heatran\n|-damage|p1a: Heatran|0 fnt\n|faint|p1a: Heatran\n|\n|-heal|p2a: Mew|74/100|[from] item: Leftovers\n|-end|p2a: Mew|Magma Storm|[partiallytrapped]|[silent]\n|upkeep\n|\n|t:|1695183461\n|switch|p1a: Infernape|Infernape, F|81/100\n|turn|24\n|\n|t:|1695183468\n|move|p1a: Infernape|Vacuum Wave|p2a: Mew\n|-supereffective|p2a: Mew\n|-damage|p2a: Mew|60/100\n|-damage|p1a: Infernape|71/100|[from] item: Life Orb\n|move|p2a: Mew|Vacuum Wave|p1a: Infernape\n|-damage|p1a: Infernape|0 fnt\n|faint|p1a: Infernape\n|\n|-heal|p2a: Mew|67/100|[from] item: Leftovers\n|upkeep\n|\n|t:|1695183471\n|switch|p1a: Ursaluna|Ursaluna-Bloodmoon, M, tera:Fighting|100/100\n|turn|25\n|\n|t:|1695183475\n|move|p2a: Mew|Blood Moon|p1a: Ursaluna\n|-damage|p1a: Ursaluna|0 fnt\n|faint|p1a: Ursaluna\n|\n|win|4war4e\n|raw|Kingkaz101's rating: 1576 &rarr; <strong>1554</strong><br />(-22 for losing)\n|raw|4war4e's rating: 1549 &rarr; <strong>1571</strong><br />(+22 for winning)\n|l|\u2606Kingkaz101\n", "uploadtime": 1695183480, "views": 3, "p1id": "kingkaz101", "p2id": "4war4e", "formatid": "gen9ou", "rating": 1554, "private": 0, "password": ""}