{"id": "gen9ou-1947645316", "p1": "wei1020", "p2": "rrmacher", "format": "gen9ou", "log": "|j|\u2606wei1020\n|j|\u2606rrmacher\n|t:|1695181446\n|gametype|singles\n|player|p1|wei1020|rosa|1532\n|player|p2|rrmacher|archer|1588\n|teamsize|p1|6\n|teamsize|p2|6\n|gen|9\n|tier|[Gen 9] OU\n|rated|\n|rule|Sleep Clause Mod: Limit one foe put to sleep\n|rule|Species Clause: Limit one of each Pok\u00e9mon\n|rule|OHKO Clause: OHKO moves are banned\n|rule|Evasion Items Clause: Evasion items are banned\n|rule|Evasion Moves Clause: Evasion moves are banned\n|rule|Endless Battle Clause: Forcing endless battles is banned\n|rule|HP Percentage Mod: HP is shown in percentages\n|clearpoke\n|poke|p1|Toxapex, F|\n|poke|p1|Scizor, M|\n|poke|p1|Greninja-*, M|\n|poke|p1|Roaring Moon|\n|poke|p1|Ting-Lu|\n|poke|p1|Great Tusk|\n|poke|p2|Kingambit, F|\n|poke|p2|Gholdengo|\n|poke|p2|Ogerpon-Wellspring, F|\n|poke|p2|Gliscor, F|\n|poke|p2|Iron Valiant|\n|poke|p2|Great Tusk|\n|teampreview\n|inactive|Battle timer is ON: inactive players will automatically lose when time's up. (requested by rrmacher)\n|\n|t:|1695181453\n|start\n|switch|p1a: Roaring Moon|Roaring Moon|100/100\n|switch|p2a: Ogerpon|Ogerpon-Wellspring, F|100/100\n|turn|1\n|\n|t:|1695181465\n|switch|p2a: Great Tusk|Great Tusk|100/100\n|move|p1a: Roaring Moon|Knock Off|p2a: Great Tusk\n|-resisted|p2a: Great Tusk\n|-damage|p2a: Great Tusk|81/100\n|-enditem|p2a: Great Tusk|Leftovers|[from] move: Knock Off|[of] p1a: Roaring Moon\n|\n|upkeep\n|turn|2\n|\n|t:|1695181487\n|-end|p2a: Great Tusk|Protosynthesis|[silent]\n|switch|p2a: Gliscor|Gliscor, F, shiny|100/100\n|-end|p1a: Roaring Moon|Protosynthesis|[silent]\n|switch|p1a: Toxapex|Toxapex, F|100/100\n|\n|-status|p2a: Gliscor|tox|[from] item: Toxic Orb\n|upkeep\n|turn|3\n|\n|t:|1695181496\n|move|p2a: Gliscor|Spikes|p1a: Toxapex\n|-sidestart|p1: wei1020|Spikes\n|move|p1a: Toxapex|Toxic Spikes|p2a: Gliscor\n|-sidestart|p2: rrmacher|move: Toxic Spikes\n|\n|upkeep\n|turn|4\n|\n|t:|1695181501\n|switch|p1a: Great Tusk|Great Tusk|100/100\n|-damage|p1a: Great Tusk|88/100|[from] Spikes\n|move|p2a: Gliscor|Spikes|p1a: Great Tusk\n|-sidestart|p1: wei1020|Spikes\n|\n|-heal|p1a: Great Tusk|94/100|[from] item: Leftovers\n|upkeep\n|turn|5\n|\n|t:|1695181510\n|move|p2a: Gliscor|Earthquake|p1a: Great Tusk\n|-damage|p1a: Great Tusk|74/100\n|move|p1a: Great Tusk|Earthquake|p2a: Gliscor\n|-immune|p2a: Gliscor\n|\n|-heal|p1a: Great Tusk|80/100|[from] item: Leftovers\n|upkeep\n|turn|6\n|\n|t:|1695181520\n|switch|p2a: Gholdengo|Gholdengo|100/100\n|-item|p2a: Gholdengo|Air Balloon\n|move|p1a: Great Tusk|Earthquake|p2a: Gholdengo\n|-immune|p2a: Gholdengo\n|\n|-heal|p1a: Great Tusk|87/100|[from] item: Leftovers\n|upkeep\n|turn|7\n|\n|t:|1695181542\n|-end|p1a: Great Tusk|Protosynthesis|[silent]\n|switch|p1a: Toxapex|Toxapex, F|100/100\n|-damage|p1a: Toxapex|84/100|[from] Spikes\n|move|p2a: Gholdengo|Make It Rain|p1a: Toxapex\n|-resisted|p1a: Toxapex\n|-damage|p1a: Toxapex|58/100\n|-unboost|p2a: Gholdengo|spa|1\n|\n|upkeep\n|turn|8\n|\n|t:|1695181553\n|move|p2a: Gholdengo|Nasty Plot|p2a: Gholdengo\n|-boost|p2a: Gholdengo|spa|2\n|move|p1a: Toxapex|Surf|p2a: Gholdengo\n|-damage|p2a: Gholdengo|83/100\n|-enditem|p2a: Gholdengo|Air Balloon\n|\n|upkeep\n|turn|9\n|\n|t:|1695181561\n|switch|p1a: Roaring Moon|Roaring Moon|100/100\n|-damage|p1a: Roaring Moon|84/100|[from] Spikes\n|move|p2a: Gholdengo|Shadow Ball|p1a: Roaring Moon\n|-resisted|p1a: Roaring Moon\n|-damage|p1a: Roaring Moon|58/100\n|\n|-heal|p1a: Roaring Moon|64/100|[from] item: Leftovers\n|upkeep\n|turn|10\n|\n|t:|1695181576\n|move|p1a: Roaring Moon|Knock Off|p2a: Gholdengo\n|-supereffective|p2a: Gholdengo\n|-damage|p2a: Gholdengo|8/100\n|move|p2a: Gholdengo|Make It Rain|p1a: Roaring Moon\n|-damage|p1a: Roaring Moon|0 fnt\n|-unboost|p2a: Gholdengo|spa|1\n|faint|p1a: Roaring Moon\n|-end|p1a: Roaring Moon|Protosynthesis|[silent]\n|\n|upkeep\n|\n|t:|1695181588\n|switch|p1a: Scizor|Scizor, M|100/100\n|-damage|p1a: Scizor|84/100|[from] Spikes\n|turn|11\n|\n|t:|1695181593\n|switch|p2a: Gliscor|Gliscor, F, shiny|100/100 tox\n|move|p1a: Scizor|Swords Dance|p1a: Scizor\n|-boost|p1a: Scizor|atk|2\n|\n|upkeep\n|turn|12\n|inactive|wei1020 has 120 seconds left.\n|\n|t:|1695181620\n|move|p1a: Scizor|Bullet Punch|p2a: Gliscor\n|-damage|p2a: Gliscor|43/100 tox\n|move|p2a: Gliscor|Earthquake|p1a: Scizor\n|-damage|p1a: Scizor|51/100\n|\n|-heal|p2a: Gliscor|56/100 tox|[from] ability: Poison Heal\n|upkeep\n|turn|13\n|inactive|wei1020 has 120 seconds left.\n|\n|t:|1695181631\n|move|p1a: Scizor|Bullet Punch|p2a: Gliscor\n|-damage|p2a: Gliscor|0 fnt\n|faint|p2a: Gliscor\n|\n|upkeep\n|\n|t:|1695181635\n|switch|p2a: Great Tusk|Great Tusk|81/100\n|-status|p2a: Great Tusk|psn\n|turn|14\n|inactive|wei1020 has 120 seconds left.\n|\n|t:|1695181647\n|switch|p1a: Great Tusk|Great Tusk|87/100\n|-damage|p1a: Great Tusk|70/100|[from] Spikes\n|move|p2a: Great Tusk|Bulk Up|p2a: Great Tusk\n|-boost|p2a: Great Tusk|atk|1\n|-boost|p2a: Great Tusk|def|1\n|\n|-heal|p1a: Great Tusk|76/100|[from] item: Leftovers\n|-damage|p2a: Great Tusk|69/100 psn|[from] psn\n|upkeep\n|turn|15\n|inactive|wei1020 has 120 seconds left.\n|\n|t:|1695181658\n|move|p2a: Great Tusk|Rapid Spin|p1a: Great Tusk\n|-damage|p1a: Great Tusk|64/100\n|-boost|p2a: Great Tusk|spe|1\n|-sideend|p2: rrmacher|Toxic Spikes|[from] move: Rapid Spin|[of] p2a: Great Tusk\n|move|p1a: Great Tusk|Rapid Spin|p2a: Great Tusk\n|-damage|p2a: Great Tusk|61/100 psn\n|-boost|p1a: Great Tusk|spe|1\n|-sideend|p1: wei1020|Spikes|[from] move: Rapid Spin|[of] p1a: Great Tusk\n|\n|-heal|p1a: Great Tusk|70/100|[from] item: Leftovers\n|-damage|p2a: Great Tusk|48/100 psn|[from] psn\n|upkeep\n|turn|16\n|inactive|wei1020 has 120 seconds left.\n|\n|t:|1695181670\n|move|p2a: Great Tusk|Bulk Up|p2a: Great Tusk\n|-boost|p2a: Great Tusk|atk|1\n|-boost|p2a: Great Tusk|def|1\n|move|p1a: Great Tusk|Ice Spinner|p2a: Great Tusk\n|-supereffective|p2a: Great Tusk\n|-damage|p2a: Great Tusk|29/100 psn\n|\n|-heal|p1a: Great Tusk|76/100|[from] item: Leftovers\n|-damage|p2a: Great Tusk|17/100 psn|[from] psn\n|upkeep\n|turn|17\n|inactive|wei1020 has 120 seconds left.\n|\n|t:|1695181681\n|-end|p1a: Great Tusk|Protosynthesis|[silent]\n|switch|p1a: Toxapex|Toxapex, F|91/100\n|move|p2a: Great Tusk|Ice Spinner|p1a: Toxapex\n|-resisted|p1a: Toxapex\n|-damage|p1a: Toxapex|77/100\n|-damage|p2a: Great Tusk|0 fnt|[from] item: Rocky Helmet|[of] p1a: Toxapex\n|faint|p2a: Great Tusk\n|-end|p2a: Great Tusk|Protosynthesis|[silent]\n|\n|upkeep\n|\n|t:|1695181689\n|switch|p2a: Gholdengo|Gholdengo|8/100\n|turn|18\n|\n|t:|1695181693\n|move|p2a: Gholdengo|Recover|p2a: Gholdengo\n|-heal|p2a: Gholdengo|58/100\n|move|p1a: Toxapex|Surf|p2a: Gholdengo\n|-damage|p2a: Gholdengo|41/100\n|\n|upkeep\n|turn|19\n|\n|t:|1695181704\n|switch|p1a: Ting-Lu|Ting-Lu|100/100\n|-ability|p1a: Ting-Lu|Vessel of Ruin\n|move|p2a: Gholdengo|Recover|p2a: Gholdengo\n|-heal|p2a: Gholdengo|91/100\n|\n|upkeep\n|turn|20\n|\n|t:|1695181713\n|switch|p2a: Ogerpon|Ogerpon-Wellspring, F|100/100\n|move|p1a: Ting-Lu|Earthquake|p2a: Ogerpon\n|-resisted|p2a: Ogerpon\n|-damage|p2a: Ogerpon|76/100\n|\n|upkeep\n|turn|21\n|\n|t:|1695181729\n|move|p2a: Ogerpon|Power Whip|p1a: Ting-Lu\n|-supereffective|p1a: Ting-Lu\n|-damage|p1a: Ting-Lu|24/100\n|move|p1a: Ting-Lu|Spikes|p2a: Ogerpon\n|-sidestart|p2: rrmacher|Spikes\n|\n|-heal|p1a: Ting-Lu|30/100|[from] item: Leftovers\n|upkeep\n|turn|22\n|\n|t:|1695181743\n|move|p2a: Ogerpon|Ivy Cudgel|p1a: Ting-Lu\n|-supereffective|p1a: Ting-Lu\n|-damage|p1a: Ting-Lu|0 fnt\n|faint|p1a: Ting-Lu\n|\n|upkeep\n|\n|t:|1695181756\n|switch|p1a: Great Tusk|Great Tusk|76/100\n|turn|23\n|\n|t:|1695181776\n|move|p2a: Ogerpon|Swords Dance|p2a: Ogerpon\n|-boost|p2a: Ogerpon|atk|2\n|move|p1a: Great Tusk|Ice Spinner|p2a: Ogerpon\n|-damage|p2a: Ogerpon|36/100\n|\n|-heal|p1a: Great Tusk|82/100|[from] item: Leftovers\n|upkeep\n|turn|24\n|\n|t:|1695181789\n|move|p2a: Ogerpon|Ivy Cudgel|p1a: Great Tusk\n|-supereffective|p1a: Great Tusk\n|-damage|p1a: Great Tusk|0 fnt\n|faint|p1a: Great Tusk\n|-end|p1a: Great Tusk|Protosynthesis|[silent]\n|\n|upkeep\n|\n|t:|1695181795\n|switch|p1a: Greninja|Greninja, M|100/100\n|turn|25\n|\n|t:|1695181801\n|move|p1a: Greninja|Dark Pulse|p2a: Ogerpon\n|-damage|p2a: Ogerpon|0 fnt\n|faint|p2a: Ogerpon\n|-ability|p1a: Greninja|Battle Bond|boost\n|-boost|p1a: Greninja|atk|1\n|-boost|p1a: Greninja|spa|1\n|-boost|p1a: Greninja|spe|1\n|-activate|p1a: Greninja|ability: Battle Bond\n|-damage|p1a: Greninja|91/100|[from] item: Life Orb\n|\n|upkeep\n|\n|t:|1695181806\n|switch|p2a: Iron Valiant|Iron Valiant|100/100\n|-damage|p2a: Iron Valiant|88/100|[from] Spikes\n|-enditem|p2a: Iron Valiant|Booster Energy\n|-activate|p2a: Iron Valiant|ability: Quark Drive|[fromitem]\n|-start|p2a: Iron Valiant|quarkdrivespe\n|turn|26\n|\n|t:|1695181817\n|move|p1a: Greninja|Surf|p2a: Iron Valiant\n|-damage|p2a: Iron Valiant|0 fnt\n|faint|p2a: Iron Valiant\n|-end|p2a: Iron Valiant|Quark Drive|[silent]\n|-damage|p1a: Greninja|81/100|[from] item: Life Orb\n|\n|upkeep\n|\n|t:|1695181819\n|switch|p2a: Gholdengo|Gholdengo|91/100\n|-damage|p2a: Gholdengo|78/100|[from] Spikes\n|turn|27\n|\n|t:|1695181827\n|move|p1a: Greninja|Dark Pulse|p2a: Gholdengo\n|-supereffective|p2a: Gholdengo\n|-damage|p2a: Gholdengo|0 fnt\n|faint|p2a: Gholdengo\n|-damage|p1a: Greninja|71/100|[from] item: Life Orb\n|\n|upkeep\n|\n|t:|1695181830\n|switch|p2a: Kingambit|Kingambit, F|100/100\n|-damage|p2a: Kingambit|88/100|[from] Spikes\n|-activate|p2a: Kingambit|ability: Supreme Overlord\n|-start|p2a: Kingambit|fallen5|[silent]\n|turn|28\n|\n|t:|1695181850\n|move|p1a: Greninja|Water Shuriken|p2a: Kingambit\n|-damage|p2a: Kingambit|73/100\n|-damage|p2a: Kingambit|59/100\n|-damage|p2a: Kingambit|45/100\n|-damage|p2a: Kingambit|30/100\n|-hitcount|p2a: Kingambit|4\n|-damage|p1a: Greninja|61/100|[from] item: Life Orb\n|move|p2a: Kingambit|Sucker Punch||[still]\n|-fail|p2a: Kingambit\n|\n|upkeep\n|turn|29\n|\n|t:|1695181861\n|move|p1a: Greninja|Water Shuriken|p2a: Kingambit\n|-damage|p2a: Kingambit|15/100\n|-damage|p2a: Kingambit|0 fnt\n|faint|p2a: Kingambit\n|-end|p2a: Kingambit|fallen5|[silent]\n|-hitcount|p2: Kingambit|2\n|-damage|p1a: Greninja|52/100|[from] item: Life Orb\n|\n|win|wei1020\n|raw|wei1020's rating: 1532 &rarr; <strong>1555</strong><br />(+23 for winning)\n|raw|rrmacher's rating: 1588 &rarr; <strong>1565</strong><br />(-23 for losing)\n|l|\u2606rrmacher\n", "uploadtime": 1695181871, "views": 3, "p1id": "wei1020", "p2id": "rrmacher", "formatid": "gen9ou", "rating": 1555, "private": 0, "password": ""}