{"id": "gen9ou-1947481777", "p1": "IC Oshawott", "p2": "mask104", "format": "gen9ou", "log": "|j|\u2606IC Oshawott\n|j|\u2606mask104\n|t:|1695164893\n|gametype|singles\n|player|p1|IC Oshawott|colress|1309\n|player|p2|mask104|170|1290\n|teamsize|p1|6\n|teamsize|p2|6\n|gen|9\n|tier|[Gen 9] OU\n|rated|\n|rule|Sleep Clause Mod: Limit one foe put to sleep\n|rule|Species Clause: Limit one of each Pok\u00e9mon\n|rule|OHKO Clause: OHKO moves are banned\n|rule|Evasion Items Clause: Evasion items are banned\n|rule|Evasion Moves Clause: Evasion moves are banned\n|rule|Endless Battle Clause: Forcing endless battles is banned\n|rule|HP Percentage Mod: HP is shown in percentages\n|clearpoke\n|poke|p1|Ursaluna-Bloodmoon, M|\n|poke|p1|Cyclizar, M|\n|poke|p1|Ogerpon-Wellspring, F|\n|poke|p1|Iron Valiant|\n|poke|p1|Crawdaunt, M|\n|poke|p1|Ribombee, F|\n|poke|p2|Sandy Shocks|\n|poke|p2|Okidogi, M|\n|poke|p2|Scream Tail|\n|poke|p2|Gyarados, F|\n|poke|p2|Morpeko, F|\n|poke|p2|Rotom-Heat|\n|teampreview\n|inactive|Battle timer is ON: inactive players will automatically lose when time's up. (requested by IC Oshawott)\n|\n|t:|1695164905\n|start\n|switch|p1a: Cyclizar|Cyclizar, M|100/100\n|switch|p2a: Morpeko|Morpeko, F|100/100\n|turn|1\n|\n|t:|1695164916\n|move|p1a: Cyclizar|U-turn|p2a: Morpeko\n|-supereffective|p2a: Morpeko\n|-damage|p2a: Morpeko|48/100\n|\n|t:|1695164919\n|switch|p1a: Ursaluna|Ursaluna-Bloodmoon, M|100/100|[from] U-turn\n|move|p2a: Morpeko|Parting Shot|p1a: Ursaluna\n|-unboost|p1a: Ursaluna|atk|1\n|-unboost|p1a: Ursaluna|spa|1\n|\n|t:|1695164931\n|switch|p2a: Gyarados|Gyarados, F|100/100|[from] Parting Shot\n|-ability|p2a: Gyarados|Intimidate|boost\n|-unboost|p1a: Ursaluna|atk|1\n|\n|upkeep\n|turn|2\n|\n|t:|1695164937\n|switch|p1a: Iron Valiant|Iron Valiant|100/100\n|-enditem|p1a: Iron Valiant|Booster Energy\n|-activate|p1a: Iron Valiant|ability: Quark Drive|[fromitem]\n|-start|p1a: Iron Valiant|quarkdrivespe\n|move|p2a: Gyarados|Dragon Dance|p2a: Gyarados\n|-boost|p2a: Gyarados|atk|1\n|-boost|p2a: Gyarados|spe|1\n|\n|upkeep\n|turn|3\n|\n|t:|1695164957\n|switch|p2a: Rotom|Rotom-Heat|100/100\n|move|p1a: Iron Valiant|Encore||[still]\n|-fail|p1a: Iron Valiant\n|\n|upkeep\n|turn|4\n|\n|t:|1695164968\n|move|p1a: Iron Valiant|Calm Mind|p1a: Iron Valiant\n|-boost|p1a: Iron Valiant|spa|1\n|-boost|p1a: Iron Valiant|spd|1\n|move|p2a: Rotom|Trick|p1a: Iron Valiant\n|-activate|p2a: Rotom|move: Trick|[of] p1a: Iron Valiant\n|-item|p1a: Iron Valiant|Choice Scarf|[from] move: Trick\n|-enditem|p2a: Rotom|Choice Scarf|[silent]|[from] move: Trick\n|\n|upkeep\n|turn|5\n|\n|t:|1695164979\n|move|p1a: Iron Valiant|Moonblast|p2a: Rotom\n|-resisted|p2a: Rotom\n|-damage|p2a: Rotom|58/100\n|move|p2a: Rotom|Volt Switch|p1a: Iron Valiant\n|-damage|p1a: Iron Valiant|64/100\n|\n|t:|1695164992\n|switch|p2a: Scream Tail|Scream Tail|100/100|[from] Volt Switch\n|\n|upkeep\n|turn|6\n|\n|t:|1695164998\n|move|p1a: Iron Valiant|Moonblast|p2a: Scream Tail\n|-damage|p2a: Scream Tail|49/100\n|move|p2a: Scream Tail|Dazzling Gleam|p1a: Iron Valiant\n|-supereffective|p1a: Iron Valiant\n|-damage|p1a: Iron Valiant|20/100\n|\n|-heal|p2a: Scream Tail|56/100|[from] item: Leftovers\n|upkeep\n|turn|7\n|\n|t:|1695165011\n|move|p2a: Scream Tail|Protect|p2a: Scream Tail\n|-singleturn|p2a: Scream Tail|Protect\n|move|p1a: Iron Valiant|Moonblast|p2a: Scream Tail\n|-activate|p2a: Scream Tail|move: Protect\n|\n|-heal|p2a: Scream Tail|62/100|[from] item: Leftovers\n|upkeep\n|turn|8\n|\n|t:|1695165018\n|move|p1a: Iron Valiant|Moonblast|p2a: Scream Tail\n|-damage|p2a: Scream Tail|16/100\n|-unboost|p2a: Scream Tail|spa|1\n|move|p2a: Scream Tail|Wish|p2a: Scream Tail\n|\n|-heal|p2a: Scream Tail|22/100|[from] item: Leftovers\n|upkeep\n|turn|9\n|\n|t:|1695165025\n|move|p2a: Scream Tail|Protect|p2a: Scream Tail\n|-singleturn|p2a: Scream Tail|Protect\n|move|p1a: Iron Valiant|Moonblast|p2a: Scream Tail\n|-activate|p2a: Scream Tail|move: Protect\n|\n|-heal|p2a: Scream Tail|72/100|[from] move: Wish|[wisher] Scream Tail\n|-heal|p2a: Scream Tail|78/100|[from] item: Leftovers\n|upkeep\n|turn|10\n|\n|t:|1695165033\n|move|p1a: Iron Valiant|Moonblast|p2a: Scream Tail\n|-damage|p2a: Scream Tail|31/100\n|move|p2a: Scream Tail|Dazzling Gleam|p1a: Iron Valiant\n|-supereffective|p1a: Iron Valiant\n|-damage|p1a: Iron Valiant|0 fnt\n|faint|p1a: Iron Valiant\n|-end|p1a: Iron Valiant|Quark Drive|[silent]\n|\n|-heal|p2a: Scream Tail|37/100|[from] item: Leftovers\n|upkeep\n|\n|t:|1695165039\n|switch|p1a: Crawdaunt|Crawdaunt, M|100/100\n|turn|11\n|\n|t:|1695165050\n|move|p2a: Scream Tail|Wish|p2a: Scream Tail\n|move|p1a: Crawdaunt|Dragon Dance|p1a: Crawdaunt\n|-boost|p1a: Crawdaunt|atk|1\n|-boost|p1a: Crawdaunt|spe|1\n|\n|-heal|p2a: Scream Tail|44/100|[from] item: Leftovers\n|upkeep\n|turn|12\n|\n|t:|1695165056\n|move|p2a: Scream Tail|Encore|p1a: Crawdaunt\n|-start|p1a: Crawdaunt|Encore\n|move|p1a: Crawdaunt|Dragon Dance|p1a: Crawdaunt\n|-boost|p1a: Crawdaunt|atk|1\n|-boost|p1a: Crawdaunt|spe|1\n|\n|-heal|p2a: Scream Tail|94/100|[from] move: Wish|[wisher] Scream Tail\n|-heal|p2a: Scream Tail|99/100|[from] item: Leftovers\n|upkeep\n|turn|13\n|\n|t:|1695165067\n|-terastallize|p1a: Crawdaunt|Poison\n|move|p1a: Crawdaunt|Dragon Dance|p1a: Crawdaunt\n|-boost|p1a: Crawdaunt|atk|1\n|-boost|p1a: Crawdaunt|spe|1\n|move|p2a: Scream Tail|Dazzling Gleam|p1a: Crawdaunt\n|-resisted|p1a: Crawdaunt\n|-damage|p1a: Crawdaunt|85/100\n|\n|-heal|p2a: Scream Tail|100/100|[from] item: Leftovers\n|upkeep\n|turn|14\n|\n|t:|1695165077\n|-end|p2a: Scream Tail|Protosynthesis|[silent]\n|switch|p2a: Rotom|Rotom-Heat|58/100\n|move|p1a: Crawdaunt|Dragon Dance|p1a: Crawdaunt\n|-boost|p1a: Crawdaunt|atk|1\n|-boost|p1a: Crawdaunt|spe|1\n|\n|-end|p1a: Crawdaunt|Encore\n|upkeep\n|turn|15\n|\n|t:|1695165085\n|move|p1a: Crawdaunt|Knock Off|p2a: Rotom\n|-damage|p2a: Rotom|0 fnt\n|faint|p2a: Rotom\n|\n|upkeep\n|\n|t:|1695165089\n|switch|p2a: Gyarados|Gyarados, F|100/100\n|-ability|p2a: Gyarados|Intimidate|boost\n|-unboost|p1a: Crawdaunt|atk|1\n|turn|16\n|\n|t:|1695165094\n|move|p1a: Crawdaunt|Knock Off|p2a: Gyarados\n|-damage|p2a: Gyarados|0 fnt\n|-enditem|p2a: Gyarados|Leftovers|[from] move: Knock Off|[of] p1a: Crawdaunt\n|faint|p2a: Gyarados\n|\n|upkeep\n|\n|t:|1695165099\n|switch|p2a: Okidogi|Okidogi, M|100/100\n|turn|17\n|\n|t:|1695165105\n|move|p1a: Crawdaunt|Aqua Jet|p2a: Okidogi\n|-damage|p2a: Okidogi|54/100\n|move|p2a: Okidogi|Bulk Up|p2a: Okidogi\n|-boost|p2a: Okidogi|atk|1\n|-boost|p2a: Okidogi|def|1\n|\n|-heal|p2a: Okidogi|60/100|[from] item: Leftovers\n|upkeep\n|turn|18\n|\n|t:|1695165113\n|move|p1a: Crawdaunt|Knock Off|p2a: Okidogi\n|-resisted|p2a: Okidogi\n|-crit|p2a: Okidogi\n|-damage|p2a: Okidogi|0 fnt\n|-enditem|p2a: Okidogi|Leftovers|[from] move: Knock Off|[of] p1a: Crawdaunt\n|faint|p2a: Okidogi\n|\n|upkeep\n|\n|t:|1695165122\n|switch|p2a: Scream Tail|Scream Tail|100/100\n|turn|19\n|\n|t:|1695165133\n|move|p1a: Crawdaunt|Knock Off|p2a: Scream Tail\n|-damage|p2a: Scream Tail|0 fnt\n|-enditem|p2a: Scream Tail|Leftovers|[from] move: Knock Off|[of] p1a: Crawdaunt\n|faint|p2a: Scream Tail\n|-end|p2a: Scream Tail|Protosynthesis|[silent]\n|\n|upkeep\n|\n|t:|1695165138\n|switch|p2a: Morpeko|Morpeko, F|48/100\n|turn|20\n|\n|t:|1695165145\n|move|p1a: Crawdaunt|Aqua Jet|p2a: Morpeko\n|-damage|p2a: Morpeko|0 fnt\n|faint|p2a: Morpeko\n|\n|upkeep\n|\n|t:|1695165149\n|switch|p2a: Sandy Shocks|Sandy Shocks|100/100\n|turn|21\n|c|\u2606IC Oshawott|gg\n|inactive|mask104 has 120 seconds left.\n|inactive|mask104 has 90 seconds left.\n|l|\u2606mask104\n|inactive|mask104 disconnected and has a minute to reconnect!\n|player|p2|\n|inactive|mask104 has 30 seconds to reconnect!\n|inactive|mask104 has 20 seconds to reconnect!\n|inactive|mask104 has 15 seconds to reconnect!\n|inactive|mask104 has 10 seconds to reconnect!\n|inactive|mask104 has 5 seconds to reconnect!\n|-message|mask104 lost due to inactivity.\n|\n|win|IC Oshawott\n|inactive|mask104 has 15 seconds left this turn.\n|raw|IC Oshawott's rating: 1309 &rarr; <strong>1328</strong><br />(+19 for winning)\n|raw|mask104's rating: 1290 &rarr; <strong>1266</strong><br />(-24 for losing)\n|l|\u2606IC Oshawott\n|j|\u2606IC Oshawott\n|player|p1|IC Oshawott|colress\n", "uploadtime": 1695165302, "views": 1, "p1id": "icoshawott", "p2id": "mask104", "formatid": "gen9ou", "rating": 1266, "private": 0, "password": ""}