{"id": "gen9ou-1947698659", "p1": "TheBallsmaSpace", "p2": "zoowahp", "format": "gen9ou", "log": "|j|\u2606TheBallsmaSpace\n|j|\u2606zoowahp\n|t:|1695188883\n|gametype|singles\n|player|p1|TheBallsmaSpace|170|1333\n|player|p2|zoowahp|hilbert-wonderlauncher|1310\n|teamsize|p1|6\n|teamsize|p2|6\n|gen|9\n|tier|[Gen 9] OU\n|rated|\n|rule|Sleep Clause Mod: Limit one foe put to sleep\n|rule|Species Clause: Limit one of each Pok\u00e9mon\n|rule|OHKO Clause: OHKO moves are banned\n|rule|Evasion Items Clause: Evasion items are banned\n|rule|Evasion Moves Clause: Evasion moves are banned\n|rule|Endless Battle Clause: Forcing endless battles is banned\n|rule|HP Percentage Mod: HP is shown in percentages\n|clearpoke\n|poke|p1|Dudunsparce-*, F|\n|poke|p1|Manaphy|\n|poke|p1|Rillaboom, M|\n|poke|p1|Ogerpon-Hearthflame, F|\n|poke|p1|Ursaluna-Bloodmoon, M|\n|poke|p1|Clefable, F|\n|poke|p2|Salamence, F|\n|poke|p2|Espeon, F|\n|poke|p2|Samurott-Hisui, M|\n|poke|p2|Great Tusk|\n|poke|p2|Iron Jugulis|\n|poke|p2|Moltres|\n|teampreview\n|\n|t:|1695188908\n|start\n|switch|p1a: Dudunsparce|Dudunsparce-Three-Segment, F|100/100\n|switch|p2a: Samurott|Samurott-Hisui, M|100/100\n|turn|1\n|inactive|Battle timer is ON: inactive players will automatically lose when time's up. (requested by TheBallsmaSpace)\n|\n|t:|1695188955\n|move|p2a: Samurott|Ceaseless Edge|p1a: Dudunsparce\n|-damage|p1a: Dudunsparce|71/100\n|-sidestart|p1: TheBallsmaSpace|Spikes\n|move|p1a: Dudunsparce|Calm Mind|p1a: Dudunsparce\n|-boost|p1a: Dudunsparce|spa|1\n|-boost|p1a: Dudunsparce|spd|1\n|\n|-heal|p1a: Dudunsparce|77/100|[from] item: Leftovers\n|upkeep\n|turn|2\n|\n|t:|1695188968\n|switch|p2a: Espeon|Espeon, F, shiny|100/100\n|move|p1a: Dudunsparce|Boomburst|p2a: Espeon\n|-damage|p2a: Espeon|25/100\n|\n|-heal|p1a: Dudunsparce|84/100|[from] item: Leftovers\n|upkeep\n|turn|3\n|\n|t:|1695188972\n|move|p2a: Espeon|Trick|p1a: Dudunsparce\n|-activate|p2a: Espeon|move: Trick|[of] p1a: Dudunsparce\n|-item|p1a: Dudunsparce|Choice Specs|[from] move: Trick\n|-item|p2a: Espeon|Leftovers|[from] move: Trick\n|move|p1a: Dudunsparce|Boomburst|p2a: Espeon\n|-damage|p2a: Espeon|0 fnt\n|faint|p2a: Espeon\n|\n|upkeep\n|\n|t:|1695188976\n|switch|p2a: Samurott|Samurott-Hisui, M|100/100\n|turn|4\n|\n|t:|1695188978\n|move|p2a: Samurott|Sacred Sword|p1a: Dudunsparce\n|-supereffective|p1a: Dudunsparce\n|-damage|p1a: Dudunsparce|28/100\n|move|p1a: Dudunsparce|Boomburst|p2a: Samurott\n|-crit|p2a: Samurott\n|-enditem|p2a: Samurott|Focus Sash\n|-damage|p2a: Samurott|1/100\n|\n|upkeep\n|turn|5\n|\n|t:|1695188987\n|move|p2a: Samurott|Ceaseless Edge|p1a: Dudunsparce|[miss]\n|-miss|p2a: Samurott|p1a: Dudunsparce\n|move|p1a: Dudunsparce|Boomburst|p2a: Samurott\n|-damage|p2a: Samurott|0 fnt\n|faint|p2a: Samurott\n|\n|upkeep\n|\n|t:|1695188993\n|switch|p2a: Great Tusk|Great Tusk|100/100\n|turn|6\n|\n|t:|1695188997\n|move|p2a: Great Tusk|Brick Break|p1a: Dudunsparce\n|-supereffective|p1a: Dudunsparce\n|-damage|p1a: Dudunsparce|0 fnt\n|faint|p1a: Dudunsparce\n|\n|upkeep\n|\n|t:|1695189007\n|switch|p1a: Rillaboom|Rillaboom, M|100/100\n|-damage|p1a: Rillaboom|88/100|[from] Spikes\n|-fieldstart|move: Grassy Terrain|[from] ability: Grassy Surge|[of] p1a: Rillaboom\n|turn|7\n|\n|t:|1695189018\n|move|p1a: Rillaboom|Trailblaze|p2a: Great Tusk\n|-supereffective|p2a: Great Tusk\n|-damage|p2a: Great Tusk|54/100\n|-boost|p1a: Rillaboom|spe|1\n|move|p2a: Great Tusk|Ice Spinner|p1a: Rillaboom\n|-supereffective|p1a: Rillaboom\n|-damage|p1a: Rillaboom|30/100\n|-fieldend|move: Grassy Terrain\n|\n|-heal|p1a: Rillaboom|36/100|[from] item: Leftovers\n|upkeep\n|turn|8\n|\n|t:|1695189023\n|-end|p2a: Great Tusk|Protosynthesis|[silent]\n|switch|p2a: Moltres|Moltres|100/100\n|move|p1a: Rillaboom|Wood Hammer|p2a: Moltres\n|-resisted|p2a: Moltres\n|-damage|p2a: Moltres|85/100\n|-status|p1a: Rillaboom|brn|[from] ability: Flame Body|[of] p2a: Moltres\n|-damage|p1a: Rillaboom|31/100 brn|[from] Recoil\n|\n|-heal|p1a: Rillaboom|37/100 brn|[from] item: Leftovers\n|-damage|p1a: Rillaboom|31/100 brn|[from] brn\n|upkeep\n|turn|9\n|\n|t:|1695189032\n|switch|p1a: FiveTurnsAtTR 2|Ursaluna-Bloodmoon, M|100/100\n|-damage|p1a: FiveTurnsAtTR 2|88/100|[from] Spikes\n|move|p2a: Moltres|Hurricane|p1a: FiveTurnsAtTR 2|[miss]\n|-miss|p2a: Moltres|p1a: FiveTurnsAtTR 2\n|\n|-heal|p1a: FiveTurnsAtTR 2|94/100|[from] item: Leftovers\n|upkeep\n|turn|10\n|\n|t:|1695189037\n|move|p2a: Moltres|Hurricane|p1a: FiveTurnsAtTR 2\n|-damage|p1a: FiveTurnsAtTR 2|47/100\n|move|p1a: FiveTurnsAtTR 2|Calm Mind|p1a: FiveTurnsAtTR 2\n|-boost|p1a: FiveTurnsAtTR 2|spa|1\n|-boost|p1a: FiveTurnsAtTR 2|spd|1\n|\n|-heal|p1a: FiveTurnsAtTR 2|53/100|[from] item: Leftovers\n|upkeep\n|turn|11\n|\n|t:|1695189041\n|move|p2a: Moltres|Hurricane|p1a: FiveTurnsAtTR 2\n|-damage|p1a: FiveTurnsAtTR 2|23/100\n|-start|p1a: FiveTurnsAtTR 2|confusion\n|-activate|p1a: FiveTurnsAtTR 2|confusion\n|move|p1a: FiveTurnsAtTR 2|Moonlight|p1a: FiveTurnsAtTR 2\n|-heal|p1a: FiveTurnsAtTR 2|73/100\n|\n|-heal|p1a: FiveTurnsAtTR 2|79/100|[from] item: Leftovers\n|upkeep\n|turn|12\n|\n|t:|1695189055\n|move|p2a: Moltres|Will-O-Wisp|p1a: FiveTurnsAtTR 2\n|-status|p1a: FiveTurnsAtTR 2|brn\n|-end|p1a: FiveTurnsAtTR 2|confusion\n|move|p1a: FiveTurnsAtTR 2|Calm Mind|p1a: FiveTurnsAtTR 2\n|-boost|p1a: FiveTurnsAtTR 2|spa|1\n|-boost|p1a: FiveTurnsAtTR 2|spd|1\n|\n|-heal|p1a: FiveTurnsAtTR 2|85/100 brn|[from] item: Leftovers\n|-damage|p1a: FiveTurnsAtTR 2|79/100 brn|[from] brn\n|upkeep\n|turn|13\n|\n|t:|1695189062\n|move|p2a: Moltres|Hurricane|p1a: FiveTurnsAtTR 2\n|-damage|p1a: FiveTurnsAtTR 2|57/100 brn\n|move|p1a: FiveTurnsAtTR 2|Moonlight|p1a: FiveTurnsAtTR 2\n|-heal|p1a: FiveTurnsAtTR 2|100/100 brn\n|\n|-damage|p1a: FiveTurnsAtTR 2|94/100 brn|[from] brn\n|upkeep\n|turn|14\n|\n|t:|1695189081\n|move|p2a: Moltres|Hurricane|p1a: FiveTurnsAtTR 2\n|-damage|p1a: FiveTurnsAtTR 2|72/100 brn\n|move|p1a: FiveTurnsAtTR 2|Blood Moon|p2a: Moltres\n|-damage|p2a: Moltres|0 fnt\n|faint|p2a: Moltres\n|\n|-heal|p1a: FiveTurnsAtTR 2|78/100 brn|[from] item: Leftovers\n|-damage|p1a: FiveTurnsAtTR 2|72/100 brn|[from] brn\n|upkeep\n|\n|t:|1695189087\n|switch|p2a: Salamence|Salamence, F, shiny|100/100\n|-ability|p2a: Salamence|Intimidate|boost\n|-unboost|p1a: FiveTurnsAtTR 2|atk|1\n|turn|15\n|\n|t:|1695189091\n|move|p2a: Salamence|Iron Head|p1a: FiveTurnsAtTR 2\n|-damage|p1a: FiveTurnsAtTR 2|51/100 brn\n|move|p1a: FiveTurnsAtTR 2|Moonlight|p1a: FiveTurnsAtTR 2\n|-heal|p1a: FiveTurnsAtTR 2|100/100 brn\n|\n|-damage|p1a: FiveTurnsAtTR 2|94/100 brn|[from] brn\n|upkeep\n|turn|16\n|\n|t:|1695189102\n|move|p2a: Salamence|Dragon Dance|p2a: Salamence\n|-boost|p2a: Salamence|atk|1\n|-boost|p2a: Salamence|spe|1\n|move|p1a: FiveTurnsAtTR 2|Blood Moon|p2a: Salamence\n|-damage|p2a: Salamence|0 fnt\n|faint|p2a: Salamence\n|\n|-heal|p1a: FiveTurnsAtTR 2|100/100 brn|[from] item: Leftovers\n|-damage|p1a: FiveTurnsAtTR 2|94/100 brn|[from] brn\n|upkeep\n|-message|zoowahp forfeited.\n|\n|win|TheBallsmaSpace\n|raw|TheBallsmaSpace's rating: 1333 &rarr; <strong>1352</strong><br />(+19 for winning)\n|raw|zoowahp's rating: 1310 &rarr; <strong>1291</strong><br />(-19 for losing)\n|l|\u2606zoowahp\n", "uploadtime": 1695189111, "views": 5, "p1id": "theballsmaspace", "p2id": "zoowahp", "formatid": "gen9ou", "rating": 1291, "private": 0, "password": ""}