{"id": "gen9ou-1947594821", "p1": "Diduedhd", "p2": "Kuzwa", "format": "gen9ou", "log": "|j|\u2606Diduedhd\n|j|\u2606Kuzwa\n|t:|1695176030\n|gametype|singles\n|player|p1|Diduedhd|102|1146\n|player|p2|Kuzwa|cheren-gen5bw2|1114\n|teamsize|p1|6\n|teamsize|p2|6\n|gen|9\n|tier|[Gen 9] OU\n|rated|\n|rule|Sleep Clause Mod: Limit one foe put to sleep\n|rule|Species Clause: Limit one of each Pok\u00e9mon\n|rule|OHKO Clause: OHKO moves are banned\n|rule|Evasion Items Clause: Evasion items are banned\n|rule|Evasion Moves Clause: Evasion moves are banned\n|rule|Endless Battle Clause: Forcing endless battles is banned\n|rule|HP Percentage Mod: HP is shown in percentages\n|clearpoke\n|poke|p1|Ribombee, F|\n|poke|p1|Gholdengo|\n|poke|p1|Mienshao, M|\n|poke|p1|Arcanine-Hisui, M|\n|poke|p1|Infernape, M|\n|poke|p1|Great Tusk|\n|poke|p2|Gallade, M|\n|poke|p2|Quaquaval, M|\n|poke|p2|Clefable, F|\n|poke|p2|Infernape, M|\n|poke|p2|Scizor, M|\n|poke|p2|Ogerpon-Hearthflame, F|\n|teampreview\n|inactive|Battle timer is ON: inactive players will automatically lose when time's up. (requested by Kuzwa)\n|\n|t:|1695176037\n|start\n|switch|p1a: Ribombee|Ribombee, F|100/100\n|switch|p2a: Crow Mauler|Scizor, M|100/100\n|turn|1\n|\n|t:|1695176045\n|move|p1a: Ribombee|Sticky Web|p2a: Crow Mauler\n|-sidestart|p2: Kuzwa|move: Sticky Web\n|move|p2a: Crow Mauler|Swords Dance|p2a: Crow Mauler\n|-boost|p2a: Crow Mauler|atk|2\n|\n|upkeep\n|turn|2\n|\n|t:|1695176052\n|move|p2a: Crow Mauler|Bullet Punch|p1a: Ribombee\n|-supereffective|p1a: Ribombee\n|-enditem|p1a: Ribombee|Focus Sash\n|-damage|p1a: Ribombee|1/100\n|move|p1a: Ribombee|Stun Spore|p2a: Crow Mauler|[miss]\n|-miss|p1a: Ribombee|p2a: Crow Mauler\n|\n|upkeep\n|turn|3\n|\n|t:|1695176060\n|move|p2a: Crow Mauler|Bullet Punch|p1a: Ribombee\n|-supereffective|p1a: Ribombee\n|-damage|p1a: Ribombee|0 fnt\n|faint|p1a: Ribombee\n|\n|upkeep\n|\n|t:|1695176062\n|switch|p1a: Infernape|Infernape, M|100/100\n|turn|4\n|\n|t:|1695176065\n|move|p2a: Crow Mauler|Bullet Punch|p1a: Infernape\n|-resisted|p1a: Infernape\n|-damage|p1a: Infernape|44/100\n|move|p1a: Infernape|Flamethrower|p2a: Crow Mauler\n|-supereffective|p2a: Crow Mauler\n|-enditem|p2a: Crow Mauler|Focus Sash\n|-damage|p2a: Crow Mauler|1/100\n|-damage|p1a: Infernape|34/100|[from] item: Life Orb\n|\n|upkeep\n|turn|5\n|\n|t:|1695176070\n|move|p1a: Infernape|Vacuum Wave|p2a: Crow Mauler\n|-damage|p2a: Crow Mauler|0 fnt\n|faint|p2a: Crow Mauler\n|-damage|p1a: Infernape|24/100|[from] item: Life Orb\n|\n|upkeep\n|\n|t:|1695176076\n|switch|p2a: RuPaul|Quaquaval, M|100/100\n|-activate|p2a: RuPaul|move: Sticky Web\n|-unboost|p2a: RuPaul|spe|1\n|turn|6\n|\n|t:|1695176083\n|switch|p1a: Mienshao|Mienshao, M|100/100\n|move|p2a: RuPaul|Rapid Spin|p1a: Mienshao\n|-damage|p1a: Mienshao|68/100\n|-boost|p2a: RuPaul|spe|1\n|-sideend|p2: Kuzwa|Sticky Web|[from] move: Rapid Spin|[of] p2a: RuPaul\n|\n|upkeep\n|turn|7\n|\n|t:|1695176091\n|move|p1a: Mienshao|Close Combat|p2a: RuPaul\n|-enditem|p2a: RuPaul|Focus Sash\n|-damage|p2a: RuPaul|1/100\n|-unboost|p1a: Mienshao|def|1\n|-unboost|p1a: Mienshao|spd|1\n|-damage|p1a: Mienshao|58/100|[from] item: Life Orb\n|move|p2a: RuPaul|Aqua Step|p1a: Mienshao\n|-damage|p1a: Mienshao|0 fnt\n|-boost|p2a: RuPaul|spe|1\n|faint|p1a: Mienshao\n|-ability|p2a: RuPaul|Moxie|boost\n|-boost|p2a: RuPaul|atk|1\n|\n|upkeep\n|\n|t:|1695176095\n|switch|p1a: Infernape|Infernape, M|24/100\n|turn|8\n|\n|t:|1695176098\n|move|p1a: Infernape|Vacuum Wave|p2a: RuPaul\n|-damage|p2a: RuPaul|0 fnt\n|faint|p2a: RuPaul\n|-damage|p1a: Infernape|14/100|[from] item: Life Orb\n|\n|upkeep\n|\n|t:|1695176104\n|switch|p2a: Ragnvaldr|Infernape, M|100/100\n|turn|9\n|\n|t:|1695176112\n|move|p1a: Infernape|Vacuum Wave|p2a: Ragnvaldr\n|-damage|p2a: Ragnvaldr|67/100\n|-damage|p1a: Infernape|5/100|[from] item: Life Orb\n|move|p2a: Ragnvaldr|Drain Punch|p1a: Infernape\n|-damage|p1a: Infernape|0 fnt\n|-heal|p2a: Ragnvaldr|69/100|[from] drain|[of] p1a: Infernape\n|faint|p1a: Infernape\n|\n|upkeep\n|\n|t:|1695176115\n|switch|p1a: Great Tusk|Great Tusk|100/100\n|turn|10\n|\n|t:|1695176119\n|move|p2a: Ragnvaldr|Drain Punch|p1a: Great Tusk\n|-damage|p1a: Great Tusk|81/100\n|-heal|p2a: Ragnvaldr|83/100|[from] drain|[of] p1a: Great Tusk\n|move|p1a: Great Tusk|Earthquake|p2a: Ragnvaldr\n|-supereffective|p2a: Ragnvaldr\n|-damage|p2a: Ragnvaldr|0 fnt\n|faint|p2a: Ragnvaldr\n|\n|-heal|p1a: Great Tusk|87/100|[from] item: Leftovers\n|upkeep\n|\n|t:|1695176131\n|switch|p2a: Moonless|Clefable, F|100/100\n|turn|11\n|\n|t:|1695176135\n|-end|p1a: Great Tusk|Protosynthesis|[silent]\n|switch|p1a: Gholdengo|Gholdengo|100/100\n|-item|p1a: Gholdengo|Air Balloon\n|move|p2a: Moonless|Cosmic Power|p2a: Moonless\n|-boost|p2a: Moonless|def|1\n|-boost|p2a: Moonless|spd|1\n|\n|upkeep\n|turn|12\n|\n|t:|1695176143\n|-terastallize|p2a: Moonless|Normal\n|move|p1a: Gholdengo|Nasty Plot|p1a: Gholdengo\n|-boost|p1a: Gholdengo|spa|2\n|move|p2a: Moonless|Cosmic Power|p2a: Moonless\n|-boost|p2a: Moonless|def|1\n|-boost|p2a: Moonless|spd|1\n|\n|upkeep\n|turn|13\n|\n|t:|1695176152\n|move|p1a: Gholdengo|Nasty Plot|p1a: Gholdengo\n|-boost|p1a: Gholdengo|spa|2\n|move|p2a: Moonless|Cosmic Power|p2a: Moonless\n|-boost|p2a: Moonless|def|1\n|-boost|p2a: Moonless|spd|1\n|\n|upkeep\n|turn|14\n|\n|t:|1695176160\n|move|p1a: Gholdengo|Make It Rain|p2a: Moonless\n|-crit|p2a: Moonless\n|-damage|p2a: Moonless|0 fnt\n|-unboost|p1a: Gholdengo|spa|1\n|faint|p2a: Moonless\n|\n|upkeep\n|\n|t:|1695176169\n|switch|p2a: gooner|Ogerpon-Hearthflame, F|100/100\n|-ability|p2a: gooner|Mold Breaker\n|turn|15\n|\n|t:|1695176177\n|move|p2a: gooner|Ivy Cudgel|p1a: Gholdengo\n|-supereffective|p1a: Gholdengo\n|-crit|p1a: Gholdengo\n|-damage|p1a: Gholdengo|0 fnt\n|-enditem|p1a: Gholdengo|Air Balloon\n|faint|p1a: Gholdengo\n|\n|upkeep\n|\n|t:|1695176179\n|switch|p1a: Great Tusk|Great Tusk|87/100\n|turn|16\n|\n|t:|1695176183\n|move|p2a: gooner|Horn Leech|p1a: Great Tusk\n|-supereffective|p1a: Great Tusk\n|-damage|p1a: Great Tusk|47/100\n|move|p1a: Great Tusk|Earthquake|p2a: gooner\n|-damage|p2a: gooner|42/100\n|\n|-heal|p1a: Great Tusk|53/100|[from] item: Leftovers\n|upkeep\n|turn|17\n|\n|t:|1695176190\n|move|p2a: gooner|Ivy Cudgel|p1a: Great Tusk\n|-damage|p1a: Great Tusk|27/100\n|move|p1a: Great Tusk|Earthquake|p2a: gooner\n|-damage|p2a: gooner|0 fnt\n|faint|p2a: gooner\n|\n|-heal|p1a: Great Tusk|33/100|[from] item: Leftovers\n|upkeep\n|\n|t:|1695176194\n|switch|p2a: Cahara|Gallade, M, shiny|100/100\n|turn|18\n|\n|t:|1695176198\n|move|p2a: Cahara|Psycho Cut|p1a: Great Tusk\n|-supereffective|p1a: Great Tusk\n|-damage|p1a: Great Tusk|0 fnt\n|faint|p1a: Great Tusk\n|-end|p1a: Great Tusk|Protosynthesis|[silent]\n|\n|upkeep\n|\n|t:|1695176200\n|switch|p1a: Arcanine|Arcanine-Hisui, M|100/100\n|turn|19\n|\n|t:|1695176205\n|move|p2a: Cahara|Sacred Sword|p1a: Arcanine\n|-supereffective|p1a: Arcanine\n|-damage|p1a: Arcanine|0 fnt\n|faint|p1a: Arcanine\n|\n|win|Kuzwa\n|raw|Diduedhd's rating: 1146 &rarr; <strong>1119</strong><br />(-27 for losing)\n|raw|Kuzwa's rating: 1114 &rarr; <strong>1141</strong><br />(+27 for winning)\n|l|\u2606Diduedhd\n", "uploadtime": 1695176216, "views": 1, "p1id": "diduedhd", "p2id": "kuzwa", "formatid": "gen9ou", "rating": 1119, "private": 0, "password": ""}