{"id": "gen9ou-1947681502", "p1": "Emery", "p2": "Gambit_Gamin", "format": "gen9ou", "log": "|j|\u2606Emery\n|j|\u2606Gambit_Gamin\n|t:|1695186274\n|gametype|singles\n|player|p1|Emery|102|1365\n|player|p2|Gambit_Gamin|ingo|1358\n|teamsize|p1|6\n|teamsize|p2|6\n|gen|9\n|tier|[Gen 9] OU\n|rated|\n|rule|Sleep Clause Mod: Limit one foe put to sleep\n|rule|Species Clause: Limit one of each Pok\u00e9mon\n|rule|OHKO Clause: OHKO moves are banned\n|rule|Evasion Items Clause: Evasion items are banned\n|rule|Evasion Moves Clause: Evasion moves are banned\n|rule|Endless Battle Clause: Forcing endless battles is banned\n|rule|HP Percentage Mod: HP is shown in percentages\n|clearpoke\n|poke|p1|Rotom-Wash|\n|poke|p1|Corviknight, F|\n|poke|p1|Glimmora, F|\n|poke|p1|Iron Valiant|\n|poke|p1|Gholdengo|\n|poke|p1|Great Tusk|\n|poke|p2|Jirachi|\n|poke|p2|Torterra, F|\n|poke|p2|Empoleon, F|\n|poke|p2|Mandibuzz, F|\n|poke|p2|Dragapult, M|\n|poke|p2|Fezandipiti, M|\n|teampreview\n|inactive|Battle timer is ON: inactive players will automatically lose when time's up. (requested by Emery)\n|\n|t:|1695186287\n|start\n|switch|p1a: glimmtussy|Glimmora, F|100/100\n|switch|p2a: Torterra|Torterra, F, shiny|100/100\n|turn|1\n|\n|t:|1695186305\n|switch|p1a: BirdmanJR11thgrade|Corviknight, F|100/100\n|-ability|p1a: BirdmanJR11thgrade|Pressure\n|switch|p2a: Jirachi|Jirachi|100/100\n|\n|upkeep\n|turn|2\n|\n|t:|1695186311\n|switch|p1a: chrispaul(washed)|Rotom-Wash|100/100\n|move|p2a: Jirachi|Doom Desire|p1a: chrispaul(washed)\n|-start|p2a: Jirachi|Doom Desire\n|\n|upkeep\n|turn|3\n|\n|t:|1695186315\n|move|p2a: Jirachi|Psychic|p1a: chrispaul(washed)\n|-damage|p1a: chrispaul(washed)|67/100\n|move|p1a: chrispaul(washed)|Thunder Wave|p2a: Jirachi\n|-status|p2a: Jirachi|par\n|\n|-heal|p1a: chrispaul(washed)|73/100|[from] item: Leftovers\n|upkeep\n|turn|4\n|\n|t:|1695186320\n|move|p1a: chrispaul(washed)|Hydro Pump|p2a: Jirachi|[miss]\n|-miss|p1a: chrispaul(washed)|p2a: Jirachi\n|move|p2a: Jirachi|U-turn|p1a: chrispaul(washed)\n|-damage|p1a: chrispaul(washed)|57/100\n|\n|t:|1695186335\n|switch|p2a: Fezandipiti|Fezandipiti, M|100/100|[from] U-turn\n|\n|-end|p1a: chrispaul(washed)|move: Doom Desire\n|-resisted|p1a: chrispaul(washed)\n|-damage|p1a: chrispaul(washed)|44/100\n|-heal|p1a: chrispaul(washed)|50/100|[from] item: Leftovers\n|upkeep\n|turn|5\n|\n|t:|1695186342\n|move|p2a: Fezandipiti|Toxic|p1a: chrispaul(washed)\n|-status|p1a: chrispaul(washed)|tox\n|move|p1a: chrispaul(washed)|Thunder Wave|p2a: Fezandipiti\n|-status|p2a: Fezandipiti|par\n|\n|-heal|p1a: chrispaul(washed)|56/100 tox|[from] item: Leftovers\n|-damage|p1a: chrispaul(washed)|50/100 tox|[from] psn\n|upkeep\n|turn|6\n|\n|t:|1695186350\n|move|p1a: chrispaul(washed)|Hydro Pump|p2a: Fezandipiti\n|-damage|p2a: Fezandipiti|72/100 par\n|move|p2a: Fezandipiti|U-turn|p1a: chrispaul(washed)\n|-damage|p1a: chrispaul(washed)|37/100 tox\n|\n|t:|1695186357\n|switch|p2a: Dragapult|Dragapult, M, shiny|100/100|[from] U-turn\n|\n|-heal|p1a: chrispaul(washed)|43/100 tox|[from] item: Leftovers\n|-damage|p1a: chrispaul(washed)|31/100 tox|[from] psn\n|upkeep\n|turn|7\n|\n|t:|1695186361\n|move|p2a: Dragapult|Shadow Ball|p1a: chrispaul(washed)\n|-damage|p1a: chrispaul(washed)|0 fnt\n|faint|p1a: chrispaul(washed)\n|\n|upkeep\n|\n|t:|1695186366\n|switch|p1a: tyrone|Iron Valiant|100/100\n|-enditem|p1a: tyrone|Booster Energy\n|-activate|p1a: tyrone|ability: Quark Drive|[fromitem]\n|-start|p1a: tyrone|quarkdrivespe\n|turn|8\n|\n|t:|1695186373\n|switch|p2a: Fezandipiti|Fezandipiti, M|72/100 par\n|move|p1a: tyrone|Spirit Break|p2a: Fezandipiti\n|-resisted|p2a: Fezandipiti\n|-damage|p2a: Fezandipiti|57/100 par\n|-unboost|p2a: Fezandipiti|spa|1\n|\n|-heal|p2a: Fezandipiti|63/100 par|[from] item: Leftovers\n|upkeep\n|turn|9\n|\n|t:|1695186379\n|-terastallize|p1a: tyrone|Steel\n|move|p1a: tyrone|Swords Dance|p1a: tyrone\n|-boost|p1a: tyrone|atk|2\n|move|p2a: Fezandipiti|Toxic|p1a: tyrone\n|-immune|p1a: tyrone\n|\n|-heal|p2a: Fezandipiti|69/100 par|[from] item: Leftovers\n|upkeep\n|turn|10\n|\n|t:|1695186397\n|move|p1a: tyrone|Swords Dance|p1a: tyrone\n|-boost|p1a: tyrone|atk|2\n|move|p2a: Fezandipiti|U-turn|p1a: tyrone\n|-resisted|p1a: tyrone\n|-damage|p1a: tyrone|92/100\n|inactive|Gambit_Gamin has 120 seconds left.\n|\n|t:|1695186417\n|switch|p2a: Mandibuzz|Mandibuzz, F, shiny|100/100|[from] U-turn\n|\n|upkeep\n|turn|11\n|inactive|Gambit_Gamin has 120 seconds left.\n|\n|t:|1695186431\n|-terastallize|p2a: Mandibuzz|Poison\n|move|p1a: tyrone|Close Combat|p2a: Mandibuzz\n|-resisted|p2a: Mandibuzz\n|-damage|p2a: Mandibuzz|23/100\n|-unboost|p1a: tyrone|def|1\n|-unboost|p1a: tyrone|spd|1\n|move|p2a: Mandibuzz|Knock Off|p1a: tyrone\n|-damage|p1a: tyrone|61/100\n|\n|upkeep\n|turn|12\n|inactive|Gambit_Gamin has 120 seconds left.\n|\n|t:|1695186441\n|move|p1a: tyrone|Knock Off|p2a: Mandibuzz\n|-damage|p2a: Mandibuzz|0 fnt\n|-enditem|p2a: Mandibuzz|Heavy-Duty Boots|[from] move: Knock Off|[of] p1a: tyrone\n|faint|p2a: Mandibuzz\n|\n|upkeep\n|inactive|Gambit_Gamin has 120 seconds left.\n|\n|t:|1695186455\n|switch|p2a: Fezandipiti|Fezandipiti, M|69/100 par\n|turn|13\n|\n|t:|1695186459\n|move|p1a: tyrone|Close Combat|p2a: Fezandipiti\n|-resisted|p2a: Fezandipiti\n|-damage|p2a: Fezandipiti|36/100 par\n|-unboost|p1a: tyrone|def|1\n|-unboost|p1a: tyrone|spd|1\n|move|p2a: Fezandipiti|Moonblast|p1a: tyrone\n|-resisted|p1a: tyrone\n|-damage|p1a: tyrone|20/100\n|\n|-heal|p2a: Fezandipiti|42/100 par|[from] item: Leftovers\n|upkeep\n|turn|14\n|\n|t:|1695186467\n|move|p1a: tyrone|Knock Off|p2a: Fezandipiti\n|-resisted|p2a: Fezandipiti\n|-crit|p2a: Fezandipiti\n|-damage|p2a: Fezandipiti|0 fnt\n|-enditem|p2a: Fezandipiti|Leftovers|[from] move: Knock Off|[of] p1a: tyrone\n|faint|p2a: Fezandipiti\n|\n|upkeep\n|inactive|Gambit_Gamin has 120 seconds left.\n|\n|t:|1695186511\n|switch|p2a: Torterra|Torterra, F, shiny|100/100\n|turn|15\n|\n|t:|1695186515\n|move|p1a: tyrone|Close Combat|p2a: Torterra\n|-damage|p2a: Torterra|0 fnt\n|-unboost|p1a: tyrone|def|1\n|-unboost|p1a: tyrone|spd|1\n|faint|p2a: Torterra\n|\n|upkeep\n|\n|t:|1695186524\n|switch|p2a: Jirachi|Jirachi|100/100 par\n|turn|16\n|\n|t:|1695186526\n|move|p1a: tyrone|Knock Off|p2a: Jirachi\n|-supereffective|p2a: Jirachi\n|-damage|p2a: Jirachi|0 fnt\n|-enditem|p2a: Jirachi|Leftovers|[from] move: Knock Off|[of] p1a: tyrone\n|faint|p2a: Jirachi\n|\n|upkeep\n|n|!Gambit_Gamin|gambitgamin\n|-message|Gambit_Gamin forfeited.\n|\n|win|Emery\n|raw|Emery's rating: 1365 &rarr; <strong>1385</strong><br />(+20 for winning)\n|raw|Gambit_Gamin's rating: 1358 &rarr; <strong>1338</strong><br />(-20 for losing)\n|l|!Gambit_Gamin\n", "uploadtime": 1695186534, "views": 3, "p1id": "emery", "p2id": "gambitgamin", "formatid": "gen9ou", "rating": 1338, "private": 0, "password": ""}