{"id": "gen9ou-1947684927", "p1": "4war4e", "p2": "chompsupremacy", "format": "gen9ou", "log": "|j|\u26064war4e\n|j|\u2606chompsupremacy\n|t:|1695186769\n|gametype|singles\n|player|p1|4war4e|1|1594\n|player|p2|chompsupremacy|102|1669\n|teamsize|p1|6\n|teamsize|p2|6\n|gen|9\n|tier|[Gen 9] OU\n|rated|\n|rule|Sleep Clause Mod: Limit one foe put to sleep\n|rule|Species Clause: Limit one of each Pok\u00e9mon\n|rule|OHKO Clause: OHKO moves are banned\n|rule|Evasion Items Clause: Evasion items are banned\n|rule|Evasion Moves Clause: Evasion moves are banned\n|rule|Endless Battle Clause: Forcing endless battles is banned\n|rule|HP Percentage Mod: HP is shown in percentages\n|clearpoke\n|poke|p1|Mew|\n|poke|p1|Ursaluna-Bloodmoon, M|\n|poke|p1|Ogerpon-Hearthflame, F|\n|poke|p1|Walking Wake|\n|poke|p1|Ninetales, F|\n|poke|p1|Great Tusk|\n|poke|p2|Ursaluna-Bloodmoon, M|\n|poke|p2|Ninetales-Alola, M|\n|poke|p2|Iron Moth|\n|poke|p2|Zamazenta-*|\n|poke|p2|Hatterene, F|\n|poke|p2|Ogerpon-Hearthflame, F|\n|teampreview\n|inactive|Battle timer is ON: inactive players will automatically lose when time's up. (requested by chompsupremacy)\n|\n|t:|1695186797\n|start\n|switch|p1a: Ogerpon|Ogerpon-Hearthflame, F|100/100\n|switch|p2a: Ursaluna|Ursaluna-Bloodmoon, M|100/100\n|-ability|p1a: Ogerpon|Mold Breaker\n|turn|1\n|\n|t:|1695186801\n|move|p1a: Ogerpon|Swords Dance|p1a: Ogerpon\n|-boost|p1a: Ogerpon|atk|2\n|move|p2a: Ursaluna|Blood Moon|p1a: Ogerpon\n|-damage|p1a: Ogerpon|19/100\n|\n|upkeep\n|turn|2\n|\n|t:|1695186803\n|move|p2a: Ursaluna|Vacuum Wave|p1a: Ogerpon\n|-damage|p1a: Ogerpon|4/100\n|move|p1a: Ogerpon|Horn Leech|p2a: Ursaluna\n|-supereffective|p2a: Ursaluna\n|-damage|p2a: Ursaluna|0 fnt\n|-heal|p1a: Ogerpon|75/100|[from] drain|[of] p2a: Ursaluna\n|faint|p2a: Ursaluna\n|\n|upkeep\n|\n|t:|1695186813\n|switch|p2a: Zamazenta|Zamazenta|100/100\n|-ability|p2a: Zamazenta|Dauntless Shield|boost\n|-boost|p2a: Zamazenta|def|1\n|turn|3\n|\n|t:|1695186819\n|move|p2a: Zamazenta|Iron Defense|p2a: Zamazenta\n|-boost|p2a: Zamazenta|def|2\n|move|p1a: Ogerpon|Ivy Cudgel|p2a: Zamazenta\n|-damage|p2a: Zamazenta|69/100\n|\n|-heal|p2a: Zamazenta|75/100|[from] item: Leftovers\n|upkeep\n|turn|4\n|\n|t:|1695186823\n|switch|p1a: Ninetales|Ninetales, F|100/100\n|-weather|SunnyDay|[from] ability: Drought|[of] p1a: Ninetales\n|move|p2a: Zamazenta|Iron Defense|p2a: Zamazenta\n|-boost|p2a: Zamazenta|def|2\n|\n|-weather|SunnyDay|[upkeep]\n|-heal|p2a: Zamazenta|81/100|[from] item: Leftovers\n|upkeep\n|turn|5\n|\n|t:|1695186830\n|move|p2a: Zamazenta|Substitute|p2a: Zamazenta\n|-start|p2a: Zamazenta|Substitute\n|-damage|p2a: Zamazenta|56/100\n|move|p1a: Ninetales|Flamethrower|p2a: Zamazenta\n|-end|p2a: Zamazenta|Substitute\n|\n|-weather|SunnyDay|[upkeep]\n|-heal|p2a: Zamazenta|63/100|[from] item: Leftovers\n|upkeep\n|turn|6\n|\n|t:|1695186834\n|move|p2a: Zamazenta|Body Press|p1a: Ninetales\n|-damage|p1a: Ninetales|0 fnt\n|faint|p1a: Ninetales\n|\n|-weather|SunnyDay|[upkeep]\n|-heal|p2a: Zamazenta|69/100|[from] item: Leftovers\n|upkeep\n|\n|t:|1695186837\n|switch|p1a: Walking Wake|Walking Wake|100/100\n|-activate|p1a: Walking Wake|ability: Protosynthesis\n|-start|p1a: Walking Wake|protosynthesisspe\n|turn|7\n|\n|t:|1695186842\n|move|p1a: Walking Wake|Hydro Steam|p2a: Zamazenta\n|-damage|p2a: Zamazenta|0 fnt\n|faint|p2a: Zamazenta\n|\n|-weather|SunnyDay|[upkeep]\n|upkeep\n|\n|t:|1695186845\n|switch|p2a: Ninetales|Ninetales-Alola, M|100/100\n|-weather|Snow|[from] ability: Snow Warning|[of] p2a: Ninetales\n|-end|p1a: Walking Wake|Protosynthesis\n|turn|8\n|\n|t:|1695186849\n|move|p2a: Ninetales|Freeze-Dry|p1a: Walking Wake\n|-supereffective|p1a: Walking Wake\n|-damage|p1a: Walking Wake|6/100\n|move|p1a: Walking Wake|Hydro Steam|p2a: Ninetales\n|-damage|p2a: Ninetales|39/100\n|\n|-weather|Snow|[upkeep]\n|upkeep\n|turn|9\n|\n|t:|1695186853\n|move|p1a: Walking Wake|Hydro Steam|p2a: Ninetales\n|-damage|p2a: Ninetales|0 fnt\n|faint|p2a: Ninetales\n|\n|-weather|Snow|[upkeep]\n|upkeep\n|\n|t:|1695186856\n|switch|p2a: Hatterene|Hatterene, F|100/100\n|turn|10\n|\n|t:|1695186861\n|move|p1a: Walking Wake|Hydro Steam|p2a: Hatterene\n|-damage|p2a: Hatterene|31/100\n|move|p2a: Hatterene|Calm Mind|p2a: Hatterene\n|-boost|p2a: Hatterene|spa|1\n|-boost|p2a: Hatterene|spd|1\n|\n|-weather|Snow|[upkeep]\n|-heal|p2a: Hatterene|37/100|[from] item: Leftovers\n|upkeep\n|turn|11\n|\n|t:|1695186864\n|-terastallize|p2a: Hatterene|Water\n|move|p1a: Walking Wake|Hydro Steam|p2a: Hatterene\n|-resisted|p2a: Hatterene\n|-damage|p2a: Hatterene|18/100\n|move|p2a: Hatterene|Draining Kiss|p1a: Walking Wake\n|-supereffective|p1a: Walking Wake\n|-damage|p1a: Walking Wake|0 fnt\n|-heal|p2a: Hatterene|22/100|[from] drain|[of] p1a: Walking Wake\n|faint|p1a: Walking Wake\n|-end|p1a: Walking Wake|Protosynthesis|[silent]\n|\n|-weather|Snow|[upkeep]\n|-heal|p2a: Hatterene|28/100|[from] item: Leftovers\n|upkeep\n|\n|t:|1695186871\n|switch|p1a: Ogerpon|Ogerpon-Hearthflame, F|75/100\n|-ability|p1a: Ogerpon|Mold Breaker\n|turn|12\n|\n|t:|1695186874\n|switch|p2a: Iron Moth|Iron Moth|100/100\n|-enditem|p2a: Iron Moth|Booster Energy\n|-activate|p2a: Iron Moth|ability: Quark Drive|[fromitem]\n|-start|p2a: Iron Moth|quarkdrivespe\n|move|p1a: Ogerpon|Horn Leech|p2a: Iron Moth\n|-resisted|p2a: Iron Moth\n|-crit|p2a: Iron Moth\n|-damage|p2a: Iron Moth|78/100\n|-heal|p1a: Ogerpon|87/100|[from] drain|[of] p2a: Iron Moth\n|\n|-weather|none\n|upkeep\n|turn|13\n|\n|t:|1695186879\n|switch|p1a: Great Tusk|Great Tusk|100/100\n|move|p2a: Iron Moth|Sludge Wave|p1a: Great Tusk\n|-resisted|p1a: Great Tusk\n|-damage|p1a: Great Tusk|68/100\n|\n|upkeep\n|turn|14\n|\n|t:|1695186883\n|move|p2a: Iron Moth|Dazzling Gleam|p1a: Great Tusk\n|-supereffective|p1a: Great Tusk\n|-damage|p1a: Great Tusk|0 fnt\n|faint|p1a: Great Tusk\n|-end|p1a: Great Tusk|Protosynthesis|[silent]\n|\n|upkeep\n|\n|t:|1695186885\n|switch|p1a: Ursaluna|Ursaluna-Bloodmoon, M|100/100\n|turn|15\n|\n|t:|1695186892\n|move|p2a: Iron Moth|Fiery Dance|p1a: Ursaluna\n|-damage|p1a: Ursaluna|57/100\n|move|p1a: Ursaluna|Blood Moon|p2a: Iron Moth\n|-damage|p2a: Iron Moth|0 fnt\n|faint|p2a: Iron Moth\n|-end|p2a: Iron Moth|Quark Drive|[silent]\n|\n|upkeep\n|\n|t:|1695186896\n|switch|p2a: Ogerpon|Ogerpon-Hearthflame, F|100/100\n|-ability|p2a: Ogerpon|Mold Breaker\n|turn|16\n|\n|t:|1695186900\n|move|p1a: Ursaluna|Vacuum Wave|p2a: Ogerpon\n|-damage|p2a: Ogerpon|83/100\n|move|p2a: Ogerpon|Trailblaze|p1a: Ursaluna\n|-supereffective|p1a: Ursaluna\n|-damage|p1a: Ursaluna|19/100\n|-boost|p2a: Ogerpon|spe|1\n|-enditem|p1a: Ursaluna|Aguav Berry|[eat]\n|-heal|p1a: Ursaluna|52/100|[from] item: Aguav Berry\n|\n|upkeep\n|turn|17\n|\n|t:|1695186909\n|move|p2a: Ogerpon|Trailblaze|p1a: Ursaluna\n|-supereffective|p1a: Ursaluna\n|-damage|p1a: Ursaluna|8/100\n|-boost|p2a: Ogerpon|spe|1\n|move|p1a: Ursaluna|Blood Moon|p2a: Ogerpon\n|-damage|p2a: Ogerpon|0 fnt\n|faint|p2a: Ogerpon\n|\n|upkeep\n|\n|t:|1695186911\n|switch|p2a: Hatterene|Hatterene, F, tera:Water|28/100\n|turn|18\n|-message|chompsupremacy forfeited.\n|\n|win|4war4e\n|raw|4war4e's rating: 1594 &rarr; <strong>1618</strong><br />(+24 for winning)\n|raw|chompsupremacy's rating: 1669 &rarr; <strong>1645</strong><br />(-24 for losing)\n|l|\u2606chompsupremacy\n", "uploadtime": 1695186919, "views": 6, "p1id": "4war4e", "p2id": "chompsupremacy", "formatid": "gen9ou", "rating": 1618, "private": 0, "password": ""}