{"id": "gen9ou-1947677721", "p1": "skate.U", "p2": "Huesteus", "format": "gen9ou", "log": "|j|\u2606skate.U\n|j|\u2606Huesteus\n|t:|1695185742\n|gametype|singles\n|player|p1|skate.U|ingo|1366\n|player|p2|Huesteus|hiker|1299\n|teamsize|p1|6\n|teamsize|p2|6\n|gen|9\n|tier|[Gen 9] OU\n|rated|\n|rule|Sleep Clause Mod: Limit one foe put to sleep\n|rule|Species Clause: Limit one of each Pok\u00e9mon\n|rule|OHKO Clause: OHKO moves are banned\n|rule|Evasion Items Clause: Evasion items are banned\n|rule|Evasion Moves Clause: Evasion moves are banned\n|rule|Endless Battle Clause: Forcing endless battles is banned\n|rule|HP Percentage Mod: HP is shown in percentages\n|clearpoke\n|poke|p1|Garchomp, M|\n|poke|p1|Iron Valiant|\n|poke|p1|Ogerpon-Hearthflame, F|\n|poke|p1|Garganacl, M|\n|poke|p1|Manaphy|\n|poke|p1|Kingambit, F|\n|poke|p2|Ogerpon-Hearthflame, F|\n|poke|p2|Torkoal, M|\n|poke|p2|Walking Wake|\n|poke|p2|Lilligant-Hisui, F|\n|poke|p2|Roaring Moon|\n|poke|p2|Corviknight, M|\n|teampreview\n|inactive|Battle timer is ON: inactive players will automatically lose when time's up. (requested by skate.U)\n|\n|t:|1695185749\n|start\n|switch|p1a: Garganacl|Garganacl, M|100/100\n|switch|p2a: Torkoal|Torkoal, M|100/100\n|-weather|SunnyDay|[from] ability: Drought|[of] p2a: Torkoal\n|turn|1\n|\n|t:|1695185759\n|switch|p2a: Lilligant|Lilligant-Hisui, F|100/100\n|move|p1a: Garganacl|Salt Cure|p2a: Lilligant\n|-resisted|p2a: Lilligant\n|-damage|p2a: Lilligant|90/100\n|-start|p2a: Lilligant|Salt Cure\n|\n|-weather|SunnyDay|[upkeep]\n|-damage|p2a: Lilligant|77/100|[from] Salt Cure\n|upkeep\n|turn|2\n|\n|t:|1695185768\n|switch|p2a: Roaring Moon|Roaring Moon|100/100\n|-activate|p2a: Roaring Moon|ability: Protosynthesis\n|-start|p2a: Roaring Moon|protosynthesisatk\n|move|p1a: Garganacl|Protect||[still]\n|-fail|p1a: Garganacl\n|\n|-weather|SunnyDay|[upkeep]\n|upkeep\n|turn|3\n|\n|t:|1695185782\n|move|p2a: Roaring Moon|Iron Head|p1a: Garganacl\n|-supereffective|p1a: Garganacl\n|-damage|p1a: Garganacl|38/100\n|move|p1a: Garganacl|Salt Cure|p2a: Roaring Moon\n|-damage|p2a: Roaring Moon|83/100\n|-start|p2a: Roaring Moon|Salt Cure\n|\n|-weather|SunnyDay|[upkeep]\n|-heal|p1a: Garganacl|44/100|[from] item: Leftovers\n|-damage|p2a: Roaring Moon|70/100|[from] Salt Cure\n|upkeep\n|turn|4\n|\n|t:|1695185791\n|-end|p2a: Roaring Moon|Protosynthesis|[silent]\n|switch|p2a: Corviknight|Corviknight, M|100/100\n|move|p1a: Garganacl|Protect||[still]\n|-fail|p1a: Garganacl\n|\n|-weather|SunnyDay|[upkeep]\n|-heal|p1a: Garganacl|50/100|[from] item: Leftovers\n|upkeep\n|turn|5\n|\n|t:|1695185798\n|move|p1a: Garganacl|Protect|p1a: Garganacl\n|-singleturn|p1a: Garganacl|Protect\n|move|p2a: Corviknight|U-turn|p1a: Garganacl\n|-activate|p1a: Garganacl|move: Protect\n|\n|-weather|SunnyDay|[upkeep]\n|-heal|p1a: Garganacl|56/100|[from] item: Leftovers\n|upkeep\n|turn|6\n|\n|t:|1695185805\n|move|p2a: Corviknight|U-turn|p1a: Garganacl\n|-damage|p1a: Garganacl|48/100\n|\n|t:|1695185811\n|switch|p2a: Lilligant|Lilligant-Hisui, F|77/100|[from] U-turn\n|move|p1a: Garganacl|Recover|p1a: Garganacl\n|-heal|p1a: Garganacl|98/100\n|\n|-weather|SunnyDay|[upkeep]\n|-heal|p1a: Garganacl|100/100|[from] item: Leftovers\n|upkeep\n|turn|7\n|\n|t:|1695185819\n|move|p2a: Lilligant|Victory Dance|p2a: Lilligant\n|-boost|p2a: Lilligant|atk|1\n|-boost|p2a: Lilligant|def|1\n|-boost|p2a: Lilligant|spe|1\n|move|p1a: Garganacl|Salt Cure|p2a: Lilligant\n|-resisted|p2a: Lilligant\n|-damage|p2a: Lilligant|70/100\n|-start|p2a: Lilligant|Salt Cure\n|\n|-weather|SunnyDay|[upkeep]\n|-damage|p2a: Lilligant|57/100|[from] Salt Cure\n|upkeep\n|turn|8\n|\n|t:|1695185828\n|move|p1a: Garganacl|Protect|p1a: Garganacl\n|-singleturn|p1a: Garganacl|Protect\n|move|p2a: Lilligant|Solar Blade||[still]\n|-prepare|p2a: Lilligant|Solar Blade\n|-anim|p2a: Lilligant|Solar Blade|p1a: Garganacl\n|-activate|p1a: Garganacl|move: Protect\n|\n|-weather|none\n|-damage|p2a: Lilligant|45/100|[from] Salt Cure\n|upkeep\n|turn|9\n|\n|t:|1695185840\n|switch|p2a: Torkoal|Torkoal, M|100/100\n|-weather|SunnyDay|[from] ability: Drought|[of] p2a: Torkoal\n|switch|p1a: Garchomp|Garchomp, M|100/100\n|\n|-weather|SunnyDay|[upkeep]\n|upkeep\n|turn|10\n|\n|t:|1695185847\n|move|p1a: Garchomp|Substitute|p1a: Garchomp\n|-start|p1a: Garchomp|Substitute\n|-damage|p1a: Garchomp|76/100\n|move|p2a: Torkoal|Will-O-Wisp||[still]\n|-fail|p2a: Torkoal\n|\n|-weather|SunnyDay|[upkeep]\n|-heal|p1a: Garchomp|82/100|[from] item: Leftovers\n|upkeep\n|turn|11\n|-message|Huesteus forfeited.\n|\n|win|skate.U\n|raw|skate.U's rating: 1366 &rarr; <strong>1382</strong><br />(+16 for winning)\n|raw|Huesteus's rating: 1299 &rarr; <strong>1279</strong><br />(-20 for losing)\n|l|\u2606Huesteus\n", "uploadtime": 1695185856, "views": 4, "p1id": "skateu", "p2id": "huesteus", "formatid": "gen9ou", "rating": 1279, "private": 0, "password": ""}