{"id": "gen9ou-1947659085", "p1": "dgoman", "p2": "lshkreli", "format": "gen9ou", "log": "|j|\u2606dgoman\n|j|\u2606lshkreli\n|t:|1695183181\n|gametype|singles\n|player|p1|dgoman|flannery|1639\n|player|p2|lshkreli|1|1771\n|teamsize|p1|6\n|teamsize|p2|6\n|gen|9\n|tier|[Gen 9] OU\n|rated|\n|rule|Sleep Clause Mod: Limit one foe put to sleep\n|rule|Species Clause: Limit one of each Pok\u00e9mon\n|rule|OHKO Clause: OHKO moves are banned\n|rule|Evasion Items Clause: Evasion items are banned\n|rule|Evasion Moves Clause: Evasion moves are banned\n|rule|Endless Battle Clause: Forcing endless battles is banned\n|rule|HP Percentage Mod: HP is shown in percentages\n|clearpoke\n|poke|p1|Ursaluna-Bloodmoon, M|\n|poke|p1|Moltres|\n|poke|p1|Great Tusk|\n|poke|p1|Gholdengo|\n|poke|p1|Meowscarada, M|\n|poke|p1|Samurott-Hisui, F|\n|poke|p2|Kingambit, M|\n|poke|p2|Glimmora, F|\n|poke|p2|Zamazenta-*|\n|poke|p2|Iron Valiant|\n|poke|p2|Iron Moth|\n|poke|p2|Ogerpon-Wellspring, F|\n|teampreview\n|inactive|Battle timer is ON: inactive players will automatically lose when time's up. (requested by lshkreli)\n|\n|t:|1695183192\n|start\n|switch|p1a: Samuuth Criminal|Samurott-Hisui, F|100/100\n|switch|p2a: Glimmora|Glimmora, F|100/100\n|turn|1\n|\n|t:|1695183196\n|move|p2a: Glimmora|Stealth Rock|p1a: Samuuth Criminal\n|-sidestart|p1: dgoman|move: Stealth Rock\n|move|p1a: Samuuth Criminal|Razor Shell|p2a: Glimmora\n|-supereffective|p2a: Glimmora\n|-enditem|p2a: Glimmora|Focus Sash\n|-damage|p2a: Glimmora|1/100\n|-activate|p2a: Glimmora|ability: Toxic Debris\n|-sidestart|p1: dgoman|move: Toxic Spikes\n|\n|upkeep\n|turn|2\n|\n|t:|1695183201\n|move|p2a: Glimmora|Power Gem|p1a: Samuuth Criminal\n|-crit|p1a: Samuuth Criminal\n|-damage|p1a: Samuuth Criminal|14/100\n|move|p1a: Samuuth Criminal|Ceaseless Edge|p2a: Glimmora\n|-damage|p2a: Glimmora|0 fnt\n|-activate|p2a: Glimmora|ability: Toxic Debris\n|-sidestart|p1: dgoman|move: Toxic Spikes\n|-sidestart|p2: lshkreli|Spikes\n|faint|p2a: Glimmora\n|\n|upkeep\n|\n|t:|1695183212\n|switch|p2a: Ogerpon|Ogerpon-Wellspring, F|100/100\n|-damage|p2a: Ogerpon|88/100|[from] Spikes\n|turn|3\n|\n|t:|1695183221\n|move|p2a: Ogerpon|Ivy Cudgel|p1a: Samuuth Criminal\n|-resisted|p1a: Samuuth Criminal\n|-damage|p1a: Samuuth Criminal|0 fnt\n|faint|p1a: Samuuth Criminal\n|\n|upkeep\n|\n|t:|1695183224\n|switch|p1a: Rocks With You|Great Tusk|100/100\n|-damage|p1a: Rocks With You|98/100|[from] Stealth Rock\n|-status|p1a: Rocks With You|tox\n|turn|4\n|\n|t:|1695183230\n|-terastallize|p2a: Ogerpon|Water\n|detailschange|p2a: Ogerpon|Ogerpon-Wellspring-Tera, F, tera:Water\n|-ability|p2a: Ogerpon|Embody Aspect (Wellspring)|boost\n|-boost|p2a: Ogerpon|spd|1\n|move|p2a: Ogerpon|Ivy Cudgel|p1a: Rocks With You\n|-supereffective|p1a: Rocks With You\n|-damage|p1a: Rocks With You|24/100 tox\n|move|p1a: Rocks With You|Rapid Spin|p2a: Ogerpon\n|-damage|p2a: Ogerpon|67/100\n|-boost|p1a: Rocks With You|spe|1\n|-sideend|p1: dgoman|Toxic Spikes|[from] move: Rapid Spin|[of] p1a: Rocks With You\n|-sideend|p1: dgoman|Stealth Rock|[from] move: Rapid Spin|[of] p1a: Rocks With You\n|\n|-heal|p1a: Rocks With You|30/100 tox|[from] item: Leftovers\n|-damage|p1a: Rocks With You|24/100 tox|[from] psn\n|upkeep\n|turn|5\n|\n|t:|1695183237\n|move|p2a: Ogerpon|Ivy Cudgel|p1a: Rocks With You\n|-supereffective|p1a: Rocks With You\n|-damage|p1a: Rocks With You|0 fnt\n|faint|p1a: Rocks With You\n|-end|p1a: Rocks With You|Protosynthesis|[silent]\n|\n|upkeep\n|\n|t:|1695183240\n|switch|p1a: Kitty Jean|Meowscarada, M|100/100\n|turn|6\n|\n|t:|1695183250\n|move|p1a: Kitty Jean|Flower Trick|p2a: Ogerpon\n|-start|p1a: Kitty Jean|typechange|Grass|[from] ability: Protean\n|-supereffective|p2a: Ogerpon\n|-crit|p2a: Ogerpon\n|-damage|p2a: Ogerpon|0 fnt\n|faint|p2a: Ogerpon\n|\n|upkeep\n|\n|t:|1695183255\n|switch|p2a: Iron Moth|Iron Moth|100/100\n|-damage|p2a: Iron Moth|88/100|[from] Spikes\n|-enditem|p2a: Iron Moth|Booster Energy\n|-activate|p2a: Iron Moth|ability: Quark Drive|[fromitem]\n|-start|p2a: Iron Moth|quarkdrivespe\n|turn|7\n|\n|t:|1695183260\n|switch|p1a: Burn the World|Moltres|100/100\n|move|p2a: Iron Moth|Fiery Dance|p1a: Burn the World\n|-resisted|p1a: Burn the World\n|-damage|p1a: Burn the World|79/100\n|\n|upkeep\n|turn|8\n|\n|t:|1695183267\n|move|p2a: Iron Moth|Fiery Dance|p1a: Burn the World\n|-resisted|p1a: Burn the World\n|-damage|p1a: Burn the World|57/100\n|move|p1a: Burn the World|U-turn|p2a: Iron Moth\n|-resisted|p2a: Iron Moth\n|-damage|p2a: Iron Moth|84/100\n|\n|t:|1695183269\n|switch|p1a: WannaBeSweepnSmth|Ursaluna-Bloodmoon, M|100/100|[from] U-turn\n|\n|upkeep\n|turn|9\n|\n|t:|1695183275\n|move|p2a: Iron Moth|Fiery Dance|p1a: WannaBeSweepnSmth\n|-damage|p1a: WannaBeSweepnSmth|54/100\n|move|p1a: WannaBeSweepnSmth|Earth Power|p2a: Iron Moth\n|-supereffective|p2a: Iron Moth\n|-damage|p2a: Iron Moth|0 fnt\n|faint|p2a: Iron Moth\n|-end|p2a: Iron Moth|Quark Drive|[silent]\n|\n|-heal|p1a: WannaBeSweepnSmth|60/100|[from] item: Leftovers\n|upkeep\n|\n|t:|1695183280\n|switch|p2a: Zamazenta|Zamazenta, shiny|100/100\n|-damage|p2a: Zamazenta|88/100|[from] Spikes\n|-ability|p2a: Zamazenta|Dauntless Shield|boost\n|-boost|p2a: Zamazenta|def|1\n|turn|10\n|\n|t:|1695183291\n|-terastallize|p1a: WannaBeSweepnSmth|Fighting\n|move|p2a: Zamazenta|Body Press|p1a: WannaBeSweepnSmth\n|-damage|p1a: WannaBeSweepnSmth|23/100\n|move|p1a: WannaBeSweepnSmth|Blood Moon|p2a: Zamazenta\n|-damage|p2a: Zamazenta|16/100\n|\n|-heal|p2a: Zamazenta|22/100|[from] item: Leftovers\n|-heal|p1a: WannaBeSweepnSmth|29/100|[from] item: Leftovers\n|upkeep\n|turn|11\n|\n|t:|1695183300\n|switch|p1a: The Ghold Is Mine|Gholdengo|100/100\n|move|p2a: Zamazenta|Body Press|p1a: The Ghold Is Mine\n|-immune|p1a: The Ghold Is Mine\n|\n|-heal|p2a: Zamazenta|28/100|[from] item: Leftovers\n|upkeep\n|turn|12\n|\n|t:|1695183303\n|move|p2a: Zamazenta|Crunch|p1a: The Ghold Is Mine\n|-supereffective|p1a: The Ghold Is Mine\n|-damage|p1a: The Ghold Is Mine|64/100\n|move|p1a: The Ghold Is Mine|Shadow Ball|p2a: Zamazenta\n|-damage|p2a: Zamazenta|0 fnt\n|faint|p2a: Zamazenta\n|\n|-heal|p1a: The Ghold Is Mine|70/100|[from] item: Leftovers\n|upkeep\n|\n|t:|1695183307\n|switch|p2a: Kingambit|Kingambit, M|100/100\n|-damage|p2a: Kingambit|88/100|[from] Spikes\n|-activate|p2a: Kingambit|ability: Supreme Overlord\n|-start|p2a: Kingambit|fallen4|[silent]\n|turn|13\n|\n|t:|1695183312\n|switch|p1a: Burn the World|Moltres|57/100\n|move|p2a: Kingambit|Kowtow Cleave|p1a: Burn the World\n|-damage|p1a: Burn the World|0 fnt\n|-status|p2a: Kingambit|brn|[from] ability: Flame Body|[of] p1a: Burn the World\n|faint|p1a: Burn the World\n|\n|-damage|p2a: Kingambit|82/100 brn|[from] brn\n|upkeep\n|\n|t:|1695183331\n|switch|p1a: Kitty Jean|Meowscarada, M|100/100\n|turn|14\n|\n|t:|1695183338\n|move|p1a: Kitty Jean|Flower Trick|p2a: Kingambit\n|-start|p1a: Kitty Jean|typechange|Grass|[from] ability: Protean\n|-resisted|p2a: Kingambit\n|-crit|p2a: Kingambit\n|-damage|p2a: Kingambit|51/100 brn\n|move|p2a: Kingambit|Iron Head|p1a: Kitty Jean\n|-damage|p1a: Kitty Jean|49/100\n|\n|-damage|p2a: Kingambit|45/100 brn|[from] brn\n|upkeep\n|turn|15\n|\n|t:|1695183349\n|move|p1a: Kitty Jean|Flower Trick|p2a: Kingambit\n|-resisted|p2a: Kingambit\n|-crit|p2a: Kingambit\n|-damage|p2a: Kingambit|11/100 brn\n|move|p2a: Kingambit|Kowtow Cleave|p1a: Kitty Jean\n|-damage|p1a: Kitty Jean|0 fnt\n|faint|p1a: Kitty Jean\n|\n|-damage|p2a: Kingambit|5/100 brn|[from] brn\n|upkeep\n|\n|t:|1695183354\n|switch|p1a: WannaBeSweepnSmth|Ursaluna-Bloodmoon, M, tera:Fighting|29/100\n|turn|16\n|j| wzxt666\n|\n|t:|1695183358\n|move|p1a: WannaBeSweepnSmth|Vacuum Wave|p2a: Kingambit\n|-supereffective|p2a: Kingambit\n|-damage|p2a: Kingambit|0 fnt\n|faint|p2a: Kingambit\n|-end|p2a: Kingambit|fallen4|[silent]\n|\n|-heal|p1a: WannaBeSweepnSmth|35/100|[from] item: Leftovers\n|upkeep\n|\n|t:|1695183360\n|switch|p2a: Iron Valiant|Iron Valiant|100/100\n|-damage|p2a: Iron Valiant|88/100|[from] Spikes\n|-enditem|p2a: Iron Valiant|Booster Energy\n|-activate|p2a: Iron Valiant|ability: Quark Drive|[fromitem]\n|-start|p2a: Iron Valiant|quarkdrivespe\n|turn|17\n|\n|t:|1695183363\n|move|p2a: Iron Valiant|Moonblast|p1a: WannaBeSweepnSmth\n|-supereffective|p1a: WannaBeSweepnSmth\n|-damage|p1a: WannaBeSweepnSmth|0 fnt\n|faint|p1a: WannaBeSweepnSmth\n|\n|upkeep\n|\n|t:|1695183365\n|switch|p1a: The Ghold Is Mine|Gholdengo|70/100\n|turn|18\n|\n|t:|1695183372\n|move|p2a: Iron Valiant|Moonblast|p1a: The Ghold Is Mine\n|-resisted|p1a: The Ghold Is Mine\n|-damage|p1a: The Ghold Is Mine|48/100\n|move|p1a: The Ghold Is Mine|Shadow Ball|p2a: Iron Valiant\n|-damage|p2a: Iron Valiant|31/100\n|\n|-heal|p1a: The Ghold Is Mine|54/100|[from] item: Leftovers\n|upkeep\n|turn|19\n|\n|t:|1695183380\n|move|p2a: Iron Valiant|Moonblast|p1a: The Ghold Is Mine\n|-resisted|p1a: The Ghold Is Mine\n|-damage|p1a: The Ghold Is Mine|32/100\n|-unboost|p1a: The Ghold Is Mine|spa|1\n|move|p1a: The Ghold Is Mine|Make It Rain|p2a: Iron Valiant\n|-supereffective|p2a: Iron Valiant\n|-damage|p2a: Iron Valiant|0 fnt\n|-unboost|p1a: The Ghold Is Mine|spa|1\n|faint|p2a: Iron Valiant\n|-end|p2a: Iron Valiant|Quark Drive|[silent]\n|\n|win|dgoman\n|raw|dgoman's rating: 1639 &rarr; <strong>1666</strong><br />(+27 for winning)\n|raw|lshkreli's rating: 1771 &rarr; <strong>1744</strong><br />(-27 for losing)\n|l|\u2606lshkreli\n", "uploadtime": 1695183387, "views": 2, "p1id": "dgoman", "p2id": "lshkreli", "formatid": "gen9ou", "rating": 1666, "private": 0, "password": ""}