{"id": "gen9ou-1947664384", "p1": "Flounderbasket", "p2": "thelastfirered", "format": "gen9ou", "log": "|j|\u2606Flounderbasket\n|j|\u2606thelastfirered\n|t:|1695183889\n|gametype|singles\n|player|p1|Flounderbasket|hilda|1097\n|player|p2|thelastfirered|170|1119\n|teamsize|p1|6\n|teamsize|p2|6\n|gen|9\n|tier|[Gen 9] OU\n|rated|\n|rule|Sleep Clause Mod: Limit one foe put to sleep\n|rule|Species Clause: Limit one of each Pok\u00e9mon\n|rule|OHKO Clause: OHKO moves are banned\n|rule|Evasion Items Clause: Evasion items are banned\n|rule|Evasion Moves Clause: Evasion moves are banned\n|rule|Endless Battle Clause: Forcing endless battles is banned\n|rule|HP Percentage Mod: HP is shown in percentages\n|clearpoke\n|poke|p1|Garchomp, M|\n|poke|p1|Moltres-Galar|\n|poke|p1|Sandslash, M|\n|poke|p1|Umbreon, M|\n|poke|p1|Espeon, M|\n|poke|p1|Seviper, M|\n|poke|p2|Ogerpon-Hearthflame, F|\n|poke|p2|Azumarill, M|\n|poke|p2|Gholdengo|\n|poke|p2|Great Tusk|\n|poke|p2|Corviknight, F|\n|poke|p2|Heatran, M|\n|teampreview\n|\n|t:|1695183899\n|start\n|switch|p1a: Nagato|Espeon, M|100/100\n|switch|p2a: Great Tusk|Great Tusk|100/100\n|turn|1\n|\n|t:|1695183905\n|-end|p2a: Great Tusk|Protosynthesis|[silent]\n|switch|p2a: Heatran|Heatran, M|100/100\n|move|p1a: Nagato|Psyshock|p2a: Heatran\n|-resisted|p2a: Heatran\n|-damage|p2a: Heatran|70/100\n|\n|-heal|p2a: Heatran|76/100|[from] item: Leftovers\n|upkeep\n|turn|2\n|\n|t:|1695183915\n|switch|p1a: Sasori|Sandslash, M, shiny|100/100\n|move|p2a: Heatran|Magma Storm|p1a: Sasori|[miss]\n|-miss|p2a: Heatran|p1a: Sasori\n|\n|-heal|p2a: Heatran|82/100|[from] item: Leftovers\n|upkeep\n|turn|3\n|\n|t:|1695183940\n|switch|p2a: Corviknight|Corviknight, F|100/100\n|-ability|p2a: Corviknight|Pressure\n|move|p1a: Sasori|Rapid Spin|p2a: Corviknight\n|-resisted|p2a: Corviknight\n|-damage|p2a: Corviknight|96/100\n|-boost|p1a: Sasori|spe|1\n|-damage|p1a: Sasori|84/100|[from] item: Rocky Helmet|[of] p2a: Corviknight\n|\n|upkeep\n|turn|4\n|\n|t:|1695183950\n|move|p1a: Sasori|Super Fang|p2a: Corviknight|[miss]\n|-miss|p1a: Sasori|p2a: Corviknight\n|move|p2a: Corviknight|U-turn|p1a: Sasori\n|-damage|p1a: Sasori|68/100\n|\n|t:|1695183955\n|switch|p2a: Azumarill|Azumarill, M|100/100|[from] U-turn\n|\n|upkeep\n|turn|5\n|\n|t:|1695183965\n|move|p1a: Sasori|Super Fang|p2a: Azumarill\n|-damage|p2a: Azumarill|50/100\n|move|p2a: Azumarill|Liquidation|p1a: Sasori\n|-supereffective|p1a: Sasori\n|-damage|p1a: Sasori|0 fnt\n|faint|p1a: Sasori\n|\n|upkeep\n|\n|t:|1695183978\n|switch|p1a: Nagato|Espeon, M|100/100\n|turn|6\n|inactive|Battle timer is ON: inactive players will automatically lose when time's up. (requested by thelastfirered)\n|\n|t:|1695184002\n|switch|p2a: Heatran|Heatran, M|82/100\n|move|p1a: Nagato|Trick|p2a: Heatran\n|-activate|p1a: Nagato|move: Trick|[of] p2a: Heatran\n|-item|p2a: Heatran|Choice Specs|[from] move: Trick\n|-item|p1a: Nagato|Leftovers|[from] move: Trick\n|\n|upkeep\n|turn|7\n|\n|t:|1695184018\n|move|p1a: Nagato|Power Gem|p2a: Heatran\n|-damage|p2a: Heatran|64/100\n|move|p2a: Heatran|Magma Storm|p1a: Nagato|[miss]\n|-miss|p2a: Heatran|p1a: Nagato\n|\n|upkeep\n|turn|8\n|inactive|Flounderbasket has 120 seconds left.\n|\n|t:|1695184045\n|switch|p1a: Kisame|Garchomp, M|100/100\n|move|p2a: Heatran|Magma Storm|p1a: Kisame\n|-resisted|p1a: Kisame\n|-damage|p1a: Kisame|65/100\n|-activate|p1a: Kisame|move: Magma Storm|[of] p2a: Heatran\n|\n|-damage|p1a: Kisame|53/100|[from] move: Magma Storm|[partiallytrapped]\n|upkeep\n|turn|9\n|inactive|Flounderbasket has 120 seconds left.\n|\n|t:|1695184060\n|switch|p2a: Great Tusk|Great Tusk|100/100\n|-terastallize|p1a: Kisame|Water\n|move|p1a: Kisame|Liquidation|p2a: Great Tusk\n|-supereffective|p2a: Great Tusk\n|-damage|p2a: Great Tusk|23/100\n|\n|-end|p1a: Kisame|Magma Storm|[partiallytrapped]|[silent]\n|upkeep\n|turn|10\n|\n|t:|1695184072\n|move|p1a: Kisame|Liquidation|p2a: Great Tusk\n|-supereffective|p2a: Great Tusk\n|-damage|p2a: Great Tusk|0 fnt\n|faint|p2a: Great Tusk\n|-end|p2a: Great Tusk|Protosynthesis|[silent]\n|\n|upkeep\n|\n|t:|1695184077\n|switch|p2a: Ogerpon|Ogerpon-Hearthflame, F|100/100\n|-ability|p2a: Ogerpon|Mold Breaker\n|turn|11\n|\n|t:|1695184087\n|switch|p1a: Itachi|Moltres-Galar|100/100\n|-terastallize|p2a: Ogerpon|Fire\n|detailschange|p2a: Ogerpon|Ogerpon-Hearthflame-Tera, F, tera:Fire\n|-ability|p2a: Ogerpon|Embody Aspect (Hearthflame)|boost\n|-boost|p2a: Ogerpon|atk|1\n|move|p2a: Ogerpon|Wood Hammer|p1a: Itachi\n|-resisted|p1a: Itachi\n|-damage|p1a: Itachi|34/100\n|-damage|p2a: Ogerpon|77/100|[from] Recoil\n|-ability|p1a: Itachi|Berserk|boost\n|-boost|p1a: Itachi|spa|1\n|\n|upkeep\n|turn|12\n|\n|t:|1695184108\n|move|p2a: Ogerpon|Ivy Cudgel|p1a: Itachi\n|-damage|p1a: Itachi|0 fnt\n|faint|p1a: Itachi\n|\n|upkeep\n|inactive|Flounderbasket has 120 seconds left.\n|\n|t:|1695184122\n|switch|p1a: Orochimaru|Seviper, M|100/100\n|turn|13\n|\n|t:|1695184125\n|switch|p2a: Corviknight|Corviknight, F|96/100\n|-ability|p2a: Corviknight|Pressure\n|move|p1a: Orochimaru|Glare|p2a: Corviknight\n|-status|p2a: Corviknight|par\n|\n|upkeep\n|turn|14\n|\n|t:|1695184133\n|move|p1a: Orochimaru|Flamethrower|p2a: Corviknight\n|-supereffective|p2a: Corviknight\n|-damage|p2a: Corviknight|43/100 par\n|move|p2a: Corviknight|Drill Peck|p1a: Orochimaru\n|-damage|p1a: Orochimaru|59/100\n|\n|upkeep\n|turn|15\n|\n|t:|1695184138\n|move|p1a: Orochimaru|Flamethrower|p2a: Corviknight\n|-supereffective|p2a: Corviknight\n|-damage|p2a: Corviknight|0 fnt\n|faint|p2a: Corviknight\n|\n|upkeep\n|\n|t:|1695184148\n|switch|p2a: Ogerpon|Ogerpon-Hearthflame-Tera, F, tera:Fire|77/100\n|-ability|p2a: Ogerpon|Embody Aspect (Hearthflame)|boost\n|-boost|p2a: Ogerpon|atk|1\n|turn|16\n|\n|t:|1695184152\n|move|p2a: Ogerpon|Ivy Cudgel|p1a: Orochimaru\n|-crit|p1a: Orochimaru\n|-damage|p1a: Orochimaru|0 fnt\n|faint|p1a: Orochimaru\n|\n|upkeep\n|\n|t:|1695184171\n|switch|p1a: Kisame|Garchomp, M, tera:Water|53/100\n|turn|17\n|\n|t:|1695184182\n|move|p1a: Kisame|Earthquake|p2a: Ogerpon\n|-supereffective|p2a: Ogerpon\n|-damage|p2a: Ogerpon|0 fnt\n|faint|p2a: Ogerpon\n|\n|upkeep\n|\n|t:|1695184187\n|switch|p2a: Azumarill|Azumarill, M|50/100\n|turn|18\n|\n|t:|1695184191\n|move|p1a: Kisame|Earthquake|p2a: Azumarill\n|-damage|p2a: Azumarill|0 fnt\n|faint|p2a: Azumarill\n|\n|upkeep\n|-message|thelastfirered forfeited.\n|\n|win|Flounderbasket\n|raw|Flounderbasket's rating: 1097 &rarr; <strong>1124</strong><br />(+27 for winning)\n|raw|thelastfirered's rating: 1119 &rarr; <strong>1092</strong><br />(-27 for losing)\n|l|\u2606thelastfirered\n", "uploadtime": 1695184201, "views": 4, "p1id": "flounderbasket", "p2id": "thelastfirered", "formatid": "gen9ou", "rating": 1092, "private": 0, "password": ""}