{"id": "gen9ou-1947578478", "p1": "TurtonatorTime", "p2": "DMoney18", "format": "gen9ou", "log": "|j|\u2606TurtonatorTime\n|j|\u2606DMoney18\n|t:|1695174367\n|gametype|singles\n|player|p1|TurtonatorTime|170|1575\n|player|p2|DMoney18|lass-gen4dp|1716\n|teamsize|p1|6\n|teamsize|p2|6\n|gen|9\n|tier|[Gen 9] OU\n|rated|\n|rule|Sleep Clause Mod: Limit one foe put to sleep\n|rule|Species Clause: Limit one of each Pok\u00e9mon\n|rule|OHKO Clause: OHKO moves are banned\n|rule|Evasion Items Clause: Evasion items are banned\n|rule|Evasion Moves Clause: Evasion moves are banned\n|rule|Endless Battle Clause: Forcing endless battles is banned\n|rule|HP Percentage Mod: HP is shown in percentages\n|clearpoke\n|poke|p1|Kingambit, F|\n|poke|p1|Glimmora, F|\n|poke|p1|Zamazenta-*|\n|poke|p1|Iron Valiant|\n|poke|p1|Iron Moth|\n|poke|p1|Ogerpon-Wellspring, F|\n|poke|p2|Ogerpon-Hearthflame, F|\n|poke|p2|Gholdengo|\n|poke|p2|Great Tusk|\n|poke|p2|Walking Wake|\n|poke|p2|Ursaluna-Bloodmoon, M|\n|poke|p2|Kingambit, M|\n|teampreview\n|\n|t:|1695174399\n|start\n|switch|p1a: Glimmora|Glimmora, F|100/100\n|switch|p2a: feddy fAzb|Ursaluna-Bloodmoon, M|100/100\n|turn|1\n|c|\u2606TurtonatorTime|fazzy fredbear\n|\n|t:|1695174448\n|move|p1a: Glimmora|Mortal Spin|p2a: feddy fAzb\n|-resisted|p2a: feddy fAzb\n|-damage|p2a: feddy fAzb|98/100\n|-status|p2a: feddy fAzb|psn\n|move|p2a: feddy fAzb|Earth Power|p1a: Glimmora\n|-supereffective|p1a: Glimmora\n|-enditem|p1a: Glimmora|Focus Sash\n|-damage|p1a: Glimmora|1/100\n|\n|-heal|p2a: feddy fAzb|100/100 psn|[from] item: Leftovers\n|-damage|p2a: feddy fAzb|88/100 psn|[from] psn\n|upkeep\n|turn|2\n|\n|t:|1695174456\n|move|p2a: feddy fAzb|Vacuum Wave|p1a: Glimmora\n|-damage|p1a: Glimmora|0 fnt\n|faint|p1a: Glimmora\n|\n|-heal|p2a: feddy fAzb|94/100 psn|[from] item: Leftovers\n|-damage|p2a: feddy fAzb|82/100 psn|[from] psn\n|upkeep\n|\n|t:|1695174460\n|switch|p1a: Ogerpon|Ogerpon-Wellspring, F|100/100\n|turn|3\n|\n|t:|1695174464\n|move|p1a: Ogerpon|Knock Off|p2a: feddy fAzb\n|-damage|p2a: feddy fAzb|55/100 psn\n|-enditem|p2a: feddy fAzb|Leftovers|[from] move: Knock Off|[of] p1a: Ogerpon\n|move|p2a: feddy fAzb|Blood Moon|p1a: Ogerpon\n|-damage|p1a: Ogerpon|6/100\n|\n|-damage|p2a: feddy fAzb|42/100 psn|[from] psn\n|upkeep\n|turn|4\n|\n|t:|1695174473\n|switch|p1a: Iron Valiant|Iron Valiant|100/100\n|-enditem|p1a: Iron Valiant|Booster Energy\n|-activate|p1a: Iron Valiant|ability: Quark Drive|[fromitem]\n|-start|p1a: Iron Valiant|quarkdrivespe\n|move|p2a: feddy fAzb|Earth Power|p1a: Iron Valiant\n|-damage|p1a: Iron Valiant|10/100\n|\n|-damage|p2a: feddy fAzb|30/100 psn|[from] psn\n|upkeep\n|turn|5\n|\n|t:|1695174480\n|move|p2a: feddy fAzb|Vacuum Wave|p1a: Iron Valiant\n|-resisted|p1a: Iron Valiant\n|-damage|p1a: Iron Valiant|0 fnt\n|faint|p1a: Iron Valiant\n|-end|p1a: Iron Valiant|Quark Drive|[silent]\n|\n|-damage|p2a: feddy fAzb|18/100 psn|[from] psn\n|upkeep\n|-message|TurtonatorTime forfeited.\n|\n|win|DMoney18\n|raw|TurtonatorTime's rating: 1575 &rarr; <strong>1563</strong><br />(-12 for losing)\n|raw|DMoney18's rating: 1716 &rarr; <strong>1728</strong><br />(+12 for winning)\n|l|\u2606TurtonatorTime\n", "uploadtime": 1695174490, "views": 15, "p1id": "turtonatortime", "p2id": "dmoney18", "formatid": "gen9ou", "rating": 1563, "private": 0, "password": ""}