{"id": "gen9ou-1947634269", "p1": "otonashi_madoka", "p2": "4war4e", "format": "gen9ou", "log": "|j|\u2606otonashi_madoka\n|j|\u26064war4e\n|t:|1695180182\n|gametype|singles\n|player|p1|otonashi_madoka|2|1403\n|player|p2|4war4e|1|1475\n|teamsize|p1|6\n|teamsize|p2|6\n|gen|9\n|tier|[Gen 9] OU\n|rated|\n|rule|Sleep Clause Mod: Limit one foe put to sleep\n|rule|Species Clause: Limit one of each Pok\u00e9mon\n|rule|OHKO Clause: OHKO moves are banned\n|rule|Evasion Items Clause: Evasion items are banned\n|rule|Evasion Moves Clause: Evasion moves are banned\n|rule|Endless Battle Clause: Forcing endless battles is banned\n|rule|HP Percentage Mod: HP is shown in percentages\n|clearpoke\n|poke|p1|Munkidori, M|\n|poke|p1|Ogerpon-Hearthflame, F|\n|poke|p1|Great Tusk|\n|poke|p1|Ursaluna-Bloodmoon, M|\n|poke|p1|Fezandipiti, M|\n|poke|p1|Gholdengo|\n|poke|p2|Mew|\n|poke|p2|Ursaluna-Bloodmoon, M|\n|poke|p2|Ogerpon-Hearthflame, F|\n|poke|p2|Walking Wake|\n|poke|p2|Ninetales, F|\n|poke|p2|Great Tusk|\n|teampreview\n|\n|t:|1695180193\n|start\n|switch|p1a: Ursaluna|Ursaluna-Bloodmoon, M|100/100\n|switch|p2a: Ursaluna|Ursaluna-Bloodmoon, M|100/100\n|turn|1\n|inactive|Battle timer is ON: inactive players will automatically lose when time's up. (requested by otonashi_madoka)\n|inactive|4war4e has 120 seconds left.\n|inactive|4war4e has 90 seconds left.\n|\n|t:|1695180255\n|move|p2a: Ursaluna|Calm Mind|p2a: Ursaluna\n|-boost|p2a: Ursaluna|spa|1\n|-boost|p2a: Ursaluna|spd|1\n|move|p1a: Ursaluna|Blood Moon|p2a: Ursaluna\n|-damage|p2a: Ursaluna|19/100\n|-enditem|p2a: Ursaluna|Aguav Berry|[eat]\n|-heal|p2a: Ursaluna|52/100|[from] item: Aguav Berry\n|-damage|p1a: Ursaluna|90/100|[from] item: Life Orb\n|\n|upkeep\n|turn|2\n|\n|t:|1695180284\n|move|p2a: Ursaluna|Blood Moon|p1a: Ursaluna\n|-damage|p1a: Ursaluna|0 fnt\n|faint|p1a: Ursaluna\n|\n|upkeep\n|inactive|otonashi_madoka has 120 seconds left.\n|\n|t:|1695180301\n|switch|p1a: Ogerpon|Ogerpon-Hearthflame, F|100/100\n|-ability|p1a: Ogerpon|Mold Breaker\n|turn|3\n|inactive|otonashi_madoka has 120 seconds left.\n|inactive|4war4e has 120 seconds left.\n|\n|t:|1695180338\n|-terastallize|p1a: Ogerpon|Fire\n|detailschange|p1a: Ogerpon|Ogerpon-Hearthflame-Tera, F, tera:Fire\n|-ability|p1a: Ogerpon|Embody Aspect (Hearthflame)|boost\n|-boost|p1a: Ogerpon|atk|1\n|move|p2a: Ursaluna|Vacuum Wave|p1a: Ogerpon\n|-damage|p1a: Ogerpon|70/100\n|move|p1a: Ogerpon|Ivy Cudgel|p2a: Ursaluna\n|-damage|p2a: Ursaluna|0 fnt\n|faint|p2a: Ursaluna\n|\n|upkeep\n|\n|t:|1695180341\n|switch|p2a: Ninetales|Ninetales, F|100/100\n|-weather|SunnyDay|[from] ability: Drought|[of] p2a: Ninetales\n|turn|4\n|\n|t:|1695180351\n|switch|p2a: Walking Wake|Walking Wake|100/100\n|-activate|p2a: Walking Wake|ability: Protosynthesis\n|-start|p2a: Walking Wake|protosynthesisspe\n|move|p1a: Ogerpon|Ivy Cudgel|p2a: Walking Wake\n|-resisted|p2a: Walking Wake\n|-damage|p2a: Walking Wake|50/100\n|\n|-weather|SunnyDay|[upkeep]\n|upkeep\n|turn|5\n|\n|t:|1695180369\n|switch|p1a: Fezandipiti|Fezandipiti, M|100/100\n|move|p2a: Walking Wake|Hydro Steam|p1a: Fezandipiti\n|-damage|p1a: Fezandipiti|35/100\n|\n|-weather|SunnyDay|[upkeep]\n|-heal|p1a: Fezandipiti|41/100|[from] item: Leftovers\n|upkeep\n|turn|6\n|\n|t:|1695180397\n|move|p2a: Walking Wake|Hydro Steam|p1a: Fezandipiti\n|-damage|p1a: Fezandipiti|0 fnt\n|faint|p1a: Fezandipiti\n|\n|-weather|SunnyDay|[upkeep]\n|upkeep\n|inactive|otonashi_madoka has 120 seconds left.\n|\n|t:|1695180412\n|switch|p1a: Munkidori|Munkidori, M|100/100\n|turn|7\n|\n|t:|1695180421\n|move|p2a: Walking Wake|Hydro Steam|p1a: Munkidori\n|-damage|p1a: Munkidori|0 fnt\n|faint|p1a: Munkidori\n|\n|-weather|SunnyDay|[upkeep]\n|upkeep\n|-message|otonashi_madoka forfeited.\n|\n|win|4war4e\n|raw|otonashi_madoka's rating: 1403 &rarr; <strong>1387</strong><br />(-16 for losing)\n|raw|4war4e's rating: 1475 &rarr; <strong>1491</strong><br />(+16 for winning)\n|l|\u2606otonashi_madoka\n", "uploadtime": 1695180463, "views": 2, "p1id": "otonashimadoka", "p2id": "4war4e", "formatid": "gen9ou", "rating": 1387, "private": 0, "password": ""}