{"id": "gen9ou-1947626371", "p1": "sodiumnitride", "p2": "IHardyyy", "format": "gen9ou", "log": "|j|\u2606sodiumnitride\n|j|\u2606IHardyyy\n|t:|1695179313\n|gametype|singles\n|player|p1|sodiumnitride|lance-gen2|1120\n|player|p2|IHardyyy|265|1211\n|teamsize|p1|6\n|teamsize|p2|6\n|gen|9\n|tier|[Gen 9] OU\n|rated|\n|rule|Sleep Clause Mod: Limit one foe put to sleep\n|rule|Species Clause: Limit one of each Pok\u00e9mon\n|rule|OHKO Clause: OHKO moves are banned\n|rule|Evasion Items Clause: Evasion items are banned\n|rule|Evasion Moves Clause: Evasion moves are banned\n|rule|Endless Battle Clause: Forcing endless battles is banned\n|rule|HP Percentage Mod: HP is shown in percentages\n|clearpoke\n|poke|p1|Dipplin, M|\n|poke|p1|Ogerpon-Hearthflame, F|\n|poke|p1|Greninja-*, M|\n|poke|p1|Fezandipiti, M|\n|poke|p1|Tyranitar, F|\n|poke|p1|Great Tusk|\n|poke|p2|Gliscor, F|\n|poke|p2|Crawdaunt, M|\n|poke|p2|Iron Moth|\n|poke|p2|Ninetales-Alola, M|\n|poke|p2|Zapdos|\n|poke|p2|Kommo-o, M|\n|teampreview\n|inactive|Battle timer is ON: inactive players will automatically lose when time's up. (requested by IHardyyy)\n|\n|t:|1695179320\n|start\n|switch|p1a: The Beast|Tyranitar, F|100/100\n|switch|p2a: Ninetales|Ninetales-Alola, M|100/100\n|-weather|Snow|[from] ability: Snow Warning|[of] p2a: Ninetales\n|-weather|Sandstorm|[from] ability: Sand Stream|[of] p1a: The Beast\n|turn|1\n|\n|t:|1695179331\n|move|p2a: Ninetales|Dazzling Gleam|p1a: The Beast\n|-supereffective|p1a: The Beast\n|-damage|p1a: The Beast|67/100\n|-enditem|p1a: The Beast|Weakness Policy\n|-boost|p1a: The Beast|atk|2|[from] item: Weakness Policy\n|-boost|p1a: The Beast|spa|2|[from] item: Weakness Policy\n|move|p1a: The Beast|Dragon Dance|p1a: The Beast\n|-boost|p1a: The Beast|atk|1\n|-boost|p1a: The Beast|spe|1\n|\n|-weather|Sandstorm|[upkeep]\n|-damage|p2a: Ninetales|94/100|[from] Sandstorm\n|upkeep\n|turn|2\n|\n|t:|1695179356\n|switch|p2a: Iron Moth|Iron Moth|100/100\n|-enditem|p2a: Iron Moth|Booster Energy\n|-activate|p2a: Iron Moth|ability: Quark Drive|[fromitem]\n|-start|p2a: Iron Moth|quarkdrivespe\n|move|p1a: The Beast|Rock Slide|p2a: Iron Moth\n|-supereffective|p2a: Iron Moth\n|-damage|p2a: Iron Moth|0 fnt\n|faint|p2a: Iron Moth\n|-end|p2a: Iron Moth|Quark Drive|[silent]\n|\n|-weather|Sandstorm|[upkeep]\n|upkeep\n|inactive|IHardyyy has 120 seconds left.\n|\n|t:|1695179391\n|switch|p2a: Kommo-o|Kommo-o, M|100/100\n|turn|3\n|\n|t:|1695179398\n|move|p1a: The Beast|Ice Punch|p2a: Kommo-o\n|-supereffective|p2a: Kommo-o\n|-damage|p2a: Kommo-o|0 fnt\n|faint|p2a: Kommo-o\n|\n|-weather|Sandstorm|[upkeep]\n|upkeep\n|\n|t:|1695179403\n|switch|p2a: Ninetales|Ninetales-Alola, M|94/100\n|-weather|Snow|[from] ability: Snow Warning|[of] p2a: Ninetales\n|turn|4\n|\n|t:|1695179410\n|move|p1a: The Beast|Rock Slide|p2a: Ninetales\n|-supereffective|p2a: Ninetales\n|-damage|p2a: Ninetales|0 fnt\n|faint|p2a: Ninetales\n|\n|-weather|Snow|[upkeep]\n|upkeep\n|inactive|IHardyyy has 120 seconds left.\n|\n|t:|1695179420\n|switch|p2a: Gliscor|Gliscor, F|100/100\n|turn|5\n|c|\u2606sodiumnitride|its joeverr\n|\n|t:|1695179424\n|move|p1a: The Beast|Ice Punch|p2a: Gliscor\n|-supereffective|p2a: Gliscor\n|-damage|p2a: Gliscor|0 fnt\n|faint|p2a: Gliscor\n|\n|-weather|Snow|[upkeep]\n|upkeep\n|-message|IHardyyy forfeited.\n|\n|win|sodiumnitride\n|raw|sodiumnitride's rating: 1120 &rarr; <strong>1151</strong><br />(+31 for winning)\n|raw|IHardyyy's rating: 1211 &rarr; <strong>1180</strong><br />(-31 for losing)\n|l|\u2606IHardyyy\n", "uploadtime": 1695179435, "views": 5, "p1id": "sodiumnitride", "p2id": "ihardyyy", "formatid": "gen9ou", "rating": 1151, "private": 0, "password": ""}