{"id": "gen9ou-1947617607", "p1": "Light Dlc1 Train", "p2": "Kingdom Kouple", "format": "gen9ou", "log": "|j|\u2606Light Dlc1 Train\n|j|\u2606Kingdom Kouple\n|inactive|Battle timer is ON: inactive players will automatically lose when time's up.\n|t:|1695178372\n|gametype|singles\n|player|p1|Light Dlc1 Train|blue-gen7|\n|player|p2|Kingdom Kouple|erbie-unite|\n|teamsize|p1|6\n|teamsize|p2|6\n|gen|9\n|tier|[Gen 9] OU\n|rated|Tournament battle\n|rule|Sleep Clause Mod: Limit one foe put to sleep\n|rule|Species Clause: Limit one of each Pok\u00e9mon\n|rule|OHKO Clause: OHKO moves are banned\n|rule|Evasion Items Clause: Evasion items are banned\n|rule|Evasion Moves Clause: Evasion moves are banned\n|rule|Endless Battle Clause: Forcing endless battles is banned\n|rule|HP Percentage Mod: HP is shown in percentages\n|clearpoke\n|poke|p1|Charizard-Mega-X, F|\n|poke|p1|Diancie-Mega|\n|poke|p1|Garchomp-Mega, M|\n|poke|p1|Gallade-Mega, M|\n|poke|p1|Kingambit, F|\n|poke|p1|Zamazenta-*|\n|poke|p2|Ursaluna-Bloodmoon, M|\n|poke|p2|Fezandipiti, M|\n|poke|p2|Rotom-Wash|\n|poke|p2|Cinderace, M|\n|poke|p2|Kingambit, F|\n|poke|p2|Dragonite, M|\n|teampreview\n|inactive|Light Dlc1 Train also wants the timer to be on.\n|j| Prohunter\n|j| Mark Gatz\n|j|%htcl\n|j| sodynamic\n|j| markose\n|j| Learner Moku\n|c|\u2606Light Dlc1 Train|lol\n|c|\u2606Light Dlc1 Train|hf\n|c| Prohunter|lol\n|j|@georgiethefirst\n|l|@georgiethefirst\n|c| Mark Gatz|lol\n|c| Learner Moku|4 of these things is not like the other\n|j| TheMaskOfBax\n|inactive|Light Dlc1 Train has 120 seconds left.\n|\n|t:|1695178412\n|start\n|switch|p1a: Diancie|Diancie-Mega|100/100\n|switch|p2a: Ursaluna|Ursaluna-Bloodmoon, M|100/100\n|turn|1\n|c| Learner Moku|4 of these things do not belong\n|\n|t:|1695178418\n|move|p1a: Diancie|Moonblast|p2a: Ursaluna\n|-damage|p2a: Ursaluna|30/100\n|move|p2a: Ursaluna|Earth Power|p1a: Diancie\n|-supereffective|p1a: Diancie\n|-enditem|p1a: Diancie|Focus Sash\n|-damage|p1a: Diancie|1/100\n|-unboost|p1a: Diancie|spd|1\n|\n|-heal|p2a: Ursaluna|36/100|[from] item: Leftovers\n|upkeep\n|turn|2\n|\n|t:|1695178421\n|move|p2a: Ursaluna|Vacuum Wave|p1a: Diancie\n|-damage|p1a: Diancie|0 fnt\n|faint|p1a: Diancie\n|\n|-heal|p2a: Ursaluna|42/100|[from] item: Leftovers\n|upkeep\n|\n|t:|1695178426\n|switch|p1a: Garchomp|Garchomp-Mega, M|100/100\n|turn|3\n|\n|t:|1695178429\n|switch|p2a: Rotom|Rotom-Wash|100/100\n|move|p1a: Garchomp|Earthquake|p2a: Rotom\n|-immune|p2a: Rotom|[from] ability: Levitate\n|\n|upkeep\n|turn|4\n|\n|t:|1695178440\n|switch|p1a: Charizard|Charizard-Mega-X, F|100/100\n|move|p2a: Rotom|Hydro Pump|p1a: Charizard\n|-damage|p1a: Charizard|46/100\n|\n|upkeep\n|turn|5\n|\n|t:|1695178448\n|move|p1a: Charizard|Outrage|p2a: Rotom\n|-damage|p2a: Rotom|42/100\n|move|p2a: Rotom|Thunder Wave|p1a: Charizard\n|-status|p1a: Charizard|par\n|\n|-heal|p2a: Rotom|48/100|[from] item: Leftovers\n|upkeep\n|turn|6\n|\n|t:|1695178453\n|move|p1a: Charizard|Outrage|p2a: Rotom|[from]lockedmove\n|-damage|p2a: Rotom|0 fnt\n|faint|p2a: Rotom\n|-start|p1a: Charizard|confusion|[fatigue]\n|\n|upkeep\n|\n|t:|1695178457\n|switch|p2a: Fezandipiti|Fezandipiti, M|100/100\n|turn|7\n|c| Prohunter|damn rip\n|\n|t:|1695178460\n|-activate|p1a: Charizard|confusion\n|move|p1a: Charizard|Outrage|p2a: Fezandipiti\n|-immune|p2a: Fezandipiti\n|move|p2a: Fezandipiti|Moonblast|p1a: Charizard\n|-damage|p1a: Charizard|11/100 par\n|\n|upkeep\n|turn|8\n|\n|t:|1695178474\n|switch|p1a: Kingambit|Kingambit, F|100/100\n|-activate|p1a: Kingambit|ability: Supreme Overlord\n|-start|p1a: Kingambit|fallen1|[silent]\n|move|p2a: Fezandipiti|Moonblast|p1a: Kingambit\n|-damage|p1a: Kingambit|77/100\n|-unboost|p1a: Kingambit|spa|1\n|\n|-heal|p1a: Kingambit|84/100|[from] item: Leftovers\n|upkeep\n|turn|9\n|\n|t:|1695178480\n|move|p2a: Fezandipiti|U-turn|p1a: Kingambit\n|-damage|p1a: Kingambit|74/100\n|j| yomaalt\n|\n|t:|1695178484\n|switch|p2a: Cinderace|Cinderace, M|100/100|[from] U-turn\n|move|p1a: Kingambit|Kowtow Cleave|p2a: Cinderace\n|-damage|p2a: Cinderace|39/100\n|\n|-heal|p1a: Kingambit|80/100|[from] item: Leftovers\n|upkeep\n|turn|10\n|\n|t:|1695178489\n|-end|p1a: Kingambit|fallen1|[silent]\n|switch|p1a: Charizard|Charizard-Mega-X, F|11/100 par\n|move|p2a: Cinderace|Will-O-Wisp||[still]\n|-fail|p2a: Cinderace\n|\n|upkeep\n|turn|11\n|c| yomaalt|i ain't gon lie\n|c| yomaalt|who tf approved mega diancie\n|\n|t:|1695178497\n|move|p2a: Cinderace|Pyro Ball|p1a: Charizard\n|-resisted|p1a: Charizard\n|-damage|p1a: Charizard|0 fnt\n|faint|p1a: Charizard\n|\n|upkeep\n|c| yomaalt|700 BST lookin mf\n|c| yomaalt|i'm just glad they dropped 160 into attack\n|c| yomaalt|over any other stat\n|\n|t:|1695178521\n|switch|p1a: Gallade|Gallade-Mega, M|100/100\n|turn|12\n|c| Prohunter|its just a mega brah\n|\n|t:|1695178529\n|move|p2a: Cinderace|Will-O-Wisp|p1a: Gallade\n|-status|p1a: Gallade|brn\n|move|p1a: Gallade|Zen Headbutt|p2a: Cinderace\n|-damage|p2a: Cinderace|1/100\n|-damage|p1a: Gallade|91/100 brn|[from] item: Life Orb\n|\n|-damage|p1a: Gallade|85/100 brn|[from] brn\n|upkeep\n|turn|13\n|c| yomaalt|dawg look at it's stats\n|\n|t:|1695178544\n|switch|p2a: Fezandipiti|Fezandipiti, M|100/100\n|move|p1a: Gallade|Shadow Sneak|p2a: Fezandipiti\n|-damage|p2a: Fezandipiti|89/100\n|-damage|p1a: Gallade|75/100 brn|[from] item: Life Orb\n|\n|-damage|p1a: Gallade|69/100 brn|[from] brn\n|upkeep\n|turn|14\n|c| yomaalt|it's lowest is like 100\n|\n|t:|1695178556\n|move|p1a: Gallade|Zen Headbutt|p2a: Fezandipiti\n|-supereffective|p2a: Fezandipiti\n|-damage|p2a: Fezandipiti|23/100\n|-damage|p1a: Gallade|59/100 brn|[from] item: Life Orb\n|move|p2a: Fezandipiti|Moonblast|p1a: Gallade\n|-supereffective|p1a: Gallade\n|-damage|p1a: Gallade|7/100 brn\n|\n|-damage|p1a: Gallade|1/100 brn|[from] brn\n|upkeep\n|turn|15\n|c| Prohunter|its actully 50\n|\n|t:|1695178564\n|move|p1a: Gallade|Zen Headbutt|p2a: Fezandipiti\n|-supereffective|p2a: Fezandipiti\n|-damage|p2a: Fezandipiti|0 fnt\n|faint|p2a: Fezandipiti\n|-damage|p1a: Gallade|0 fnt|[from] item: Life Orb\n|faint|p1a: Gallade\n|\n|upkeep\n|j| SushiSlice\n|c| yomaalt|huh\n|c| yomaalt|lemme check\n|\n|t:|1695178576\n|switch|p1a: Garchomp|Garchomp-Mega, M|100/100\n|switch|p2a: Ursaluna|Ursaluna-Bloodmoon, M|42/100\n|turn|16\n|\n|t:|1695178580\n|move|p1a: Garchomp|Earthquake|p2a: Ursaluna\n|-damage|p2a: Ursaluna|2/100\n|move|p2a: Ursaluna|Blood Moon|p1a: Garchomp\n|-damage|p1a: Garchomp|28/100\n|\n|-heal|p2a: Ursaluna|8/100|[from] item: Leftovers\n|upkeep\n|turn|17\n|c| yomaalt|oh damn u right\n|c| yomaalt|my fault\n|\n|t:|1695178588\n|move|p2a: Ursaluna|Vacuum Wave|p1a: Garchomp\n|-damage|p1a: Garchomp|14/100\n|move|p1a: Garchomp|Earthquake|p2a: Ursaluna\n|-crit|p2a: Ursaluna\n|-damage|p2a: Ursaluna|0 fnt\n|faint|p2a: Ursaluna\n|\n|upkeep\n|\n|t:|1695178595\n|switch|p2a: Cinderace|Cinderace, M|1/100\n|turn|18\n|\n|t:|1695178598\n|move|p2a: Cinderace|Pyro Ball|p1a: Garchomp\n|-resisted|p1a: Garchomp\n|-damage|p1a: Garchomp|0 fnt\n|faint|p1a: Garchomp\n|\n|upkeep\n|\n|t:|1695178601\n|switch|p1a: Zamazenta|Zamazenta|100/100\n|-ability|p1a: Zamazenta|Dauntless Shield|boost\n|-boost|p1a: Zamazenta|def|1\n|turn|19\n|c| yomaalt|How does luna live that and how does garchomp live that\n|c|%htcl|the craziest part is\n|c|%htcl|!stone diancite\n|raw|<div class=\"message\"><ul class=\"utilichart\"><li class=\"result\"><span class=\"col numcol\">Stone</span> <span class=\"col itemiconcol\"><psicon item=\"diancite\"/></span> <span class=\"col pokemonnamecol\" style=\"white-space:nowrap\"><a href=\"https://dex.pokemonshowdown.com/items/diancite\" target=\"_blank\">Diancite</a></span> <span class=\"col typecol\"></span><span style=\"float:left;min-height:26px\"><span class=\"col abilitycol\">Magic Bounce</span><span class=\"col abilitycol\"></span></span><span style=\"float:left;min-height:26px\"><span class=\"col statcol\"><em>HP</em><br />0</span> <span class=\"col statcol\"><em>Atk</em><br />60</span> <span class=\"col statcol\"><em>Def</em><br />-40</span> <span class=\"col statcol\"><em>SpA</em><br />60</span> <span class=\"col statcol\"><em>SpD</em><br />-40</span> <span class=\"col statcol\"><em>Spe</em><br />60</span> <span class=\"col bstcol\"><em>BST<br />100</em></span> </span></li><li style=\"clear:both\"></li></ul></div>\n|raw|<font size=\"1\"><font color=\"#686868\">Gen:</font> 6&nbsp;|&ThickSpace;<font color=\"#686868\">Weight:</font> +19 kg</font>\n|c|%htcl|look at this stone\n|c|%htcl|lmfao\n|c| yomaalt|dawg\n|c| yomaalt|wtf is this stone\n|c|%htcl|+60 atk +60 atk +60 speed\n|c| Learner Moku|The Valiant stone\n|\n|t:|1695178621\n|move|p1a: Zamazenta|Body Press|p2a: Cinderace\n|-damage|p2a: Cinderace|0 fnt\n|faint|p2a: Cinderace\n|\n|upkeep\n|c|%htcl|but takes away all ur bulk\n|c|%htcl|but u get magic bounce !\n|c|%htcl|wait a minute\n|c| yomaalt|waitwaitwait\n|l| SushiSlice\n|c| yomaalt|if i give this to kartana\n|c| yomaalt|mf gets -9 sp.def\n|\n|t:|1695178644\n|switch|p2a: Dragonite|Dragonite, M|100/100\n|turn|20\n|\n|t:|1695178648\n|move|p1a: Zamazenta|Body Press|p2a: Dragonite\n|-resisted|p2a: Dragonite\n|-damage|p2a: Dragonite|87/100\n|move|p2a: Dragonite|Outrage|p1a: Zamazenta\n|-damage|p1a: Zamazenta|54/100\n|\n|-heal|p1a: Zamazenta|60/100|[from] item: Leftovers\n|upkeep\n|turn|21\n|c|%htcl|!mnm iron valiant@diancite\n|raw|<div class=\"message\"><ul class=\"utilichart\"><li class=\"result\"><span class=\"col numcol\">MnM</span> <span class=\"col iconcol\"><psicon pokemon=\"ironvaliant\"/></span> <span class=\"col pokemonnamecol\" style=\"white-space:nowrap\"><a href=\"https://dex.pokemonshowdown.com/pokemon/ironvaliant\" target=\"_blank\">Iron Valiant</a></span> <span class=\"col typecol\"><img src=\"https://play.pokemonshowdown.com/sprites/types/Fairy.png\" alt=\"Fairy\" height=\"14\" width=\"32\"><img src=\"https://play.pokemonshowdown.com/sprites/types/Fighting.png\" alt=\"Fighting\" height=\"14\" width=\"32\"></span> <span style=\"float:left;min-height:26px\"><span class=\"col abilitycol\">Magic Bounce</span><span class=\"col abilitycol\"></span></span><span style=\"float:left;min-height:26px\"><span class=\"col statcol\"><em>HP</em><br />74</span> <span class=\"col statcol\"><em>Atk</em><br />190</span> <span class=\"col statcol\"><em>Def</em><br />50</span> <span class=\"col statcol\"><em>SpA</em><br />180</span> <span class=\"col statcol\"><em>SpD</em><br />20</span> <span class=\"col statcol\"><em>Spe</em><br />176</span> <span class=\"col bstcol\"><em>BST<br />690</em></span> </span></li><li style=\"clear:both\"></li></ul></div>\n|raw|<font size=\"1\"><font color=\"#686868\">Dex#:</font> 1006&nbsp;|&ThickSpace;<font color=\"#686868\">Gen:</font> 9&nbsp;|&ThickSpace;<font color=\"#686868\">Height:</font> 1.4 m&nbsp;|&ThickSpace;<font color=\"#686868\">Weight:</font> 54 kg <em>(80 BP)</em>&nbsp;|&ThickSpace;<font color=\"#686868\">Dex Colour:</font> White&nbsp;|&ThickSpace;<font color=\"#686868\">Egg Group(s):</font> Undiscovered&nbsp;|&ThickSpace;<font color=\"#686868\">Does Not Evolve</font></font>\n|c|%htcl|thougths\n|c|%htcl|y/n\n|\n|t:|1695178653\n|move|p1a: Zamazenta|Iron Defense|p1a: Zamazenta\n|-boost|p1a: Zamazenta|def|2\n|move|p2a: Dragonite|Outrage|p1a: Zamazenta|[from]lockedmove\n|-damage|p1a: Zamazenta|30/100\n|-start|p2a: Dragonite|confusion|[fatigue]\n|\n|-heal|p1a: Zamazenta|36/100|[from] item: Leftovers\n|upkeep\n|turn|22\n|c| yomaalt|htcl i have a machiavellain ploy\n|\n|t:|1695178656\n|move|p1a: Zamazenta|Body Press|p2a: Dragonite\n|-resisted|p2a: Dragonite\n|-damage|p2a: Dragonite|43/100\n|-activate|p2a: Dragonite|confusion\n|move|p2a: Dragonite|Outrage|p1a: Zamazenta\n|-damage|p1a: Zamazenta|4/100\n|\n|-heal|p1a: Zamazenta|11/100|[from] item: Leftovers\n|upkeep\n|turn|23\n|c| yomaalt|uh\n|\n|t:|1695178661\n|move|p1a: Zamazenta|Body Press|p2a: Dragonite\n|-resisted|p2a: Dragonite\n|-damage|p2a: Dragonite|0 fnt\n|faint|p2a: Dragonite\n|\n|-heal|p1a: Zamazenta|17/100|[from] item: Leftovers\n|upkeep\n|c| yomaalt|deoxys attack lookin mf\n|\n|t:|1695178665\n|switch|p2a: Kingambit|Kingambit, F|100/100\n|-activate|p2a: Kingambit|ability: Supreme Overlord\n|-start|p2a: Kingambit|fallen5|[silent]\n|-item|p2a: Kingambit|Air Balloon\n|turn|24\n|\n|t:|1695178669\n|-terastallize|p2a: Kingambit|Fairy\n|move|p1a: Zamazenta|Body Press|p2a: Kingambit\n|-resisted|p2a: Kingambit\n|-damage|p2a: Kingambit|69/100\n|-enditem|p2a: Kingambit|Air Balloon\n|move|p2a: Kingambit|Swords Dance|p2a: Kingambit\n|-boost|p2a: Kingambit|atk|2\n|\n|-heal|p1a: Zamazenta|23/100|[from] item: Leftovers\n|upkeep\n|turn|25\n|c| yomaalt|do not let bro into the tier\n|c| Prohunter|now what if you put it on deoxys\n|\n|t:|1695178679\n|move|p2a: Kingambit|Sucker Punch|p1a: Zamazenta\n|-resisted|p1a: Zamazenta\n|-damage|p1a: Zamazenta|6/100\n|move|p1a: Zamazenta|Body Press|p2a: Kingambit\n|-resisted|p2a: Kingambit\n|-damage|p2a: Kingambit|39/100\n|\n|-heal|p1a: Zamazenta|12/100|[from] item: Leftovers\n|upkeep\n|turn|26\n|\n|t:|1695178686\n|move|p1a: Zamazenta|Body Press|p2a: Kingambit\n|-resisted|p2a: Kingambit\n|-damage|p2a: Kingambit|6/100\n|move|p2a: Kingambit|Iron Head|p1a: Zamazenta\n|-crit|p1a: Zamazenta\n|-damage|p1a: Zamazenta|0 fnt\n|faint|p1a: Zamazenta\n|\n|upkeep\n|\n|t:|1695178689\n|switch|p1a: Kingambit|Kingambit, F|80/100\n|-activate|p1a: Kingambit|ability: Supreme Overlord\n|-start|p1a: Kingambit|fallen5|[silent]\n|turn|27\n|c| yomaalt|htcl\n|c| yomaalt|put it on deo-a\n|\n|t:|1695178706\n|move|p2a: Kingambit|Iron Head|p1a: Kingambit\n|-resisted|p1a: Kingambit\n|-damage|p1a: Kingambit|29/100\n|move|p1a: Kingambit|Kowtow Cleave|p2a: Kingambit\n|-resisted|p2a: Kingambit\n|-damage|p2a: Kingambit|0 fnt\n|faint|p2a: Kingambit\n|-end|p2a: Kingambit|fallen5|[silent]\n|\n|win|Light Dlc1 Train\n|n|\u2606Light Dlc1 Train|lightdlc1train\n|n|\u2606Kingdom Kouple|kingdomkouple\n|n| Prohunter|prohunter\n|n| Mark Gatz|markgatz\n|n| htcl|htcl\n|n| sodynamic|sodynamic\n|n| markose|markose\n|n| Learner Moku|learnermoku\n|n| TheMaskOfBax|themaskofbax\n|n| yomaalt|yomaalt\n", "uploadtime": 1695178707, "views": 2, "p1id": "lightdlc1train", "p2id": "kingdomkouple", "formatid": "gen9ou", "rating": 0, "private": 0, "password": ""}