{"id": "gen9ou-1947587881", "p1": "Med0h_", "p2": "Louiso1", "format": "gen9ou", "log": "|j|\u2606Med0h_\n|j|\u2606Louiso1\n|t:|1695175312\n|gametype|singles\n|player|p1|Med0h_|ethan|\n|player|p2|Louiso1|266|\n|teamsize|p1|6\n|teamsize|p2|6\n|gen|9\n|tier|[Gen 9] OU\n|rule|Sleep Clause Mod: Limit one foe put to sleep\n|rule|Species Clause: Limit one of each Pok\u00e9mon\n|rule|OHKO Clause: OHKO moves are banned\n|rule|Evasion Items Clause: Evasion items are banned\n|rule|Evasion Moves Clause: Evasion moves are banned\n|rule|Endless Battle Clause: Forcing endless battles is banned\n|rule|HP Percentage Mod: HP is shown in percentages\n|clearpoke\n|poke|p1|Dachsbun, M|\n|poke|p1|Rotom-Heat|\n|poke|p1|Gyarados, F|\n|poke|p1|Kommo-o, M|\n|poke|p1|Clodsire, M|\n|poke|p1|Decidueye-Hisui, F|\n|poke|p2|Ursaluna-Bloodmoon, M|\n|poke|p2|Manaphy|\n|poke|p2|Gholdengo|\n|poke|p2|Tornadus-Therian, M|\n|poke|p2|Dondozo, F|\n|poke|p2|Toxapex, F|\n|teampreview\n|j| BotBuilder07\n|c| BotBuilder07|go ahead\n|\n|t:|1695175399\n|start\n|switch|p1a: Envy|Rotom-Heat|100/100\n|switch|p2a: Gives hugs|Ursaluna-Bloodmoon, M, shiny|100/100\n|turn|1\n|\n|t:|1695175428\n|-terastallize|p1a: Envy|Steel\n|move|p1a: Envy|Will-O-Wisp|p2a: Gives hugs\n|-status|p2a: Gives hugs|brn\n|move|p2a: Gives hugs|Calm Mind|p2a: Gives hugs\n|-boost|p2a: Gives hugs|spa|1\n|-boost|p2a: Gives hugs|spd|1\n|\n|-damage|p2a: Gives hugs|94/100 brn|[from] brn\n|upkeep\n|turn|2\n|\n|t:|1695175440\n|move|p1a: Envy|Volt Switch|p2a: Gives hugs\n|-immune|p2a: Gives hugs\n|move|p2a: Gives hugs|Earth Power|p1a: Envy\n|-immune|p1a: Envy|[from] ability: Levitate\n|\n|-heal|p2a: Gives hugs|100/100 brn|[from] item: Leftovers\n|-damage|p2a: Gives hugs|94/100 brn|[from] brn\n|upkeep\n|turn|3\n|c| BotBuilder07|ben\n|\n|t:|1695175456\n|switch|p1a: Lust|Clodsire, M|100/100\n|move|p2a: Gives hugs|Blood Moon|p1a: Lust\n|-damage|p1a: Lust|32/100\n|\n|-heal|p2a: Gives hugs|100/100 brn|[from] item: Leftovers\n|-heal|p1a: Lust|39/100|[from] item: Leftovers\n|-damage|p2a: Gives hugs|94/100 brn|[from] brn\n|upkeep\n|turn|4\n|c|\u2606Med0h_|i forgor\n|\n|t:|1695175466\n|move|p2a: Gives hugs|Earth Power|p1a: Lust\n|-supereffective|p1a: Lust\n|-damage|p1a: Lust|0 fnt\n|faint|p1a: Lust\n|\n|-heal|p2a: Gives hugs|100/100 brn|[from] item: Leftovers\n|-damage|p2a: Gives hugs|94/100 brn|[from] brn\n|upkeep\n|j| ZMLD\n|\n|t:|1695175477\n|switch|p1a: Wrath|Gyarados, F, shiny|100/100\n|turn|5\n|\n|t:|1695175483\n|move|p1a: Wrath|Waterfall|p2a: Gives hugs\n|-supereffective|p2a: Gives hugs\n|-damage|p2a: Gives hugs|41/100 brn\n|cant|p2a: Gives hugs|flinch\n|\n|-heal|p2a: Gives hugs|47/100 brn|[from] item: Leftovers\n|-damage|p2a: Gives hugs|41/100 brn|[from] brn\n|upkeep\n|turn|6\n|c| BotBuilder07|btw i know this set louis\n|c| BotBuilder07|i use it all the time\n|\n|t:|1695175491\n|-terastallize|p2a: Gives hugs|Fairy\n|move|p1a: Wrath|Waterfall|p2a: Gives hugs\n|-damage|p2a: Gives hugs|13/100 brn\n|move|p2a: Gives hugs|Moonlight|p2a: Gives hugs\n|-heal|p2a: Gives hugs|63/100 brn\n|\n|-heal|p2a: Gives hugs|69/100 brn|[from] item: Leftovers\n|-damage|p2a: Gives hugs|63/100 brn|[from] brn\n|upkeep\n|turn|7\n|\n|t:|1695175504\n|move|p1a: Wrath|Dragon Dance|p1a: Wrath\n|-boost|p1a: Wrath|atk|1\n|-boost|p1a: Wrath|spe|1\n|move|p2a: Gives hugs|Blood Moon|p1a: Wrath\n|-damage|p1a: Wrath|0 fnt\n|faint|p1a: Wrath\n|\n|-heal|p2a: Gives hugs|69/100 brn|[from] item: Leftovers\n|-damage|p2a: Gives hugs|63/100 brn|[from] brn\n|upkeep\n|\n|t:|1695175516\n|switch|p1a: Greg|Decidueye-Hisui, F|100/100\n|turn|8\n|c|\u2606Med0h_|can we rematch\n|c|\u2606Med0h_|restart\n|c| BotBuilder07|no\n|c|\u2606Med0h_|run it back\n|c| BotBuilder07|no\n|c|\u2606Med0h_|this never happened\n|\n|t:|1695175557\n|switch|p2a: borb|Tornadus-Therian, M, shiny|100/100\n|move|p1a: Greg|Knock Off|p2a: borb\n|-damage|p2a: borb|60/100\n|-enditem|p2a: borb|Heavy-Duty Boots|[from] move: Knock Off|[of] p1a: Greg\n|\n|upkeep\n|turn|9\n|c| BotBuilder07|no\n|c|\u2606Med0h_|this was practice\n|c| BotBuilder07|no\n|\n|t:|1695175582\n|move|p2a: borb|Bleakwind Storm|p1a: Greg\n|-supereffective|p1a: Greg\n|-damage|p1a: Greg|0 fnt\n|faint|p1a: Greg\n|\n|upkeep\n|c| ZMLD|don't get swept <3\n|c|\u2606Med0h_|PLEASE\n|\n|t:|1695175589\n|switch|p1a: Gluttony|Dachsbun, M|100/100\n|turn|10\n|\n|t:|1695175603\n|move|p2a: borb|Knock Off|p1a: Gluttony\n|-resisted|p1a: Gluttony\n|-damage|p1a: Gluttony|89/100\n|-enditem|p1a: Gluttony|Heavy-Duty Boots|[from] move: Knock Off|[of] p2a: borb\n|move|p1a: Gluttony|Play Rough|p2a: borb\n|-damage|p2a: borb|20/100\n|\n|upkeep\n|turn|11\n|c|\u2606Med0h_|I FUCKING HATE THAT STUPID ASS BEAR IT DOESNT EVEN LOOK COOL ITS STUPID AND OP AND I FUCKING HATE FUCK YOU FUCK YOU FUCK YOU DIE LOUIS\n|c|\u2606Med0h_|anyways\n|\n|t:|1695175624\n|move|p2a: borb|U-turn|p1a: Gluttony\n|-resisted|p1a: Gluttony\n|-damage|p1a: Gluttony|81/100\n|c|\u2606Louiso1|woah\n|\n|t:|1695175627\n|switch|p2a: boop|Toxapex, F, shiny|100/100|[from] U-turn\n|move|p1a: Gluttony|Play Rough|p2a: boop\n|-resisted|p2a: boop\n|-damage|p2a: boop|90/100\n|\n|-heal|p2a: boop|96/100|[from] item: Black Sludge\n|upkeep\n|turn|12\n|c| ZMLD|deserved\n|c| BotBuilder07|ben calm\n|\n|t:|1695175645\n|switch|p1a: Envy|Rotom-Heat, tera:Steel|100/100\n|move|p2a: boop|Toxic|p1a: Envy\n|-immune|p1a: Envy\n|\n|-heal|p2a: boop|100/100|[from] item: Black Sludge\n|upkeep\n|turn|13\n|\n|t:|1695175658\n|move|p1a: Envy|Discharge|p2a: boop\n|-supereffective|p2a: boop\n|-damage|p2a: boop|65/100\n|move|p2a: boop|Infestation|p1a: Envy\n|-resisted|p1a: Envy\n|-damage|p1a: Envy|99/100\n|-activate|p1a: Envy|move: Infestation|[of] p2a: boop\n|\n|-heal|p2a: boop|71/100|[from] item: Black Sludge\n|-damage|p1a: Envy|87/100|[from] move: Infestation|[partiallytrapped]\n|upkeep\n|turn|14\n|\n|t:|1695175671\n|switch|p2a: Gives hugs|Ursaluna-Bloodmoon, M, shiny, tera:Fairy|63/100 brn\n|move|p1a: Envy|Discharge|p2a: Gives hugs\n|-damage|p2a: Gives hugs|32/100 brn\n|\n|-heal|p2a: Gives hugs|38/100 brn|[from] item: Leftovers\n|-damage|p2a: Gives hugs|32/100 brn|[from] brn\n|-end|p1a: Envy|Infestation|[partiallytrapped]|[silent]\n|upkeep\n|turn|15\n|\n|t:|1695175684\n|move|p1a: Envy|Overheat|p2a: Gives hugs\n|-damage|p2a: Gives hugs|0 fnt\n|-unboost|p1a: Envy|spa|2\n|faint|p2a: Gives hugs\n|\n|upkeep\n|c|\u2606Med0h_|HAHAHAHAHAAHHAAHAHAHAHA\n|c| ZMLD|one down\n|c|\u2606Med0h_|FUCK YOU STUPDID ASS PREHISTORIC BEAR\n|c| BotBuilder07|dude\n|c|\u2606Med0h_|sorry\n|c| BotBuilder07|chill the f out\n|c|\u2606Med0h_|im passionate about this\n|c| BotBuilder07|ik\n|\n|t:|1695175728\n|switch|p2a: yolky|Gholdengo, shiny|100/100\n|turn|16\n|c| BotBuilder07|so am i, but calm yourself\n|\n|t:|1695175749\n|move|p2a: yolky|Shadow Ball|p1a: Envy\n|-damage|p1a: Envy|50/100\n|move|p1a: Envy|Overheat|p2a: yolky\n|-supereffective|p2a: yolky\n|-damage|p2a: yolky|48/100\n|-unboost|p1a: Envy|spa|2\n|\n|-heal|p2a: yolky|54/100|[from] item: Leftovers\n|upkeep\n|turn|17\n|\n|t:|1695175764\n|move|p2a: yolky|Nasty Plot|p2a: yolky\n|-boost|p2a: yolky|spa|2\n|move|p1a: Envy|Overheat|p2a: yolky\n|-supereffective|p2a: yolky\n|-damage|p2a: yolky|18/100\n|-unboost|p1a: Envy|spa|2\n|\n|-heal|p2a: yolky|24/100|[from] item: Leftovers\n|upkeep\n|turn|18\n|c|\u2606Med0h_|ohmmmm\n|c|\u2606Med0h_|ohmmmm\n|c|\u2606Med0h_|im meditating\n|c|\u2606Med0h_|ohmmmm\n|c| ZMLD|ohmmm\n|\n|t:|1695175778\n|move|p2a: yolky|Shadow Ball|p1a: Envy\n|-damage|p1a: Envy|0 fnt\n|faint|p1a: Envy\n|\n|-heal|p2a: yolky|31/100|[from] item: Leftovers\n|upkeep\n|c| BotBuilder07|ohmmmmm\n|\n|t:|1695175789\n|switch|p1a: Pride|Kommo-o, M, shiny|100/100\n|turn|19\n|\n|t:|1695175809\n|move|p1a: Pride|Flamethrower|p2a: yolky\n|-supereffective|p2a: yolky\n|-damage|p2a: yolky|0 fnt\n|faint|p2a: yolky\n|\n|upkeep\n|\n|t:|1695175822\n|switch|p2a: pew pew|Manaphy, shiny|100/100\n|turn|20\n|\n|t:|1695175831\n|move|p2a: pew pew|Tail Glow|p2a: pew pew\n|-boost|p2a: pew pew|spa|3\n|move|p1a: Pride|Boomburst|p2a: pew pew\n|-damage|p2a: pew pew|59/100\n|-enditem|p1a: Pride|Throat Spray\n|-boost|p1a: Pride|spa|1|[from] item: Throat Spray\n|\n|-heal|p2a: pew pew|65/100|[from] item: Leftovers\n|upkeep\n|turn|21\n|c| ZMLD|two down\n|c|\u2606Louiso1|4 down\n|\n|t:|1695175843\n|move|p2a: pew pew|Ice Beam|p1a: Pride\n|-supereffective|p1a: Pride\n|-damage|p1a: Pride|0 fnt\n|faint|p1a: Pride\n|\n|-heal|p2a: pew pew|71/100|[from] item: Leftovers\n|upkeep\n|c|\u2606Louiso1|5 down\n|\n|t:|1695175849\n|switch|p1a: Gluttony|Dachsbun, M|81/100\n|turn|22\n|c|\u2606Louiso1|6 down\n|c| ZMLD|shut up Louis\n|c|\u2606Med0h_|AMEN TO THAT\n|\n|t:|1695175873\n|move|p2a: pew pew|Scald|p1a: Gluttony\n|-damage|p1a: Gluttony|5/100\n|move|p1a: Gluttony|Wish|p1a: Gluttony\n|\n|-heal|p2a: pew pew|77/100|[from] item: Leftovers\n|upkeep\n|turn|23\n|\n|t:|1695175879\n|move|p1a: Gluttony|Protect|p1a: Gluttony\n|-singleturn|p1a: Gluttony|Protect\n|move|p2a: pew pew|Scald|p1a: Gluttony\n|-activate|p1a: Gluttony|move: Protect\n|\n|-heal|p1a: Gluttony|55/100|[from] move: Wish|[wisher] Gluttony\n|-heal|p2a: pew pew|83/100|[from] item: Leftovers\n|upkeep\n|turn|24\n|c|\u2606Louiso1|gg\n|\n|t:|1695175887\n|move|p2a: pew pew|Scald|p1a: Gluttony\n|-damage|p1a: Gluttony|0 fnt\n|faint|p1a: Gluttony\n|\n|win|Louiso1\n|c|\u2606Louiso1|gg\n", "uploadtime": 1695175896, "views": 5, "p1id": "med0h", "p2id": "louiso1", "formatid": "gen9ou", "rating": 0, "private": 0, "password": ""}