{"id": "gen9ou-1947588922", "p1": "DC Pokay", "p2": "linlinglonglong", "format": "gen9ou", "log": "|j|\u2606DC Pokay\n|j|\u2606linlinglonglong\n|t:|1695175419\n|gametype|singles\n|player|p1|DC Pokay|102|1183\n|player|p2|linlinglonglong|169|1184\n|teamsize|p1|6\n|teamsize|p2|6\n|gen|9\n|tier|[Gen 9] OU\n|rated|\n|rule|Sleep Clause Mod: Limit one foe put to sleep\n|rule|Species Clause: Limit one of each Pok\u00e9mon\n|rule|OHKO Clause: OHKO moves are banned\n|rule|Evasion Items Clause: Evasion items are banned\n|rule|Evasion Moves Clause: Evasion moves are banned\n|rule|Endless Battle Clause: Forcing endless battles is banned\n|rule|HP Percentage Mod: HP is shown in percentages\n|clearpoke\n|poke|p1|Walking Wake|\n|poke|p1|Golem, M|\n|poke|p1|Rillaboom, F|\n|poke|p1|Munkidori, M|\n|poke|p1|Lurantis, M|\n|poke|p1|Volcanion|\n|poke|p2|Ursaluna-Bloodmoon, M|\n|poke|p2|Ninetales-Alola, F|\n|poke|p2|Iron Moth|\n|poke|p2|Zamazenta-*|\n|poke|p2|Great Tusk|\n|poke|p2|Hatterene, F|\n|teampreview\n|inactive|Battle timer is ON: inactive players will automatically lose when time's up. (requested by linlinglonglong)\n|\n|t:|1695175453\n|start\n|switch|p1a: Munkidori|Munkidori, M|100/100\n|switch|p2a: Hatterene|Hatterene, F|100/100\n|turn|1\n|\n|t:|1695175461\n|move|p1a: Munkidori|Sludge Wave|p2a: Hatterene\n|-supereffective|p2a: Hatterene\n|-damage|p2a: Hatterene|0 fnt\n|faint|p2a: Hatterene\n|\n|upkeep\n|\n|t:|1695175476\n|switch|p2a: Great Tusk|Great Tusk|100/100\n|-enditem|p2a: Great Tusk|Booster Energy\n|-activate|p2a: Great Tusk|ability: Protosynthesis|[fromitem]\n|-start|p2a: Great Tusk|protosynthesisspe\n|turn|2\n|\n|t:|1695175485\n|switch|p1a: Rillaboom|Rillaboom, F|100/100\n|-fieldstart|move: Grassy Terrain|[from] ability: Grassy Surge|[of] p1a: Rillaboom\n|move|p2a: Great Tusk|Bulk Up|p2a: Great Tusk\n|-boost|p2a: Great Tusk|atk|1\n|-boost|p2a: Great Tusk|def|1\n|\n|upkeep\n|turn|3\n|\n|t:|1695175501\n|move|p2a: Great Tusk|Ice Spinner|p1a: Rillaboom\n|-supereffective|p1a: Rillaboom\n|-damage|p1a: Rillaboom|21/100\n|-fieldend|move: Grassy Terrain\n|move|p1a: Rillaboom|Wood Hammer|p2a: Great Tusk\n|-supereffective|p2a: Great Tusk\n|-damage|p2a: Great Tusk|31/100\n|-damage|p1a: Rillaboom|0 fnt|[from] Recoil\n|faint|p1a: Rillaboom\n|\n|upkeep\n|\n|t:|1695175510\n|switch|p1a: Munkidori|Munkidori, M|100/100\n|turn|4\n|\n|t:|1695175512\n|move|p1a: Munkidori|Psychic|p2a: Great Tusk\n|-supereffective|p2a: Great Tusk\n|-damage|p2a: Great Tusk|0 fnt\n|faint|p2a: Great Tusk\n|-end|p2a: Great Tusk|Protosynthesis|[silent]\n|\n|upkeep\n|\n|t:|1695175519\n|switch|p2a: Ninetales|Ninetales-Alola, F|100/100\n|-weather|Snow|[from] ability: Snow Warning|[of] p2a: Ninetales\n|turn|5\n|\n|t:|1695175527\n|move|p1a: Munkidori|Psychic|p2a: Ninetales\n|-damage|p2a: Ninetales|52/100\n|-status|p2a: Ninetales|tox|[from] ability: Toxic Chain|[of] p1a: Munkidori\n|move|p2a: Ninetales|Aurora Veil|p2a: Ninetales\n|-sidestart|p2: linlinglonglong|move: Aurora Veil\n|\n|-weather|Snow|[upkeep]\n|-damage|p2a: Ninetales|45/100 tox|[from] psn\n|upkeep\n|turn|6\n|\n|t:|1695175543\n|switch|p1a: Walking Wake|Walking Wake|100/100\n|move|p2a: Ninetales|Freeze-Dry|p1a: Walking Wake\n|-supereffective|p1a: Walking Wake\n|-damage|p1a: Walking Wake|7/100\n|\n|-weather|Snow|[upkeep]\n|-damage|p2a: Ninetales|33/100 tox|[from] psn\n|upkeep\n|turn|7\n|\n|t:|1695175552\n|-end|p1a: Walking Wake|Protosynthesis|[silent]\n|switch|p1a: Volcanion|Volcanion|100/100\n|move|p2a: Ninetales|Freeze-Dry|p1a: Volcanion\n|-damage|p1a: Volcanion|81/100\n|\n|-weather|Snow|[upkeep]\n|-damage|p2a: Ninetales|15/100 tox|[from] psn\n|upkeep\n|turn|8\n|\n|t:|1695175559\n|switch|p1a: Walking Wake|Walking Wake|7/100\n|move|p2a: Ninetales|Freeze-Dry|p1a: Walking Wake\n|-supereffective|p1a: Walking Wake\n|-damage|p1a: Walking Wake|0 fnt\n|faint|p1a: Walking Wake\n|-end|p1a: Walking Wake|Protosynthesis|[silent]\n|\n|-weather|Snow|[upkeep]\n|-damage|p2a: Ninetales|0 fnt|[from] psn\n|faint|p2a: Ninetales\n|upkeep\n|\n|t:|1695175576\n|switch|p1a: Munkidori|Munkidori, M|100/100\n|switch|p2a: Zamazenta|Zamazenta|100/100\n|-ability|p2a: Zamazenta|Dauntless Shield|boost\n|-boost|p2a: Zamazenta|def|1\n|turn|9\n|\n|t:|1695175591\n|-terastallize|p2a: Zamazenta|Steel\n|move|p1a: Munkidori|U-turn|p2a: Zamazenta\n|-resisted|p2a: Zamazenta\n|-damage|p2a: Zamazenta|99/100\n|\n|t:|1695175601\n|switch|p1a: Golem|Golem, M|100/100|[from] U-turn\n|move|p2a: Zamazenta|Substitute|p2a: Zamazenta\n|-start|p2a: Zamazenta|Substitute\n|-damage|p2a: Zamazenta|74/100\n|\n|-weather|none\n|-heal|p2a: Zamazenta|81/100|[from] item: Leftovers\n|upkeep\n|turn|10\n|\n|t:|1695175610\n|move|p2a: Zamazenta|Iron Defense|p2a: Zamazenta\n|-boost|p2a: Zamazenta|def|2\n|move|p1a: Golem|High Horsepower|p2a: Zamazenta\n|-supereffective|p2a: Zamazenta\n|-activate|p2a: Zamazenta|move: Substitute|[damage]\n|\n|-heal|p2a: Zamazenta|87/100|[from] item: Leftovers\n|upkeep\n|turn|11\n|\n|t:|1695175617\n|move|p2a: Zamazenta|Iron Defense|p2a: Zamazenta\n|-boost|p2a: Zamazenta|def|2\n|move|p1a: Golem|High Horsepower|p2a: Zamazenta\n|-supereffective|p2a: Zamazenta\n|-end|p2a: Zamazenta|Substitute\n|\n|-heal|p2a: Zamazenta|93/100|[from] item: Leftovers\n|upkeep\n|turn|12\n|\n|t:|1695175628\n|move|p2a: Zamazenta|Substitute|p2a: Zamazenta\n|-start|p2a: Zamazenta|Substitute\n|-damage|p2a: Zamazenta|68/100\n|move|p1a: Golem|High Horsepower|p2a: Zamazenta\n|-supereffective|p2a: Zamazenta\n|-activate|p2a: Zamazenta|move: Substitute|[damage]\n|\n|-heal|p2a: Zamazenta|74/100|[from] item: Leftovers\n|-sideend|p2: linlinglonglong|move: Aurora Veil\n|upkeep\n|turn|13\n|\n|t:|1695175635\n|move|p2a: Zamazenta|Body Press|p1a: Golem\n|-supereffective|p1a: Golem\n|-ability|p1a: Golem|Sturdy\n|-damage|p1a: Golem|1/100\n|move|p1a: Golem|High Horsepower|p2a: Zamazenta\n|-supereffective|p2a: Zamazenta\n|-end|p2a: Zamazenta|Substitute\n|\n|-heal|p2a: Zamazenta|81/100|[from] item: Leftovers\n|upkeep\n|turn|14\n|-enditem|p1a: Golem|Custap Berry|[eat]\n|-activate|p1a: Golem|item: Custap Berry|[consumed]\n|\n|t:|1695175646\n|-terastallize|p1a: Golem|Ghost\n|move|p1a: Golem|Curse|p2a: Zamazenta\n|-start|p2a: Zamazenta|Curse|[of] p1a: Golem\n|-damage|p1a: Golem|0 fnt\n|faint|p1a: Golem\n|move|p2a: Zamazenta|Substitute|p2a: Zamazenta\n|-start|p2a: Zamazenta|Substitute\n|-damage|p2a: Zamazenta|56/100\n|\n|-heal|p2a: Zamazenta|62/100|[from] item: Leftovers\n|-damage|p2a: Zamazenta|37/100|[from] Curse\n|upkeep\n|\n|t:|1695175664\n|switch|p1a: Volcanion|Volcanion|81/100\n|turn|15\n|\n|t:|1695175670\n|switch|p1a: Munkidori|Munkidori, M|100/100\n|move|p2a: Zamazenta|Body Press|p1a: Munkidori\n|-resisted|p1a: Munkidori\n|-damage|p1a: Munkidori|52/100\n|\n|-heal|p2a: Zamazenta|43/100|[from] item: Leftovers\n|-damage|p2a: Zamazenta|19/100|[from] Curse\n|upkeep\n|turn|16\n|\n|t:|1695175682\n|move|p1a: Munkidori|U-turn|p2a: Zamazenta\n|-resisted|p2a: Zamazenta\n|-activate|p2a: Zamazenta|move: Substitute|[damage]\n|\n|t:|1695175692\n|switch|p1a: Lurantis|Lurantis, M|100/100|[from] U-turn\n|move|p2a: Zamazenta|Body Press|p1a: Lurantis\n|-damage|p1a: Lurantis|0 fnt\n|faint|p1a: Lurantis\n|\n|-heal|p2a: Zamazenta|25/100|[from] item: Leftovers\n|-damage|p2a: Zamazenta|0 fnt|[from] Curse\n|faint|p2a: Zamazenta\n|upkeep\n|inactive|linlinglonglong has 120 seconds left.\n|\n|t:|1695175751\n|switch|p2a: Ursaluna|Ursaluna-Bloodmoon, M|100/100\n|switch|p1a: Volcanion|Volcanion|81/100\n|turn|17\n|\n|t:|1695175758\n|move|p1a: Volcanion|Steam Eruption|p2a: Ursaluna\n|-supereffective|p2a: Ursaluna\n|-damage|p2a: Ursaluna|0 fnt\n|faint|p2a: Ursaluna\n|\n|upkeep\n|\n|t:|1695175761\n|switch|p2a: Iron Moth|Iron Moth|100/100\n|-enditem|p2a: Iron Moth|Booster Energy\n|-activate|p2a: Iron Moth|ability: Quark Drive|[fromitem]\n|-start|p2a: Iron Moth|quarkdrivespe\n|turn|18\n|\n|t:|1695175766\n|move|p2a: Iron Moth|Sludge Wave|p1a: Volcanion\n|-damage|p1a: Volcanion|36/100\n|move|p1a: Volcanion|Steam Eruption|p2a: Iron Moth\n|-supereffective|p2a: Iron Moth\n|-damage|p2a: Iron Moth|0 fnt\n|faint|p2a: Iron Moth\n|-end|p2a: Iron Moth|Quark Drive|[silent]\n|\n|win|DC Pokay\n|raw|DC Pokay's rating: 1183 &rarr; <strong>1208</strong><br />(+25 for winning)\n|raw|linlinglonglong's rating: 1184 &rarr; <strong>1159</strong><br />(-25 for losing)\n|l|\u2606linlinglonglong\n", "uploadtime": 1695175775, "views": 3, "p1id": "dcpokay", "p2id": "linlinglonglong", "formatid": "gen9ou", "rating": 1159, "private": 0, "password": ""}