{"id": "gen9ou-1947650811", "p1": "Superman20037", "p2": "benhunter13", "format": "gen9ou", "log": "|j|\u2606Superman20037\n|j|\u2606benhunter13\n|t:|1695182114\n|gametype|singles\n|player|p1|Superman20037|170|1101\n|player|p2|benhunter13|169|1101\n|teamsize|p1|6\n|teamsize|p2|6\n|gen|9\n|tier|[Gen 9] OU\n|rated|\n|rule|Sleep Clause Mod: Limit one foe put to sleep\n|rule|Species Clause: Limit one of each Pok\u00e9mon\n|rule|OHKO Clause: OHKO moves are banned\n|rule|Evasion Items Clause: Evasion items are banned\n|rule|Evasion Moves Clause: Evasion moves are banned\n|rule|Endless Battle Clause: Forcing endless battles is banned\n|rule|HP Percentage Mod: HP is shown in percentages\n|clearpoke\n|poke|p1|Torterra, M|\n|poke|p1|Azumarill, M|\n|poke|p1|Heatran, M|\n|poke|p1|Rotom-Wash|\n|poke|p1|Dragapult, M|\n|poke|p1|Mew|\n|poke|p2|Arbok, F|\n|poke|p2|Torterra, F|\n|poke|p2|Dondozo, F|\n|poke|p2|Kommo-o, M|\n|poke|p2|Skeledirge, M|\n|poke|p2|Arboliva, F|\n|teampreview\n|inactive|Battle timer is ON: inactive players will automatically lose when time's up. (requested by Superman20037)\n|\n|t:|1695182144\n|start\n|switch|p1a: Dragapult|Dragapult, M, shiny|100/100\n|switch|p2a: Dondozo|Dondozo, F, shiny|100/100\n|turn|1\n|\n|t:|1695182169\n|switch|p2a: Arboliva|Arboliva, F|100/100\n|move|p1a: Dragapult|Light Screen|p1a: Dragapult\n|-sidestart|p1: Superman20037|move: Light Screen\n|\n|upkeep\n|turn|2\n|\n|t:|1695182188\n|move|p1a: Dragapult|Reflect|p1a: Dragapult\n|-sidestart|p1: Superman20037|Reflect\n|move|p2a: Arboliva|Earth Power|p1a: Dragapult\n|-crit|p1a: Dragapult\n|-damage|p1a: Dragapult|59/100\n|\n|upkeep\n|turn|3\n|\n|t:|1695182197\n|switch|p1a: Heatran|Heatran, M, shiny|100/100\n|-item|p1a: Heatran|Air Balloon\n|move|p2a: Arboliva|Earth Power|p1a: Heatran\n|-immune|p1a: Heatran\n|\n|upkeep\n|turn|4\n|\n|t:|1695182216\n|move|p1a: Heatran|Stealth Rock|p2a: Arboliva\n|-sidestart|p2: benhunter13|move: Stealth Rock\n|move|p2a: Arboliva|Earth Power|p1a: Heatran\n|-immune|p1a: Heatran\n|\n|upkeep\n|turn|5\n|\n|t:|1695182223\n|move|p1a: Heatran|Magma Storm|p2a: Arboliva|[miss]\n|-miss|p1a: Heatran|p2a: Arboliva\n|move|p2a: Arboliva|Giga Drain|p1a: Heatran\n|-resisted|p1a: Heatran\n|-damage|p1a: Heatran|98/100\n|-enditem|p1a: Heatran|Air Balloon\n|\n|upkeep\n|turn|6\n|\n|t:|1695182231\n|move|p1a: Heatran|Magma Storm|p2a: Arboliva\n|-supereffective|p2a: Arboliva\n|-damage|p2a: Arboliva|43/100\n|-activate|p2a: Arboliva|move: Magma Storm|[of] p1a: Heatran\n|-fieldstart|move: Grassy Terrain|[from] ability: Seed Sower|[of] p2a: Arboliva\n|move|p2a: Arboliva|Earth Power|p1a: Heatran\n|-supereffective|p1a: Heatran\n|-crit|p1a: Heatran\n|-damage|p1a: Heatran|3/100\n|\n|-heal|p1a: Heatran|9/100|[from] Grassy Terrain\n|-heal|p2a: Arboliva|49/100|[from] Grassy Terrain\n|-heal|p2a: Arboliva|56/100|[from] item: Leftovers\n|-damage|p2a: Arboliva|43/100|[from] move: Magma Storm|[partiallytrapped]\n|upkeep\n|turn|7\n|\n|t:|1695182253\n|move|p1a: Heatran|Magma Storm|p2a: Arboliva\n|-supereffective|p2a: Arboliva\n|-damage|p2a: Arboliva|0 fnt\n|faint|p2a: Arboliva\n|\n|-heal|p1a: Heatran|16/100|[from] Grassy Terrain\n|upkeep\n|inactive|benhunter13 has 120 seconds left.\n|\n|t:|1695182279\n|switch|p2a: Torterra|Torterra, F|100/100\n|-damage|p2a: Torterra|94/100|[from] Stealth Rock\n|turn|8\n|\n|t:|1695182284\n|move|p2a: Torterra|Shell Smash|p2a: Torterra\n|-unboost|p2a: Torterra|def|1\n|-unboost|p2a: Torterra|spd|1\n|-boost|p2a: Torterra|atk|2\n|-boost|p2a: Torterra|spa|2\n|-boost|p2a: Torterra|spe|2\n|-enditem|p2a: Torterra|White Herb\n|-clearnegativeboost|p2a: Torterra|[silent]\n|move|p1a: Heatran|Magma Storm|p2a: Torterra\n|-supereffective|p2a: Torterra\n|-damage|p2a: Torterra|0 fnt\n|faint|p2a: Torterra\n|\n|-heal|p1a: Heatran|22/100|[from] Grassy Terrain\n|-sideend|p1: Superman20037|move: Light Screen\n|upkeep\n|\n|t:|1695182299\n|switch|p2a: Skeledirge|Skeledirge, M|100/100\n|-damage|p2a: Skeledirge|76/100|[from] Stealth Rock\n|turn|9\n|\n|t:|1695182304\n|move|p1a: Heatran|Earth Power|p2a: Skeledirge\n|-supereffective|p2a: Skeledirge\n|-damage|p2a: Skeledirge|37/100\n|move|p2a: Skeledirge|Shadow Ball|p1a: Heatran\n|-damage|p1a: Heatran|0 fnt\n|faint|p1a: Heatran\n|\n|-heal|p2a: Skeledirge|43/100|[from] Grassy Terrain\n|-sideend|p1: Superman20037|Reflect\n|upkeep\n|\n|t:|1695182314\n|switch|p1a: Azumarill|Azumarill, M|100/100\n|turn|10\n|inactive|benhunter13 has 120 seconds left.\n|\n|t:|1695182321\n|-terastallize|p2a: Skeledirge|Normal\n|move|p2a: Skeledirge|Hyper Voice|p1a: Azumarill\n|-damage|p1a: Azumarill|57/100\n|move|p1a: Azumarill|Belly Drum|p1a: Azumarill\n|-damage|p1a: Azumarill|7/100\n|-setboost|p1a: Azumarill|atk|6|[from] move: Belly Drum\n|-enditem|p1a: Azumarill|Sitrus Berry|[eat]\n|-heal|p1a: Azumarill|32/100|[from] item: Sitrus Berry\n|\n|-heal|p2a: Skeledirge|49/100|[from] Grassy Terrain\n|-heal|p1a: Azumarill|38/100|[from] Grassy Terrain\n|-fieldend|move: Grassy Terrain\n|upkeep\n|turn|11\n|inactive|benhunter13 has 120 seconds left.\n|\n|t:|1695182336\n|move|p1a: Azumarill|Aqua Jet|p2a: Skeledirge\n|-damage|p2a: Skeledirge|28/100\n|move|p2a: Skeledirge|Hyper Voice|p1a: Azumarill\n|-damage|p1a: Azumarill|0 fnt\n|faint|p1a: Azumarill\n|\n|upkeep\n|\n|t:|1695182346\n|switch|p1a: Mew|Mew, shiny|100/100\n|turn|12\n|\n|t:|1695182351\n|move|p1a: Mew|Calm Mind|p1a: Mew\n|-boost|p1a: Mew|spa|1\n|-boost|p1a: Mew|spd|1\n|move|p2a: Skeledirge|Shadow Ball|p1a: Mew\n|-supereffective|p1a: Mew\n|-damage|p1a: Mew|26/100\n|-enditem|p1a: Mew|Weakness Policy\n|-boost|p1a: Mew|atk|2|[from] item: Weakness Policy\n|-boost|p1a: Mew|spa|2|[from] item: Weakness Policy\n|\n|upkeep\n|turn|13\n|\n|t:|1695182361\n|move|p1a: Mew|Stored Power|p2a: Skeledirge\n|-damage|p2a: Skeledirge|0 fnt\n|faint|p2a: Skeledirge\n|\n|upkeep\n|\n|t:|1695182366\n|switch|p2a: Arbok|Arbok, F, shiny|100/100\n|-damage|p2a: Arbok|88/100|[from] Stealth Rock\n|-ability|p2a: Arbok|Intimidate|boost\n|-unboost|p1a: Mew|atk|1\n|turn|14\n|\n|t:|1695182373\n|move|p2a: Arbok|Crunch|p1a: Mew\n|-supereffective|p1a: Mew\n|-damage|p1a: Mew|0 fnt\n|faint|p1a: Mew\n|\n|upkeep\n|\n|t:|1695182389\n|switch|p1a: Torterra|Torterra, M|100/100\n|turn|15\n|inactive|Superman20037 has 120 seconds left.\n|\n|t:|1695182417\n|switch|p2a: Dondozo|Dondozo, F, shiny|100/100\n|move|p1a: Torterra|Earthquake|p2a: Dondozo\n|-damage|p2a: Dondozo|77/100\n|\n|upkeep\n|turn|16\n|\n|t:|1695182426\n|move|p1a: Torterra|Bullet Seed|p2a: Dondozo\n|-supereffective|p2a: Dondozo\n|-damage|p2a: Dondozo|64/100\n|-supereffective|p2a: Dondozo\n|-damage|p2a: Dondozo|52/100\n|-supereffective|p2a: Dondozo\n|-damage|p2a: Dondozo|41/100\n|-supereffective|p2a: Dondozo\n|-damage|p2a: Dondozo|30/100\n|-hitcount|p2a: Dondozo|4\n|move|p2a: Dondozo|Liquidation|p1a: Torterra\n|-damage|p1a: Torterra|72/100\n|\n|upkeep\n|turn|17\n|\n|t:|1695182438\n|move|p1a: Torterra|Bullet Seed|p2a: Dondozo\n|-supereffective|p2a: Dondozo\n|-damage|p2a: Dondozo|19/100\n|-supereffective|p2a: Dondozo\n|-damage|p2a: Dondozo|7/100\n|-supereffective|p2a: Dondozo\n|-damage|p2a: Dondozo|0 fnt\n|faint|p2a: Dondozo\n|-hitcount|p2: Dondozo|3\n|\n|upkeep\n|\n|t:|1695182455\n|switch|p2a: Kommo-o|Kommo-o, M, shiny|100/100\n|-damage|p2a: Kommo-o|94/100|[from] Stealth Rock\n|turn|18\n|inactive|Superman20037 has 120 seconds left.\n|\n|t:|1695182489\n|move|p2a: Kommo-o|Clangorous Soul|p2a: Kommo-o\n|-boost|p2a: Kommo-o|atk|1\n|-boost|p2a: Kommo-o|def|1\n|-boost|p2a: Kommo-o|spa|1\n|-boost|p2a: Kommo-o|spd|1\n|-boost|p2a: Kommo-o|spe|1\n|-damage|p2a: Kommo-o|61/100\n|move|p1a: Torterra|Bullet Seed|p2a: Kommo-o\n|-immune|p2a: Kommo-o|[from] ability: Bulletproof\n|\n|upkeep\n|turn|19\n|inactive|Superman20037 has 120 seconds left.\n|c|\u2606Superman20037|oops\n|\n|t:|1695182501\n|move|p2a: Kommo-o|Aura Sphere|p1a: Torterra\n|-damage|p1a: Torterra|7/100\n|move|p1a: Torterra|Earthquake|p2a: Kommo-o\n|-damage|p2a: Kommo-o|30/100\n|-enditem|p2a: Kommo-o|Sitrus Berry|[eat]\n|-heal|p2a: Kommo-o|55/100|[from] item: Sitrus Berry\n|\n|upkeep\n|turn|20\n|inactive|Superman20037 has 120 seconds left.\n|\n|t:|1695182513\n|move|p2a: Kommo-o|Flash Cannon|p1a: Torterra\n|-damage|p1a: Torterra|0 fnt\n|faint|p1a: Torterra\n|\n|upkeep\n|\n|t:|1695182517\n|switch|p1a: Dragapult|Dragapult, M, shiny|59/100\n|turn|21\n|\n|t:|1695182521\n|-terastallize|p1a: Dragapult|Fairy\n|move|p2a: Kommo-o|Clanging Scales|p1a: Dragapult\n|-immune|p1a: Dragapult\n|move|p1a: Dragapult|Dragon Darts|p2a: Kommo-o\n|-supereffective|p2a: Kommo-o\n|-damage|p2a: Kommo-o|26/100\n|-anim|p1a: Dragapult|Dragon Darts|p2a: Kommo-o\n|-supereffective|p2a: Kommo-o\n|-damage|p2a: Kommo-o|0 fnt\n|faint|p2a: Kommo-o\n|\n|upkeep\n|c|\u2606Superman20037|zehahahahaha\n|\n|t:|1695182533\n|switch|p2a: Arbok|Arbok, F, shiny|88/100\n|-damage|p2a: Arbok|76/100|[from] Stealth Rock\n|-ability|p2a: Arbok|Intimidate|boost\n|-unboost|p1a: Dragapult|atk|1\n|turn|22\n|\n|t:|1695182543\n|move|p2a: Arbok|Gunk Shot|p1a: Dragapult\n|-supereffective|p1a: Dragapult\n|-damage|p1a: Dragapult|0 fnt\n|faint|p1a: Dragapult\n|\n|upkeep\n|\n|t:|1695182546\n|switch|p1a: Rotom|Rotom-Wash|100/100\n|turn|23\n|\n|t:|1695182559\n|move|p2a: Arbok|Gunk Shot|p1a: Rotom\n|-damage|p1a: Rotom|37/100\n|move|p1a: Rotom|Thunderbolt|p2a: Arbok\n|-damage|p2a: Arbok|10/100\n|\n|-heal|p1a: Rotom|43/100|[from] item: Leftovers\n|upkeep\n|turn|24\n|\n|t:|1695182567\n|move|p2a: Arbok|Gunk Shot|p1a: Rotom\n|-damage|p1a: Rotom|0 fnt\n|faint|p1a: Rotom\n|\n|win|benhunter13\n|raw|Superman20037's rating: 1101 &rarr; <strong>1076</strong><br />(-25 for losing)\n|raw|benhunter13's rating: 1101 &rarr; <strong>1126</strong><br />(+25 for winning)\n|c|\u2606Superman20037|aint no way\n", "uploadtime": 1695182577, "views": 5, "p1id": "superman20037", "p2id": "benhunter13", "formatid": "gen9ou", "rating": 1076, "private": 0, "password": ""}