{"id": "gen9ou-1947556034", "p1": "sync_12", "p2": "CNT JesusGP0000", "format": "gen9ou", "log": "|j|\u2606sync_12\n|j|\u2606CNT JesusGP0000\n|t:|1695172199\n|gametype|singles\n|player|p1|sync_12|cheren-gen5bw2|1225\n|player|p2|CNT JesusGP0000|miriam|1157\n|teamsize|p1|6\n|teamsize|p2|6\n|gen|9\n|tier|[Gen 9] OU\n|rated|\n|rule|Sleep Clause Mod: Limit one foe put to sleep\n|rule|Species Clause: Limit one of each Pok\u00e9mon\n|rule|OHKO Clause: OHKO moves are banned\n|rule|Evasion Items Clause: Evasion items are banned\n|rule|Evasion Moves Clause: Evasion moves are banned\n|rule|Endless Battle Clause: Forcing endless battles is banned\n|rule|HP Percentage Mod: HP is shown in percentages\n|clearpoke\n|poke|p1|Rillaboom, M|\n|poke|p1|Sneasler, F|\n|poke|p1|Zapdos|\n|poke|p1|Scizor, F|\n|poke|p1|Ursaluna-Bloodmoon, M|\n|poke|p1|Clefable, F|\n|poke|p2|Ursaluna-Bloodmoon, M|\n|poke|p2|Dragapult, M|\n|poke|p2|Clefable, M|\n|poke|p2|Dondozo, M|\n|poke|p2|Moltres|\n|poke|p2|Kingambit, F|\n|teampreview\n|\n|t:|1695172216\n|start\n|switch|p1a: Rillaboom|Rillaboom, M|100/100\n|switch|p2a: Clefable|Clefable, M|100/100\n|-fieldstart|move: Grassy Terrain|[from] ability: Grassy Surge|[of] p1a: Rillaboom\n|turn|1\n|\n|t:|1695172226\n|move|p1a: Rillaboom|Fake Out|p2a: Clefable\n|-damage|p2a: Clefable|87/100\n|-damage|p1a: Rillaboom|91/100|[from] item: Life Orb\n|cant|p2a: Clefable|flinch\n|\n|-heal|p1a: Rillaboom|97/100|[from] Grassy Terrain\n|-heal|p2a: Clefable|93/100|[from] Grassy Terrain\n|-heal|p2a: Clefable|99/100|[from] item: Leftovers\n|upkeep\n|turn|2\n|\n|t:|1695172236\n|move|p1a: Rillaboom|Knock Off|p2a: Clefable\n|-resisted|p2a: Clefable\n|-damage|p2a: Clefable|82/100\n|-enditem|p2a: Clefable|Leftovers|[from] move: Knock Off|[of] p1a: Rillaboom\n|-damage|p1a: Rillaboom|87/100|[from] item: Life Orb\n|move|p2a: Clefable|Stealth Rock|p1a: Rillaboom\n|-sidestart|p1: sync_12|move: Stealth Rock\n|\n|-heal|p1a: Rillaboom|93/100|[from] Grassy Terrain\n|-heal|p2a: Clefable|88/100|[from] Grassy Terrain\n|upkeep\n|turn|3\n|\n|t:|1695172247\n|switch|p2a: Moltres|Moltres|100/100\n|move|p1a: Rillaboom|U-turn|p2a: Moltres\n|-resisted|p2a: Moltres\n|-damage|p2a: Moltres|92/100\n|-status|p1a: Rillaboom|brn|[from] ability: Flame Body|[of] p2a: Moltres\n|-damage|p1a: Rillaboom|83/100 brn|[from] item: Life Orb\n|\n|t:|1695172257\n|switch|p1a: Zapdos|Zapdos|100/100|[from] U-turn\n|\n|upkeep\n|turn|4\n|\n|t:|1695172298\n|move|p1a: Zapdos|U-turn|p2a: Moltres\n|-resisted|p2a: Moltres\n|-damage|p2a: Moltres|88/100\n|\n|t:|1695172304\n|switch|p1a: Clefable|Clefable, F|100/100|[from] U-turn\n|move|p2a: Moltres|Flamethrower|p1a: Clefable\n|-damage|p1a: Clefable|77/100\n|\n|-heal|p1a: Clefable|83/100|[from] Grassy Terrain\n|upkeep\n|turn|5\n|\n|t:|1695172314\n|move|p2a: Moltres|Will-O-Wisp|p1a: Clefable\n|-status|p1a: Clefable|brn\n|move|p1a: Clefable|Thunder Wave|p2a: Moltres\n|-status|p2a: Moltres|par\n|\n|-heal|p1a: Clefable|89/100 brn|[from] Grassy Terrain\n|-fieldend|move: Grassy Terrain\n|upkeep\n|turn|6\n|-message|sync_12 forfeited.\n|\n|win|CNT JesusGP0000\n|raw|sync_12's rating: 1225 &rarr; <strong>1195</strong><br />(-30 for losing)\n|raw|CNT JesusGP0000's rating: 1157 &rarr; <strong>1187</strong><br />(+30 for winning)\n|l|\u2606sync_12\n", "uploadtime": 1695172342, "views": 5, "p1id": "sync12", "p2id": "cntjesusgp0000", "formatid": "gen9ou", "rating": 1187, "private": 0, "password": ""}