{"id": "gen9ou-1947498595", "p1": "l9r", "p2": "jpotato123", "format": "gen9ou", "log": "|j|\u2606l9r\n|j|\u2606jpotato123\n|t:|1695166565\n|gametype|singles\n|player|p1|l9r|102|1191\n|player|p2|jpotato123|265|1137\n|teamsize|p1|6\n|teamsize|p2|6\n|gen|9\n|tier|[Gen 9] OU\n|rated|\n|rule|Sleep Clause Mod: Limit one foe put to sleep\n|rule|Species Clause: Limit one of each Pok\u00e9mon\n|rule|OHKO Clause: OHKO moves are banned\n|rule|Evasion Items Clause: Evasion items are banned\n|rule|Evasion Moves Clause: Evasion moves are banned\n|rule|Endless Battle Clause: Forcing endless battles is banned\n|rule|HP Percentage Mod: HP is shown in percentages\n|clearpoke\n|poke|p1|Gliscor, F|\n|poke|p1|Clefable, F|\n|poke|p1|Dondozo, M|\n|poke|p1|Tornadus-Therian, M|\n|poke|p1|Toxapex, M|\n|poke|p1|Blissey, F|\n|poke|p2|Manaphy|\n|poke|p2|Kommo-o, M|\n|poke|p2|Ting-Lu|\n|poke|p2|Ursaluna-Bloodmoon, M|\n|poke|p2|Iron Hands|\n|poke|p2|Mimikyu, F|\n|teampreview\n|\n|t:|1695166582\n|start\n|switch|p1a: Gliscor|Gliscor, F|100/100\n|switch|p2a: Mimikyu|Mimikyu, F|100/100\n|turn|1\n|\n|t:|1695166597\n|move|p1a: Gliscor|Toxic|p2a: Mimikyu\n|-status|p2a: Mimikyu|tox\n|move|p2a: Mimikyu|Trick Room|p2a: Mimikyu\n|-fieldstart|move: Trick Room|[of] p2a: Mimikyu\n|\n|-damage|p2a: Mimikyu|94/100 tox|[from] psn\n|-status|p1a: Gliscor|tox|[from] item: Toxic Orb\n|upkeep\n|turn|2\n|\n|t:|1695166605\n|switch|p2a: Iron Hands|Iron Hands|100/100\n|-enditem|p2a: Iron Hands|Booster Energy\n|-activate|p2a: Iron Hands|ability: Quark Drive|[fromitem]\n|-start|p2a: Iron Hands|quarkdriveatk\n|move|p1a: Gliscor|Protect||[still]\n|-fail|p1a: Gliscor\n|\n|upkeep\n|turn|3\n|\n|t:|1695166614\n|move|p1a: Gliscor|Protect|p1a: Gliscor\n|-singleturn|p1a: Gliscor|Protect\n|move|p2a: Iron Hands|Ice Punch|p1a: Gliscor\n|-activate|p1a: Gliscor|move: Protect\n|\n|upkeep\n|turn|4\n|\n|t:|1695166618\n|switch|p1a: Toxapex|Toxapex, M|100/100\n|move|p2a: Iron Hands|Ice Punch|p1a: Toxapex\n|-resisted|p1a: Toxapex\n|-damage|p1a: Toxapex|87/100\n|-status|p1a: Toxapex|frz\n|\n|upkeep\n|turn|5\n|\n|t:|1695166626\n|switch|p1a: Gliscor|Gliscor, F|100/100 tox\n|move|p2a: Iron Hands|Wild Charge|p1a: Gliscor\n|-immune|p1a: Gliscor\n|\n|-fieldend|move: Trick Room\n|upkeep\n|turn|6\n|\n|t:|1695166641\n|-end|p2a: Iron Hands|Quark Drive|[silent]\n|switch|p2a: Kommo-o|Kommo-o, M|100/100\n|move|p1a: Gliscor|Earthquake|p2a: Kommo-o\n|-damage|p2a: Kommo-o|70/100\n|\n|upkeep\n|turn|7\n|\n|t:|1695166649\n|move|p2a: Kommo-o|Clangorous Soul|p2a: Kommo-o\n|-boost|p2a: Kommo-o|atk|1\n|-boost|p2a: Kommo-o|def|1\n|-boost|p2a: Kommo-o|spa|1\n|-boost|p2a: Kommo-o|spd|1\n|-boost|p2a: Kommo-o|spe|1\n|-damage|p2a: Kommo-o|37/100\n|-enditem|p2a: Kommo-o|Throat Spray\n|-boost|p2a: Kommo-o|spa|1|[from] item: Throat Spray\n|move|p1a: Gliscor|Toxic|p2a: Kommo-o\n|-status|p2a: Kommo-o|tox\n|\n|-damage|p2a: Kommo-o|30/100 tox|[from] psn\n|upkeep\n|turn|8\n|\n|t:|1695166660\n|move|p1a: Gliscor|Protect|p1a: Gliscor\n|-singleturn|p1a: Gliscor|Protect\n|move|p2a: Kommo-o|Clanging Scales|p1a: Gliscor\n|-activate|p1a: Gliscor|move: Protect\n|\n|-damage|p2a: Kommo-o|18/100 tox|[from] psn\n|upkeep\n|turn|9\n|\n|t:|1695166668\n|switch|p1a: Dondozo|Dondozo, M|100/100\n|move|p2a: Kommo-o|Flash Cannon|p1a: Dondozo\n|-resisted|p1a: Dondozo\n|-damage|p1a: Dondozo|89/100\n|\n|-damage|p2a: Kommo-o|0 fnt|[from] psn\n|faint|p2a: Kommo-o\n|upkeep\n|inactive|Battle timer is ON: inactive players will automatically lose when time's up. (requested by l9r)\n|\n|t:|1695166705\n|switch|p2a: Iron Hands|Iron Hands|100/100\n|turn|10\n|\n|t:|1695166727\n|switch|p1a: Clefable|Clefable, F|100/100\n|move|p2a: Iron Hands|Ice Punch|p1a: Clefable\n|-damage|p1a: Clefable|75/100\n|\n|-heal|p1a: Clefable|81/100|[from] item: Leftovers\n|upkeep\n|turn|11\n|\n|t:|1695166737\n|move|p1a: Clefable|Stealth Rock|p2a: Iron Hands\n|-sidestart|p2: jpotato123|move: Stealth Rock\n|move|p2a: Iron Hands|Ice Punch|p1a: Clefable\n|-damage|p1a: Clefable|60/100\n|\n|-heal|p1a: Clefable|66/100|[from] item: Leftovers\n|upkeep\n|turn|12\n|\n|t:|1695166748\n|-end|p2a: Iron Hands|Quark Drive|[silent]\n|switch|p2a: Ursaluna|Ursaluna-Bloodmoon, M|100/100\n|-damage|p2a: Ursaluna|94/100|[from] Stealth Rock\n|move|p1a: Clefable|Wish|p1a: Clefable\n|\n|-heal|p1a: Clefable|72/100|[from] item: Leftovers\n|upkeep\n|turn|13\n|\n|t:|1695166760\n|switch|p1a: Blissey|Blissey, F|100/100\n|move|p2a: Ursaluna|Earth Power|p1a: Blissey\n|-damage|p1a: Blissey|81/100\n|-damage|p2a: Ursaluna|84/100|[from] item: Life Orb\n|\n|-heal|p1a: Blissey|100/100|[from] move: Wish|[wisher] Clefable\n|upkeep\n|turn|14\n|\n|t:|1695166766\n|move|p1a: Blissey|Seismic Toss|p2a: Ursaluna\n|-damage|p2a: Ursaluna|61/100\n|move|p2a: Ursaluna|Blood Moon|p1a: Blissey\n|-damage|p1a: Blissey|71/100\n|-damage|p2a: Ursaluna|51/100|[from] item: Life Orb\n|\n|upkeep\n|turn|15\n|\n|t:|1695166773\n|move|p1a: Blissey|Seismic Toss|p2a: Ursaluna\n|-damage|p2a: Ursaluna|28/100\n|move|p2a: Ursaluna|Moonlight|p2a: Ursaluna\n|-heal|p2a: Ursaluna|78/100\n|\n|upkeep\n|turn|16\n|\n|t:|1695166783\n|switch|p2a: Iron Hands|Iron Hands|100/100\n|-damage|p2a: Iron Hands|94/100|[from] Stealth Rock\n|move|p1a: Blissey|Calm Mind|p1a: Blissey\n|-boost|p1a: Blissey|spa|1\n|-boost|p1a: Blissey|spd|1\n|\n|upkeep\n|turn|17\n|\n|t:|1695166794\n|move|p1a: Blissey|Protect|p1a: Blissey\n|-singleturn|p1a: Blissey|Protect\n|move|p2a: Iron Hands|Fake Out|p1a: Blissey\n|-activate|p1a: Blissey|move: Protect\n|\n|upkeep\n|turn|18\n|\n|t:|1695166804\n|switch|p1a: Clefable|Clefable, F|72/100\n|-terastallize|p2a: Iron Hands|Fighting\n|move|p2a: Iron Hands|Drain Punch|p1a: Clefable\n|-resisted|p1a: Clefable\n|-damage|p1a: Clefable|47/100\n|-heal|p2a: Iron Hands|100/100|[from] drain|[of] p1a: Clefable\n|\n|-heal|p1a: Clefable|53/100|[from] item: Leftovers\n|upkeep\n|turn|19\n|\n|t:|1695166811\n|move|p1a: Clefable|Wish|p1a: Clefable\n|move|p2a: Iron Hands|Wild Charge|p1a: Clefable\n|-damage|p1a: Clefable|8/100\n|-damage|p2a: Iron Hands|92/100|[from] Recoil\n|\n|-heal|p1a: Clefable|14/100|[from] item: Leftovers\n|upkeep\n|turn|20\n|\n|t:|1695166818\n|move|p1a: Clefable|Protect|p1a: Clefable\n|-singleturn|p1a: Clefable|Protect\n|move|p2a: Iron Hands|Drain Punch|p1a: Clefable\n|-activate|p1a: Clefable|move: Protect\n|\n|-heal|p1a: Clefable|64/100|[from] move: Wish|[wisher] Clefable\n|-heal|p1a: Clefable|71/100|[from] item: Leftovers\n|upkeep\n|turn|21\n|\n|t:|1695166826\n|move|p1a: Clefable|Wish|p1a: Clefable\n|move|p2a: Iron Hands|Ice Punch|p1a: Clefable\n|-damage|p1a: Clefable|47/100\n|-status|p1a: Clefable|frz\n|\n|-heal|p1a: Clefable|53/100 frz|[from] item: Leftovers\n|upkeep\n|turn|22\n|\n|t:|1695166833\n|cant|p1a: Clefable|frz\n|move|p2a: Iron Hands|Wild Charge|p1a: Clefable\n|-damage|p1a: Clefable|9/100 frz\n|-damage|p2a: Iron Hands|83/100|[from] Recoil\n|\n|-heal|p1a: Clefable|59/100 frz|[from] move: Wish|[wisher] Clefable\n|-heal|p1a: Clefable|65/100 frz|[from] item: Leftovers\n|upkeep\n|turn|23\n|\n|t:|1695166842\n|cant|p1a: Clefable|frz\n|move|p2a: Iron Hands|Wild Charge|p1a: Clefable\n|-damage|p1a: Clefable|26/100 frz\n|-damage|p2a: Iron Hands|76/100|[from] Recoil\n|\n|-heal|p1a: Clefable|32/100 frz|[from] item: Leftovers\n|upkeep\n|turn|24\n|\n|t:|1695166848\n|cant|p1a: Clefable|frz\n|move|p2a: Iron Hands|Wild Charge|p1a: Clefable\n|-damage|p1a: Clefable|0 fnt\n|faint|p1a: Clefable\n|-damage|p2a: Iron Hands|70/100|[from] Recoil\n|\n|upkeep\n|\n|t:|1695166854\n|switch|p1a: Tornadus|Tornadus-Therian, M|100/100\n|turn|25\n|\n|t:|1695166859\n|move|p1a: Tornadus|Bleakwind Storm|p2a: Iron Hands\n|-supereffective|p2a: Iron Hands\n|-damage|p2a: Iron Hands|0 fnt\n|faint|p2a: Iron Hands\n|-end|p2a: Iron Hands|Quark Drive|[silent]\n|\n|upkeep\n|\n|t:|1695166865\n|switch|p2a: Mimikyu|Mimikyu, F|94/100 tox\n|-damage|p2a: Mimikyu|82/100 tox|[from] Stealth Rock\n|turn|26\n|\n|t:|1695166869\n|move|p1a: Tornadus|U-turn|p2a: Mimikyu\n|-activate|p2a: Mimikyu|ability: Disguise\n|-damage|p2a: Mimikyu|82/100 tox\n|detailschange|p2a: Mimikyu|Mimikyu-Busted, F\n|-damage|p2a: Mimikyu|70/100 tox|[from] pokemon: Mimikyu-Busted\n|\n|t:|1695166874\n|switch|p1a: Gliscor|Gliscor, F|100/100 tox|[from] U-turn\n|move|p2a: Mimikyu|Trick Room|p2a: Mimikyu\n|-fieldstart|move: Trick Room|[of] p2a: Mimikyu\n|\n|-damage|p2a: Mimikyu|64/100 tox|[from] psn\n|upkeep\n|turn|27\n|\n|t:|1695166885\n|move|p2a: Mimikyu|Shadow Claw|p1a: Gliscor\n|-crit|p1a: Gliscor\n|-damage|p1a: Gliscor|64/100 tox\n|-damage|p2a: Mimikyu|54/100 tox|[from] item: Life Orb\n|move|p1a: Gliscor|Earthquake|p2a: Mimikyu\n|-damage|p2a: Mimikyu|8/100 tox\n|\n|-damage|p2a: Mimikyu|0 fnt|[from] psn\n|faint|p2a: Mimikyu\n|-heal|p1a: Gliscor|76/100 tox|[from] ability: Poison Heal\n|upkeep\n|\n|t:|1695166893\n|switch|p2a: Ursaluna|Ursaluna-Bloodmoon, M|78/100\n|-damage|p2a: Ursaluna|72/100|[from] Stealth Rock\n|turn|28\n|\n|t:|1695166898\n|move|p1a: Gliscor|Protect|p1a: Gliscor\n|-singleturn|p1a: Gliscor|Protect\n|move|p2a: Ursaluna|Blood Moon|p1a: Gliscor\n|-activate|p1a: Gliscor|move: Protect\n|\n|-heal|p1a: Gliscor|89/100 tox|[from] ability: Poison Heal\n|upkeep\n|turn|29\n|\n|t:|1695166904\n|switch|p2a: Manaphy|Manaphy|100/100\n|-damage|p2a: Manaphy|88/100|[from] Stealth Rock\n|switch|p1a: Blissey|Blissey, F|71/100\n|\n|upkeep\n|turn|30\n|\n|t:|1695166912\n|switch|p1a: Toxapex|Toxapex, M|100/100 frz\n|move|p2a: Manaphy|Tail Glow|p2a: Manaphy\n|-boost|p2a: Manaphy|spa|3\n|\n|-fieldend|move: Trick Room\n|upkeep\n|turn|31\n|\n|t:|1695166915\n|move|p2a: Manaphy|Tail Glow|p2a: Manaphy\n|-boost|p2a: Manaphy|spa|3\n|-curestatus|p1a: Toxapex|frz|[msg]\n|move|p1a: Toxapex|Toxic|p2a: Manaphy\n|-status|p2a: Manaphy|tox\n|\n|-damage|p2a: Manaphy|82/100 tox|[from] psn\n|upkeep\n|turn|32\n|\n|t:|1695166921\n|move|p2a: Manaphy|Stored Power|p1a: Toxapex\n|-supereffective|p1a: Toxapex\n|-damage|p1a: Toxapex|0 fnt\n|faint|p1a: Toxapex\n|\n|-damage|p2a: Manaphy|70/100 tox|[from] psn\n|upkeep\n|\n|t:|1695166925\n|switch|p1a: Dondozo|Dondozo, M|89/100\n|turn|33\n|\n|t:|1695166930\n|move|p2a: Manaphy|Stored Power|p1a: Dondozo\n|-damage|p1a: Dondozo|49/100\n|move|p1a: Dondozo|Body Press|p2a: Manaphy\n|-damage|p2a: Manaphy|41/100 tox\n|\n|-damage|p2a: Manaphy|22/100 tox|[from] psn\n|upkeep\n|-enditem|p2a: Manaphy|Salac Berry|[eat]\n|-boost|p2a: Manaphy|spe|1|[from] item: Salac Berry\n|turn|34\n|\n|t:|1695166936\n|move|p2a: Manaphy|Stored Power|p1a: Dondozo\n|-damage|p1a: Dondozo|8/100\n|move|p1a: Dondozo|Rest|p1a: Dondozo\n|-status|p1a: Dondozo|slp|[from] move: Rest\n|-heal|p1a: Dondozo|100/100 slp|[silent]\n|\n|-damage|p2a: Manaphy|0 fnt|[from] psn\n|faint|p2a: Manaphy\n|upkeep\n|\n|t:|1695166944\n|switch|p2a: Ting-Lu|Ting-Lu|100/100\n|-damage|p2a: Ting-Lu|94/100|[from] Stealth Rock\n|-ability|p2a: Ting-Lu|Vessel of Ruin\n|turn|35\n|\n|t:|1695166952\n|move|p2a: Ting-Lu|Earthquake|p1a: Dondozo\n|-damage|p1a: Dondozo|78/100 slp\n|cant|p1a: Dondozo|slp\n|move|p1a: Dondozo|Sleep Talk|p1a: Dondozo\n|move|p1a: Dondozo|Body Press|p2a: Ting-Lu|[from]move: Sleep Talk\n|-supereffective|p2a: Ting-Lu\n|-damage|p2a: Ting-Lu|62/100\n|\n|upkeep\n|turn|36\n|\n|t:|1695166959\n|move|p2a: Ting-Lu|Throat Chop|p1a: Dondozo\n|-damage|p1a: Dondozo|59/100 slp\n|-start|p1a: Dondozo|Throat Chop|[silent]\n|cant|p1a: Dondozo|slp\n|move|p1a: Dondozo|Sleep Talk|p1a: Dondozo\n|move|p1a: Dondozo|Body Press|p2a: Ting-Lu|[from]move: Sleep Talk\n|-supereffective|p2a: Ting-Lu\n|-damage|p2a: Ting-Lu|30/100\n|\n|upkeep\n|turn|37\n|\n|t:|1695166972\n|switch|p1a: Gliscor|Gliscor, F|89/100 tox\n|move|p2a: Ting-Lu|Earthquake|p1a: Gliscor\n|-immune|p1a: Gliscor\n|\n|-heal|p1a: Gliscor|100/100 tox|[from] ability: Poison Heal\n|upkeep\n|turn|38\n|\n|t:|1695166980\n|move|p1a: Gliscor|Earthquake|p2a: Ting-Lu\n|-damage|p2a: Ting-Lu|11/100\n|move|p2a: Ting-Lu|Stone Edge|p1a: Gliscor\n|-damage|p1a: Gliscor|79/100 tox\n|\n|-heal|p1a: Gliscor|91/100 tox|[from] ability: Poison Heal\n|upkeep\n|turn|39\n|inactive|jpotato123 has 120 seconds left.\n|\n|t:|1695167020\n|move|p1a: Gliscor|Earthquake|p2a: Ting-Lu\n|-damage|p2a: Ting-Lu|0 fnt\n|faint|p2a: Ting-Lu\n|\n|-heal|p1a: Gliscor|100/100 tox|[from] ability: Poison Heal\n|upkeep\n|\n|t:|1695167022\n|switch|p2a: Ursaluna|Ursaluna-Bloodmoon, M|72/100\n|-damage|p2a: Ursaluna|66/100|[from] Stealth Rock\n|turn|40\n|\n|t:|1695167027\n|move|p1a: Gliscor|Toxic|p2a: Ursaluna\n|-status|p2a: Ursaluna|tox\n|move|p2a: Ursaluna|Blood Moon|p1a: Gliscor\n|-damage|p1a: Gliscor|0 fnt\n|faint|p1a: Gliscor\n|-damage|p2a: Ursaluna|56/100 tox|[from] item: Life Orb\n|\n|-damage|p2a: Ursaluna|50/100 tox|[from] psn\n|upkeep\n|\n|t:|1695167032\n|switch|p1a: Blissey|Blissey, F|71/100\n|turn|41\n|\n|t:|1695167036\n|move|p1a: Blissey|Protect|p1a: Blissey\n|-singleturn|p1a: Blissey|Protect\n|move|p2a: Ursaluna|Moonlight|p2a: Ursaluna\n|-heal|p2a: Ursaluna|99/100 tox\n|\n|-damage|p2a: Ursaluna|88/100 tox|[from] psn\n|upkeep\n|turn|42\n|\n|t:|1695167043\n|move|p1a: Blissey|Calm Mind|p1a: Blissey\n|-boost|p1a: Blissey|spa|1\n|-boost|p1a: Blissey|spd|1\n|move|p2a: Ursaluna|Earth Power|p1a: Blissey\n|-damage|p1a: Blissey|59/100\n|-damage|p2a: Ursaluna|78/100 tox|[from] item: Life Orb\n|\n|-damage|p2a: Ursaluna|60/100 tox|[from] psn\n|upkeep\n|turn|43\n|\n|t:|1695167048\n|move|p1a: Blissey|Calm Mind|p1a: Blissey\n|-boost|p1a: Blissey|spa|1\n|-boost|p1a: Blissey|spd|1\n|move|p2a: Ursaluna|Earth Power|p1a: Blissey\n|-damage|p1a: Blissey|48/100\n|-damage|p2a: Ursaluna|50/100 tox|[from] item: Life Orb\n|\n|-damage|p2a: Ursaluna|25/100 tox|[from] psn\n|upkeep\n|turn|44\n|c|\u2606l9r|gg\n|\n|t:|1695167053\n|move|p1a: Blissey|Soft-Boiled|p1a: Blissey\n|-heal|p1a: Blissey|98/100\n|move|p2a: Ursaluna|Blood Moon|p1a: Blissey\n|-damage|p1a: Blissey|84/100\n|-damage|p2a: Ursaluna|15/100 tox|[from] item: Life Orb\n|\n|-damage|p2a: Ursaluna|0 fnt|[from] psn\n|faint|p2a: Ursaluna\n|\n|win|l9r\n|upkeep\n|raw|l9r's rating: 1191 &rarr; <strong>1212</strong><br />(+21 for winning)\n|raw|jpotato123's rating: 1137 &rarr; <strong>1116</strong><br />(-21 for losing)\n|l|\u2606jpotato123\n", "uploadtime": 1695167064, "views": 5, "p1id": "l9r", "p2id": "jpotato123", "formatid": "gen9ou", "rating": 1116, "private": 0, "password": ""}