{"id": "gen9ou-1947681339", "p1": "Sniverdrill", "p2": "eagleray", "format": "gen9ou", "log": "|j|\u2606Sniverdrill\n|j|\u2606eagleray\n|t:|1695186249\n|gametype|singles\n|player|p1|Sniverdrill|rika|1016\n|player|p2|eagleray|2|1092\n|teamsize|p1|6\n|teamsize|p2|6\n|gen|9\n|tier|[Gen 9] OU\n|rated|\n|rule|Sleep Clause Mod: Limit one foe put to sleep\n|rule|Species Clause: Limit one of each Pok\u00e9mon\n|rule|OHKO Clause: OHKO moves are banned\n|rule|Evasion Items Clause: Evasion items are banned\n|rule|Evasion Moves Clause: Evasion moves are banned\n|rule|Endless Battle Clause: Forcing endless battles is banned\n|rule|HP Percentage Mod: HP is shown in percentages\n|clearpoke\n|poke|p1|Salamence, M|\n|poke|p1|Hatterene, F|\n|poke|p1|Dragapult, F|\n|poke|p1|Tyranitar, F|\n|poke|p1|Gastrodon-East, M|\n|poke|p1|Kleavor, F|\n|poke|p2|Kingambit, M|\n|poke|p2|Clodsire, M|\n|poke|p2|Milotic, M|\n|poke|p2|Dondozo, F|\n|poke|p2|Ogerpon-Hearthflame, F|\n|poke|p2|Sinistcha-Masterpiece|\n|teampreview\n|inactive|Battle timer is ON: inactive players will automatically lose when time's up. (requested by Sniverdrill)\n|\n|t:|1695186257\n|start\n|switch|p1a: Hatterene|Hatterene, F|100/100\n|switch|p2a: Clodsire|Clodsire, M|100/100\n|turn|1\n|\n|t:|1695186268\n|move|p1a: Hatterene|Psyshock|p2a: Clodsire\n|-supereffective|p2a: Clodsire\n|-damage|p2a: Clodsire|0 fnt\n|faint|p2a: Clodsire\n|\n|upkeep\n|\n|t:|1695186275\n|switch|p2a: Sinistcha|Sinistcha-Masterpiece|100/100\n|turn|2\n|\n|t:|1695186285\n|switch|p1a: Kleavor|Kleavor, F|100/100\n|move|p2a: Sinistcha|Strength Sap|p1a: Kleavor\n|-unboost|p1a: Kleavor|atk|1\n|\n|upkeep\n|turn|3\n|\n|t:|1695186294\n|move|p1a: Kleavor|X-Scissor|p2a: Sinistcha\n|-damage|p2a: Sinistcha|55/100\n|move|p2a: Sinistcha|Matcha Gotcha|p1a: Kleavor|[miss]\n|-miss|p2a: Sinistcha|p1a: Kleavor\n|\n|upkeep\n|turn|4\n|\n|t:|1695186309\n|switch|p1a: Dragapult|Dragapult, F|100/100\n|move|p2a: Sinistcha|Matcha Gotcha|p1a: Dragapult\n|-resisted|p1a: Dragapult\n|-damage|p1a: Dragapult|70/100\n|-heal|p2a: Sinistcha|69/100|[from] drain|[of] p1a: Dragapult\n|\n|upkeep\n|turn|5\n|\n|t:|1695186334\n|switch|p2a: Kingambit|Kingambit, M|100/100\n|-activate|p2a: Kingambit|ability: Supreme Overlord\n|-start|p2a: Kingambit|fallen1|[silent]\n|move|p1a: Dragapult|Shadow Ball|p2a: Kingambit\n|-resisted|p2a: Kingambit\n|-damage|p2a: Kingambit|83/100\n|\n|upkeep\n|turn|6\n|\n|t:|1695186358\n|move|p1a: Dragapult|Will-O-Wisp|p2a: Kingambit\n|-status|p2a: Kingambit|brn\n|move|p2a: Kingambit|Swords Dance|p2a: Kingambit\n|-boost|p2a: Kingambit|atk|2\n|\n|-damage|p2a: Kingambit|77/100 brn|[from] brn\n|upkeep\n|turn|7\n|\n|t:|1695186378\n|switch|p1a: Gastrodon|Gastrodon-East, M|100/100\n|move|p2a: Kingambit|Kowtow Cleave|p1a: Gastrodon\n|-damage|p1a: Gastrodon|48/100\n|-damage|p2a: Kingambit|67/100 brn|[from] item: Life Orb\n|\n|-damage|p2a: Kingambit|61/100 brn|[from] brn\n|upkeep\n|turn|8\n|\n|t:|1695186387\n|move|p2a: Kingambit|Focus Blast|p1a: Gastrodon\n|-damage|p1a: Gastrodon|23/100\n|-damage|p2a: Kingambit|51/100 brn|[from] item: Life Orb\n|move|p1a: Gastrodon|Earth Power|p2a: Kingambit\n|-supereffective|p2a: Kingambit\n|-damage|p2a: Kingambit|0 fnt\n|faint|p2a: Kingambit\n|-end|p2a: Kingambit|fallen1|[silent]\n|\n|upkeep\n|\n|t:|1695186403\n|switch|p2a: Ogerpon|Ogerpon-Hearthflame, F|100/100\n|-ability|p2a: Ogerpon|Mold Breaker\n|turn|9\n|\n|t:|1695186421\n|switch|p1a: Kleavor|Kleavor, F|100/100\n|move|p2a: Ogerpon|Giga Drain|p1a: Kleavor\n|-crit|p1a: Kleavor\n|-damage|p1a: Kleavor|57/100\n|\n|upkeep\n|turn|10\n|\n|t:|1695186437\n|move|p2a: Ogerpon|Ivy Cudgel|p1a: Kleavor\n|-damage|p1a: Kleavor|0 fnt\n|faint|p1a: Kleavor\n|\n|upkeep\n|\n|t:|1695186443\n|switch|p1a: Tyranitar|Tyranitar, F|100/100\n|-weather|Sandstorm|[from] ability: Sand Stream|[of] p1a: Tyranitar\n|turn|11\n|\n|t:|1695186457\n|move|p2a: Ogerpon|Ivy Cudgel|p1a: Tyranitar\n|-resisted|p1a: Tyranitar\n|-damage|p1a: Tyranitar|76/100\n|move|p1a: Tyranitar|Rock Slide|p2a: Ogerpon\n|-supereffective|p2a: Ogerpon\n|-damage|p2a: Ogerpon|0 fnt\n|faint|p2a: Ogerpon\n|\n|-weather|Sandstorm|[upkeep]\n|-heal|p1a: Tyranitar|82/100|[from] item: Leftovers\n|upkeep\n|\n|t:|1695186462\n|switch|p2a: Dondozo|Dondozo, F|100/100\n|turn|12\n|\n|t:|1695186471\n|switch|p1a: Gastrodon|Gastrodon-East, M|23/100\n|move|p2a: Dondozo|Wave Crash|p1a: Gastrodon\n|-ability|p1a: Gastrodon|Storm Drain|boost\n|-boost|p1a: Gastrodon|spa|1\n|\n|-weather|Sandstorm|[upkeep]\n|-damage|p2a: Dondozo|94/100|[from] Sandstorm\n|upkeep\n|turn|13\n|\n|t:|1695186480\n|move|p1a: Gastrodon|Recover|p1a: Gastrodon\n|-heal|p1a: Gastrodon|73/100\n|move|p2a: Dondozo|Order Up|p1a: Gastrodon\n|-crit|p1a: Gastrodon\n|-damage|p1a: Gastrodon|36/100\n|\n|-weather|Sandstorm|[upkeep]\n|-damage|p2a: Dondozo|88/100|[from] Sandstorm\n|upkeep\n|turn|14\n|\n|t:|1695186492\n|-terastallize|p1a: Gastrodon|Electric\n|move|p1a: Gastrodon|Tera Blast|p2a: Dondozo\n|-supereffective|p2a: Dondozo\n|-damage|p2a: Dondozo|21/100\n|move|p2a: Dondozo|Earthquake|p1a: Gastrodon\n|-supereffective|p1a: Gastrodon\n|-damage|p1a: Gastrodon|0 fnt\n|faint|p1a: Gastrodon\n|\n|-weather|Sandstorm|[upkeep]\n|-damage|p2a: Dondozo|15/100|[from] Sandstorm\n|upkeep\n|\n|t:|1695186505\n|switch|p1a: Salamence|Salamence, M|100/100\n|turn|15\n|\n|t:|1695186516\n|move|p1a: Salamence|Dual Wingbeat|p2a: Dondozo\n|-damage|p2a: Dondozo|0 fnt\n|faint|p2a: Dondozo\n|-ability|p1a: Salamence|Moxie|boost\n|-boost|p1a: Salamence|atk|1\n|-hitcount|p2: Dondozo|1\n|\n|-weather|none\n|upkeep\n|\n|t:|1695186519\n|switch|p2a: Sinistcha|Sinistcha-Masterpiece|69/100\n|turn|16\n|\n|t:|1695186526\n|move|p1a: Salamence|Dual Wingbeat|p2a: Sinistcha\n|-supereffective|p2a: Sinistcha\n|-damage|p2a: Sinistcha|0 fnt\n|faint|p2a: Sinistcha\n|-ability|p1a: Salamence|Moxie|boost\n|-boost|p1a: Salamence|atk|1\n|-hitcount|p2: Sinistcha|1\n|\n|upkeep\n|\n|t:|1695186529\n|switch|p2a: Milotic|Milotic, M|100/100\n|turn|17\n|\n|t:|1695186539\n|move|p1a: Salamence|Dual Wingbeat|p2a: Milotic\n|-damage|p2a: Milotic|36/100\n|-damage|p2a: Milotic|0 fnt\n|faint|p2a: Milotic\n|-hitcount|p2: Milotic|2\n|\n|win|Sniverdrill\n|raw|Sniverdrill's rating: 1016 &rarr; <strong>1062</strong><br />(+46 for winning)\n|raw|eagleray's rating: 1092 &rarr; <strong>1063</strong><br />(-29 for losing)\n|l|\u2606eagleray\n|c|\u2606Sniverdrill|Gg\n", "uploadtime": 1695186553, "views": 5, "p1id": "sniverdrill", "p2id": "eagleray", "formatid": "gen9ou", "rating": 1062, "private": 0, "password": ""}