{"id": "gen9ou-1947687040", "p1": "Levijoseph", "p2": "PKMNTrainerKRitz", "format": "gen9ou", "log": "|j|\u2606Levijoseph\n|j|\u2606PKMNTrainerKRitz\n|t:|1695187087\n|gametype|singles\n|player|p1|Levijoseph|265|1575\n|player|p2|PKMNTrainerKRitz|pokekid|1655\n|teamsize|p1|6\n|teamsize|p2|6\n|gen|9\n|tier|[Gen 9] OU\n|rated|\n|rule|Sleep Clause Mod: Limit one foe put to sleep\n|rule|Species Clause: Limit one of each Pok\u00e9mon\n|rule|OHKO Clause: OHKO moves are banned\n|rule|Evasion Items Clause: Evasion items are banned\n|rule|Evasion Moves Clause: Evasion moves are banned\n|rule|Endless Battle Clause: Forcing endless battles is banned\n|rule|HP Percentage Mod: HP is shown in percentages\n|clearpoke\n|poke|p1|Hatterene, F|\n|poke|p1|Clefable, M|\n|poke|p1|Ceruledge, F|\n|poke|p1|Grafaiai, F|\n|poke|p1|Lycanroc-Dusk, F|\n|poke|p1|Kommo-o, F|\n|poke|p2|Glimmora, F|\n|poke|p2|Gholdengo|\n|poke|p2|Kingambit, F|\n|poke|p2|Ogerpon-Wellspring, F|\n|poke|p2|Iron Moth|\n|poke|p2|Iron Valiant|\n|teampreview\n|inactive|Battle timer is ON: inactive players will automatically lose when time's up. (requested by PKMNTrainerKRitz)\n|inactive|Levijoseph has 120 seconds left.\n|\n|t:|1695187138\n|start\n|switch|p1a: Hatterene|Hatterene, F|100/100\n|switch|p2a: Gholdengo|Gholdengo|100/100\n|-item|p2a: Gholdengo|Air Balloon\n|turn|1\n|\n|t:|1695187146\n|move|p2a: Gholdengo|Make It Rain|p1a: Hatterene\n|-supereffective|p1a: Hatterene\n|-damage|p1a: Hatterene|0 fnt\n|-unboost|p2a: Gholdengo|spa|1\n|faint|p1a: Hatterene\n|\n|upkeep\n|\n|t:|1695187152\n|switch|p1a: Clefable|Clefable, M|100/100\n|turn|2\n|\n|t:|1695187155\n|move|p2a: Gholdengo|Make It Rain|p1a: Clefable\n|-supereffective|p1a: Clefable\n|-damage|p1a: Clefable|0 fnt\n|-unboost|p2a: Gholdengo|spa|1\n|faint|p1a: Clefable\n|\n|upkeep\n|\n|t:|1695187160\n|switch|p1a: Ceruledge|Ceruledge, F|100/100\n|turn|3\n|\n|t:|1695187163\n|move|p2a: Gholdengo|Shadow Ball|p1a: Ceruledge\n|-supereffective|p1a: Ceruledge\n|-damage|p1a: Ceruledge|63/100\n|move|p1a: Ceruledge|Substitute|p1a: Ceruledge\n|-start|p1a: Ceruledge|Substitute\n|-damage|p1a: Ceruledge|38/100\n|\n|-heal|p1a: Ceruledge|45/100|[from] item: Leftovers\n|upkeep\n|turn|4\n|\n|t:|1695187166\n|move|p2a: Gholdengo|Shadow Ball|p1a: Ceruledge\n|-supereffective|p1a: Ceruledge\n|-end|p1a: Ceruledge|Substitute\n|move|p1a: Ceruledge|Bulk Up|p1a: Ceruledge\n|-boost|p1a: Ceruledge|atk|1\n|-boost|p1a: Ceruledge|def|1\n|\n|-heal|p1a: Ceruledge|51/100|[from] item: Leftovers\n|upkeep\n|turn|5\n|\n|t:|1695187168\n|move|p2a: Gholdengo|Shadow Ball|p1a: Ceruledge\n|-supereffective|p1a: Ceruledge\n|-damage|p1a: Ceruledge|16/100\n|move|p1a: Ceruledge|Bitter Blade|p2a: Gholdengo\n|-supereffective|p2a: Gholdengo\n|-damage|p2a: Gholdengo|2/100\n|-heal|p1a: Ceruledge|69/100|[from] drain|[of] p2a: Gholdengo\n|-enditem|p2a: Gholdengo|Air Balloon\n|\n|-heal|p1a: Ceruledge|75/100|[from] item: Leftovers\n|upkeep\n|turn|6\n|\n|t:|1695187172\n|switch|p1a: Grafaiai|Grafaiai, F|100/100\n|move|p2a: Gholdengo|Shadow Ball|p1a: Grafaiai\n|-immune|p1a: Grafaiai\n|\n|upkeep\n|turn|7\n|\n|t:|1695187175\n|move|p1a: Grafaiai|Knock Off|p2a: Gholdengo\n|-supereffective|p2a: Gholdengo\n|-damage|p2a: Gholdengo|0 fnt\n|faint|p2a: Gholdengo\n|\n|upkeep\n|\n|t:|1695187200\n|switch|p2a: Ogerpon|Ogerpon-Wellspring, F|100/100\n|turn|8\n|\n|t:|1695187215\n|move|p2a: Ogerpon|Ivy Cudgel|p1a: Grafaiai\n|-crit|p1a: Grafaiai\n|-damage|p1a: Grafaiai|0 fnt\n|faint|p1a: Grafaiai\n|\n|upkeep\n|\n|t:|1695187218\n|switch|p1a: Kommo-o|Kommo-o, F|100/100\n|turn|9\n|\n|t:|1695187221\n|move|p2a: Ogerpon|Play Rough|p1a: Kommo-o\n|-supereffective|p1a: Kommo-o\n|-damage|p1a: Kommo-o|0 fnt\n|faint|p1a: Kommo-o\n|\n|upkeep\n|\n|t:|1695187224\n|switch|p1a: Lycanroc|Lycanroc-Dusk, F|100/100\n|turn|10\n|\n|t:|1695187229\n|move|p2a: Ogerpon|Ivy Cudgel|p1a: Lycanroc\n|-supereffective|p1a: Lycanroc\n|-enditem|p1a: Lycanroc|Focus Sash\n|-damage|p1a: Lycanroc|1/100\n|move|p1a: Lycanroc|Stone Edge|p2a: Ogerpon\n|-damage|p2a: Ogerpon|33/100\n|\n|upkeep\n|turn|11\n|\n|t:|1695187235\n|move|p1a: Lycanroc|Accelerock|p2a: Ogerpon\n|-damage|p2a: Ogerpon|0 fnt\n|faint|p2a: Ogerpon\n|\n|upkeep\n|\n|t:|1695187247\n|switch|p2a: Glimmora|Glimmora, F|100/100\n|turn|12\n|\n|t:|1695187252\n|move|p1a: Lycanroc|Swords Dance|p1a: Lycanroc\n|-boost|p1a: Lycanroc|atk|2\n|move|p2a: Glimmora|Power Gem|p1a: Lycanroc\n|-damage|p1a: Lycanroc|0 fnt\n|faint|p1a: Lycanroc\n|\n|upkeep\n|\n|t:|1695187253\n|switch|p1a: Ceruledge|Ceruledge, F|75/100\n|turn|13\n|\n|t:|1695187257\n|-terastallize|p1a: Ceruledge|Grass\n|move|p2a: Glimmora|Power Gem|p1a: Ceruledge\n|-damage|p1a: Ceruledge|40/100\n|move|p1a: Ceruledge|Substitute|p1a: Ceruledge\n|-start|p1a: Ceruledge|Substitute\n|-damage|p1a: Ceruledge|15/100\n|\n|-heal|p1a: Ceruledge|21/100|[from] item: Leftovers\n|upkeep\n|turn|14\n|\n|t:|1695187262\n|move|p2a: Glimmora|Power Gem|p1a: Ceruledge\n|-end|p1a: Ceruledge|Substitute\n|move|p1a: Ceruledge|Bulk Up|p1a: Ceruledge\n|-boost|p1a: Ceruledge|atk|1\n|-boost|p1a: Ceruledge|def|1\n|\n|-heal|p1a: Ceruledge|28/100|[from] item: Leftovers\n|upkeep\n|turn|15\n|\n|t:|1695187264\n|move|p2a: Glimmora|Power Gem|p1a: Ceruledge\n|-damage|p1a: Ceruledge|0 fnt\n|faint|p1a: Ceruledge\n|\n|win|PKMNTrainerKRitz\n|raw|Levijoseph's rating: 1575 &rarr; <strong>1560</strong><br />(-15 for losing)\n|raw|PKMNTrainerKRitz's rating: 1655 &rarr; <strong>1670</strong><br />(+15 for winning)\n|l|\u2606Levijoseph\n", "uploadtime": 1695187271, "views": 6, "p1id": "levijoseph", "p2id": "pkmntrainerkritz", "formatid": "gen9ou", "rating": 1560, "private": 0, "password": ""}