{"id": "gen9ou-1947654947", "p1": "wei1020", "p2": "okitsegg", "format": "gen9ou", "log": "|j|\u2606wei1020\n|j|\u2606okitsegg\n|t:|1695182638\n|gametype|singles\n|player|p1|wei1020|rosa|1570\n|player|p2|okitsegg|266|1465\n|teamsize|p1|6\n|teamsize|p2|6\n|gen|9\n|tier|[Gen 9] OU\n|rated|\n|rule|Sleep Clause Mod: Limit one foe put to sleep\n|rule|Species Clause: Limit one of each Pok\u00e9mon\n|rule|OHKO Clause: OHKO moves are banned\n|rule|Evasion Items Clause: Evasion items are banned\n|rule|Evasion Moves Clause: Evasion moves are banned\n|rule|Endless Battle Clause: Forcing endless battles is banned\n|rule|HP Percentage Mod: HP is shown in percentages\n|clearpoke\n|poke|p1|Toxapex, M|\n|poke|p1|Scizor, F|\n|poke|p1|Greninja-*, M|\n|poke|p1|Roaring Moon|\n|poke|p1|Ting-Lu|\n|poke|p1|Great Tusk|\n|poke|p2|Roaring Moon|\n|poke|p2|Gliscor, M|\n|poke|p2|Clefable, M|\n|poke|p2|Ting-Lu|\n|poke|p2|Slowking, M|\n|poke|p2|Dragonite, M|\n|teampreview\n|inactive|Battle timer is ON: inactive players will automatically lose when time's up. (requested by okitsegg)\n|c|\u2606wei1020|\u600e\u4e48\u4e2d\u5348\u4f11\u606f\u5c31\u78b0\u5230\u8fd9\u79cd\n|c|\u2606wei1020|\u65e0\u8bed\u4e86\n|inactive|wei1020 has 120 seconds left.\n|\n|t:|1695182710\n|start\n|switch|p1a: Roaring Moon|Roaring Moon|100/100\n|switch|p2a: Roaring Moon|Roaring Moon|100/100\n|turn|1\n|\n|t:|1695182729\n|-end|p2a: Roaring Moon|Protosynthesis|[silent]\n|switch|p2a: Clefable|Clefable, M|100/100\n|move|p1a: Roaring Moon|Knock Off|p2a: Clefable\n|-resisted|p2a: Clefable\n|-damage|p2a: Clefable|76/100\n|-enditem|p2a: Clefable|Heavy-Duty Boots|[from] move: Knock Off|[of] p1a: Roaring Moon\n|\n|upkeep\n|turn|2\n|\n|t:|1695182741\n|-end|p1a: Roaring Moon|Protosynthesis|[silent]\n|switch|p1a: Scizor|Scizor, F|100/100\n|move|p2a: Clefable|Flamethrower|p1a: Scizor\n|-supereffective|p1a: Scizor\n|-damage|p1a: Scizor|1/100\n|\n|upkeep\n|turn|3\n|\n|t:|1695182748\n|switch|p2a: Gliscor|Gliscor, M|100/100\n|move|p1a: Scizor|Bullet Punch|p2a: Gliscor\n|-damage|p2a: Gliscor|75/100\n|\n|-status|p2a: Gliscor|tox|[from] item: Toxic Orb\n|upkeep\n|turn|4\n|\n|t:|1695182759\n|move|p2a: Gliscor|Stealth Rock|p1a: Scizor\n|-sidestart|p1: wei1020|move: Stealth Rock\n|move|p1a: Scizor|Swords Dance|p1a: Scizor\n|-boost|p1a: Scizor|atk|2\n|\n|-heal|p2a: Gliscor|88/100 tox|[from] ability: Poison Heal\n|upkeep\n|turn|5\n|\n|t:|1695182768\n|move|p2a: Gliscor|Protect|p2a: Gliscor\n|-singleturn|p2a: Gliscor|Protect\n|move|p1a: Scizor|Bullet Punch|p2a: Gliscor\n|-activate|p2a: Gliscor|move: Protect\n|\n|-heal|p2a: Gliscor|99/100 tox|[from] ability: Poison Heal\n|upkeep\n|turn|6\n|\n|t:|1695182780\n|move|p1a: Scizor|Bullet Punch|p2a: Gliscor\n|-damage|p2a: Gliscor|48/100 tox\n|move|p2a: Gliscor|U-turn|p1a: Scizor\n|-resisted|p1a: Scizor\n|-damage|p1a: Scizor|0 fnt\n|faint|p1a: Scizor\n|\n|t:|1695182787\n|switch|p2a: Ting-Lu|Ting-Lu|100/100|[from] U-turn\n|-ability|p2a: Ting-Lu|Vessel of Ruin\n|\n|upkeep\n|inactive|wei1020 has 120 seconds left.\n|\n|t:|1695182822\n|switch|p1a: Great Tusk|Great Tusk|100/100\n|-damage|p1a: Great Tusk|98/100|[from] Stealth Rock\n|turn|7\n|\n|t:|1695182830\n|switch|p2a: Gliscor|Gliscor, M|48/100 tox\n|move|p1a: Great Tusk|Bulk Up|p1a: Great Tusk\n|-boost|p1a: Great Tusk|atk|1\n|-boost|p1a: Great Tusk|def|1\n|\n|-heal|p1a: Great Tusk|100/100|[from] item: Leftovers\n|-heal|p2a: Gliscor|60/100 tox|[from] ability: Poison Heal\n|upkeep\n|turn|8\n|\n|t:|1695182842\n|move|p2a: Gliscor|U-turn|p1a: Great Tusk\n|-resisted|p1a: Great Tusk\n|-damage|p1a: Great Tusk|98/100\n|\n|t:|1695182849\n|switch|p2a: Dragonite|Dragonite, M|100/100|[from] U-turn\n|move|p1a: Great Tusk|Bulk Up|p1a: Great Tusk\n|-boost|p1a: Great Tusk|atk|1\n|-boost|p1a: Great Tusk|def|1\n|\n|-heal|p1a: Great Tusk|100/100|[from] item: Leftovers\n|upkeep\n|turn|9\n|\n|t:|1695182860\n|move|p1a: Great Tusk|Rapid Spin|p2a: Dragonite\n|-damage|p2a: Dragonite|87/100\n|-boost|p1a: Great Tusk|spe|1\n|-sideend|p1: wei1020|Stealth Rock|[from] move: Rapid Spin|[of] p1a: Great Tusk\n|move|p2a: Dragonite|Hurricane|p1a: Great Tusk|[miss]\n|-miss|p2a: Dragonite|p1a: Great Tusk\n|\n|upkeep\n|turn|10\n|\n|t:|1695182877\n|switch|p2a: Gliscor|Gliscor, M|60/100 tox\n|move|p1a: Great Tusk|Ice Spinner|p2a: Gliscor\n|-supereffective|p2a: Gliscor\n|-damage|p2a: Gliscor|0 fnt\n|faint|p2a: Gliscor\n|\n|upkeep\n|\n|t:|1695182880\n|switch|p2a: Clefable|Clefable, M|76/100\n|turn|11\n|\n|t:|1695182899\n|-terastallize|p1a: Great Tusk|Water\n|move|p1a: Great Tusk|Earthquake|p2a: Clefable\n|-damage|p2a: Clefable|33/100\n|move|p2a: Clefable|Moonlight|p2a: Clefable\n|-heal|p2a: Clefable|83/100\n|\n|upkeep\n|turn|12\n|\n|t:|1695182911\n|move|p1a: Great Tusk|Bulk Up|p1a: Great Tusk\n|-boost|p1a: Great Tusk|atk|1\n|-boost|p1a: Great Tusk|def|1\n|move|p2a: Clefable|Calm Mind|p2a: Clefable\n|-boost|p2a: Clefable|spa|1\n|-boost|p2a: Clefable|spd|1\n|\n|upkeep\n|turn|13\n|\n|t:|1695182919\n|move|p1a: Great Tusk|Earthquake|p2a: Clefable\n|-damage|p2a: Clefable|42/100\n|move|p2a: Clefable|Moonlight|p2a: Clefable\n|-heal|p2a: Clefable|92/100\n|\n|upkeep\n|turn|14\n|\n|t:|1695182926\n|move|p1a: Great Tusk|Earthquake|p2a: Clefable\n|-damage|p2a: Clefable|50/100\n|move|p2a: Clefable|Calm Mind|p2a: Clefable\n|-boost|p2a: Clefable|spa|1\n|-boost|p2a: Clefable|spd|1\n|\n|upkeep\n|turn|15\n|\n|t:|1695182936\n|move|p1a: Great Tusk|Earthquake|p2a: Clefable\n|-damage|p2a: Clefable|8/100\n|move|p2a: Clefable|Moonlight|p2a: Clefable\n|-heal|p2a: Clefable|58/100\n|\n|upkeep\n|turn|16\n|\n|t:|1695182945\n|move|p1a: Great Tusk|Earthquake|p2a: Clefable\n|-damage|p2a: Clefable|15/100\n|move|p2a: Clefable|Moonlight|p2a: Clefable\n|-heal|p2a: Clefable|65/100\n|\n|upkeep\n|turn|17\n|\n|t:|1695182971\n|move|p1a: Great Tusk|Earthquake|p2a: Clefable\n|-damage|p2a: Clefable|21/100\n|move|p2a: Clefable|Moonlight|p2a: Clefable\n|-heal|p2a: Clefable|71/100\n|\n|upkeep\n|turn|18\n|\n|t:|1695182979\n|move|p1a: Great Tusk|Earthquake|p2a: Clefable\n|-damage|p2a: Clefable|24/100\n|move|p2a: Clefable|Moonlight|p2a: Clefable\n|-heal|p2a: Clefable|74/100\n|\n|upkeep\n|turn|19\n|\n|t:|1695182991\n|move|p1a: Great Tusk|Earthquake|p2a: Clefable\n|-damage|p2a: Clefable|30/100\n|move|p2a: Clefable|Moonlight|p2a: Clefable\n|-heal|p2a: Clefable|80/100\n|\n|upkeep\n|turn|20\n|\n|t:|1695182999\n|move|p1a: Great Tusk|Earthquake|p2a: Clefable\n|-damage|p2a: Clefable|38/100\n|move|p2a: Clefable|Moonblast|p1a: Great Tusk\n|-damage|p1a: Great Tusk|2/100\n|\n|-heal|p1a: Great Tusk|8/100|[from] item: Leftovers\n|upkeep\n|turn|21\n|\n|t:|1695183008\n|move|p1a: Great Tusk|Earthquake|p2a: Clefable\n|-damage|p2a: Clefable|0 fnt\n|faint|p2a: Clefable\n|\n|-heal|p1a: Great Tusk|14/100|[from] item: Leftovers\n|upkeep\n|\n|t:|1695183010\n|switch|p2a: Roaring Moon|Roaring Moon|100/100\n|turn|22\n|\n|t:|1695183021\n|move|p2a: Roaring Moon|Knock Off|p1a: Great Tusk\n|-damage|p1a: Great Tusk|0 fnt\n|-enditem|p1a: Great Tusk|Leftovers|[from] move: Knock Off|[of] p2a: Roaring Moon\n|faint|p1a: Great Tusk\n|-end|p1a: Great Tusk|Protosynthesis|[silent]\n|\n|upkeep\n|inactive|wei1020 has 120 seconds left.\n|\n|t:|1695183046\n|switch|p1a: Toxapex|Toxapex, M|100/100\n|turn|23\n|inactive|okitsegg has 120 seconds left.\n|\n|t:|1695183079\n|-end|p2a: Roaring Moon|Protosynthesis|[silent]\n|switch|p2a: Slowking|Slowking, M|100/100\n|move|p1a: Toxapex|Toxic|p2a: Slowking\n|-status|p2a: Slowking|tox\n|\n|-damage|p2a: Slowking|94/100 tox|[from] psn\n|upkeep\n|turn|24\n|\n|t:|1695183088\n|move|p1a: Toxapex|Toxic Spikes|p2a: Slowking\n|-sidestart|p2: okitsegg|move: Toxic Spikes\n|move|p2a: Slowking|Future Sight|p1a: Toxapex\n|-start|p2a: Slowking|move: Future Sight\n|\n|-damage|p2a: Slowking|82/100 tox|[from] psn\n|upkeep\n|turn|25\n|\n|t:|1695183096\n|move|p1a: Toxapex|Toxic Spikes|p2a: Slowking\n|-sidestart|p2: okitsegg|move: Toxic Spikes\n|move|p2a: Slowking|Chilly Reception|p2a: Slowking\n|-weather|Snow\n|inactive|okitsegg has 120 seconds left.\n|\n|t:|1695183135\n|switch|p2a: Dragonite|Dragonite, M|87/100|[from] Chilly Reception\n|\n|-weather|Snow|[upkeep]\n|upkeep\n|turn|26\n|\n|t:|1695183147\n|switch|p1a: Ting-Lu|Ting-Lu|100/100\n|-ability|p1a: Ting-Lu|Vessel of Ruin\n|move|p2a: Dragonite|Hurricane|p1a: Ting-Lu\n|-crit|p1a: Ting-Lu\n|-damage|p1a: Ting-Lu|75/100\n|-start|p1a: Ting-Lu|confusion\n|\n|-weather|Snow|[upkeep]\n|-end|p1a: Ting-Lu|move: Future Sight\n|-immune|p1a: Ting-Lu\n|-heal|p1a: Ting-Lu|81/100|[from] item: Leftovers\n|upkeep\n|turn|27\n|inactive|okitsegg has 120 seconds left.\n|\n|t:|1695183163\n|move|p2a: Dragonite|Low Kick|p1a: Ting-Lu\n|-supereffective|p1a: Ting-Lu\n|-damage|p1a: Ting-Lu|42/100\n|-activate|p1a: Ting-Lu|confusion\n|-damage|p1a: Ting-Lu|36/100|[from] confusion\n|\n|-weather|Snow|[upkeep]\n|-heal|p1a: Ting-Lu|43/100|[from] item: Leftovers\n|upkeep\n|turn|28\n|inactive|okitsegg has 120 seconds left.\n|\n|t:|1695183176\n|switch|p1a: Toxapex|Toxapex, M|100/100\n|move|p2a: Dragonite|Low Kick|p1a: Toxapex\n|-resisted|p1a: Toxapex\n|-damage|p1a: Toxapex|97/100\n|-damage|p2a: Dragonite|70/100|[from] item: Rocky Helmet|[of] p1a: Toxapex\n|\n|-weather|Snow|[upkeep]\n|upkeep\n|turn|29\n|\n|t:|1695183186\n|move|p2a: Dragonite|Hurricane|p1a: Toxapex|[miss]\n|-miss|p2a: Dragonite|p1a: Toxapex\n|move|p1a: Toxapex|Toxic|p2a: Dragonite\n|-status|p2a: Dragonite|tox\n|\n|-weather|none\n|-damage|p2a: Dragonite|64/100 tox|[from] psn\n|upkeep\n|turn|30\n|\n|t:|1695183196\n|switch|p1a: Ting-Lu|Ting-Lu|43/100\n|-ability|p1a: Ting-Lu|Vessel of Ruin\n|move|p2a: Dragonite|Roost|p2a: Dragonite\n|-heal|p2a: Dragonite|100/100 tox\n|-singleturn|p2a: Dragonite|move: Roost\n|\n|-heal|p1a: Ting-Lu|49/100|[from] item: Leftovers\n|-damage|p2a: Dragonite|88/100 tox|[from] psn\n|upkeep\n|turn|31\n|inactive|okitsegg has 120 seconds left.\n|\n|t:|1695183222\n|move|p2a: Dragonite|Low Kick|p1a: Ting-Lu\n|-supereffective|p1a: Ting-Lu\n|-damage|p1a: Ting-Lu|13/100\n|move|p1a: Ting-Lu|Spikes|p2a: Dragonite\n|-sidestart|p2: okitsegg|Spikes\n|\n|-heal|p1a: Ting-Lu|19/100|[from] item: Leftovers\n|-damage|p2a: Dragonite|69/100 tox|[from] psn\n|upkeep\n|turn|32\n|inactive|okitsegg has 120 seconds left.\n|\n|t:|1695183232\n|switch|p2a: Slowking|Slowking, M|100/100 tox\n|switch|p1a: Toxapex|Toxapex, M|100/100\n|\n|-damage|p2a: Slowking|94/100 tox|[from] psn\n|upkeep\n|turn|33\n|inactive|okitsegg has 120 seconds left.\n|\n|t:|1695183247\n|switch|p1a: Roaring Moon|Roaring Moon|100/100\n|move|p2a: Slowking|Future Sight|p1a: Roaring Moon\n|-start|p2a: Slowking|move: Future Sight\n|\n|-damage|p2a: Slowking|82/100 tox|[from] psn\n|upkeep\n|turn|34\n|\n|t:|1695183254\n|-terastallize|p2a: Slowking|Fairy\n|move|p1a: Roaring Moon|Dragon Dance|p1a: Roaring Moon\n|-boost|p1a: Roaring Moon|atk|1\n|-boost|p1a: Roaring Moon|spe|1\n|move|p2a: Slowking|Chilly Reception|p2a: Slowking\n|-weather|Snow\n|\n|t:|1695183262\n|switch|p2a: Roaring Moon|Roaring Moon|100/100|[from] Chilly Reception\n|-status|p2a: Roaring Moon|tox\n|-damage|p2a: Roaring Moon|88/100 tox|[from] Spikes\n|\n|-weather|Snow|[upkeep]\n|-damage|p2a: Roaring Moon|82/100 tox|[from] psn\n|upkeep\n|turn|35\n|inactive|wei1020 has 120 seconds left.\n|\n|t:|1695183294\n|-end|p2a: Roaring Moon|Protosynthesis|[silent]\n|switch|p2a: Ting-Lu|Ting-Lu|100/100\n|-status|p2a: Ting-Lu|tox\n|-damage|p2a: Ting-Lu|88/100 tox|[from] Spikes\n|-ability|p2a: Ting-Lu|Vessel of Ruin\n|move|p1a: Roaring Moon|Knock Off|p2a: Ting-Lu\n|-resisted|p2a: Ting-Lu\n|-damage|p2a: Ting-Lu|63/100 tox\n|-enditem|p2a: Ting-Lu|Leftovers|[from] move: Knock Off|[of] p1a: Roaring Moon\n|\n|-weather|Snow|[upkeep]\n|-end|p1a: Roaring Moon|move: Future Sight\n|-immune|p1a: Roaring Moon\n|-damage|p2a: Ting-Lu|57/100 tox|[from] psn\n|upkeep\n|turn|36\n|inactive|wei1020 has 120 seconds left.\n|\n|t:|1695183317\n|move|p1a: Roaring Moon|Dragon Dance|p1a: Roaring Moon\n|-boost|p1a: Roaring Moon|atk|1\n|-boost|p1a: Roaring Moon|spe|1\n|move|p2a: Ting-Lu|Earthquake|p1a: Roaring Moon\n|-damage|p1a: Roaring Moon|52/100\n|\n|-weather|Snow|[upkeep]\n|-heal|p1a: Roaring Moon|59/100|[from] item: Leftovers\n|-damage|p2a: Ting-Lu|45/100 tox|[from] psn\n|upkeep\n|turn|37\n|inactive|wei1020 has 120 seconds left.\n|-message|okitsegg forfeited.\n|\n|win|wei1020\n|raw|wei1020's rating: 1570 &rarr; <strong>1585</strong><br />(+15 for winning)\n|raw|okitsegg's rating: 1479 &rarr; <strong>1464</strong><br />(-15 for losing)\n|l|\u2606okitsegg\n", "uploadtime": 1695183385, "views": 4, "p1id": "wei1020", "p2id": "okitsegg", "formatid": "gen9ou", "rating": 1464, "private": 0, "password": ""}