{"id": "gen9ou-1947541787", "p1": "TheIcingCreeper", "p2": "o0f_baxbby", "format": "gen9ou", "log": "|j|\u2606TheIcingCreeper\n|j|\u2606o0f_baxbby\n|t:|1695170829\n|gametype|singles\n|player|p1|TheIcingCreeper|valerie|\n|player|p2|o0f_baxbby|lusamine-nihilego|\n|teamsize|p1|6\n|teamsize|p2|6\n|gen|9\n|tier|[Gen 9] OU\n|rule|Sleep Clause Mod: Limit one foe put to sleep\n|rule|Species Clause: Limit one of each Pok\u00e9mon\n|rule|OHKO Clause: OHKO moves are banned\n|rule|Evasion Items Clause: Evasion items are banned\n|rule|Evasion Moves Clause: Evasion moves are banned\n|rule|Endless Battle Clause: Forcing endless battles is banned\n|rule|HP Percentage Mod: HP is shown in percentages\n|clearpoke\n|poke|p1|Wigglytuff, F|\n|poke|p1|Sinistcha|\n|poke|p1|Ceruledge, M|\n|poke|p1|Corviknight, M|\n|poke|p1|Dondozo, M|\n|poke|p1|Dragapult, M|\n|poke|p2|Ursaluna-Bloodmoon, M|\n|poke|p2|Ogerpon-Hearthflame, F|\n|poke|p2|Ninetales-Alola, M|\n|poke|p2|Iron Moth|\n|poke|p2|Dragapult, F|\n|poke|p2|Toxapex, F|\n|teampreview\n|inactive|Battle timer is ON: inactive players will automatically lose when time's up. (requested by TheIcingCreeper)\n|\n|t:|1695170839\n|start\n|switch|p1a: Drage|Dragapult, M|100/100\n|switch|p2a: Iron Moth|Iron Moth|100/100\n|-enditem|p2a: Iron Moth|Booster Energy\n|-activate|p2a: Iron Moth|ability: Quark Drive|[fromitem]\n|-start|p2a: Iron Moth|quarkdrivespe\n|turn|1\n|\n|t:|1695170852\n|switch|p1a: Mark|Ceruledge, M|100/100\n|move|p2a: Iron Moth|Fiery Dance|p1a: Mark\n|-start|p1a: Mark|ability: Flash Fire\n|\n|upkeep\n|turn|2\n|\n|t:|1695170860\n|move|p2a: Iron Moth|Toxic Spikes|p1a: Mark\n|-sidestart|p1: TheIcingCreeper|move: Toxic Spikes\n|move|p1a: Mark|Bitter Blade|p2a: Iron Moth\n|-resisted|p2a: Iron Moth\n|-crit|p2a: Iron Moth\n|-damage|p2a: Iron Moth|38/100\n|\n|upkeep\n|turn|3\n|\n|t:|1695170864\n|move|p2a: Iron Moth|Toxic Spikes|p1a: Mark\n|-sidestart|p1: TheIcingCreeper|move: Toxic Spikes\n|move|p1a: Mark|Bitter Blade|p2a: Iron Moth\n|-resisted|p2a: Iron Moth\n|-damage|p2a: Iron Moth|0 fnt\n|faint|p2a: Iron Moth\n|-end|p2a: Iron Moth|Quark Drive|[silent]\n|\n|upkeep\n|\n|t:|1695170868\n|switch|p2a: Ursaluna|Ursaluna-Bloodmoon, M|100/100\n|turn|4\n|\n|t:|1695170874\n|move|p1a: Mark|Bitter Blade|p2a: Ursaluna\n|-damage|p2a: Ursaluna|57/100\n|move|p2a: Ursaluna|Calm Mind|p2a: Ursaluna\n|-boost|p2a: Ursaluna|spa|1\n|-boost|p2a: Ursaluna|spd|1\n|\n|-heal|p2a: Ursaluna|63/100|[from] item: Leftovers\n|upkeep\n|turn|5\n|\n|t:|1695170883\n|move|p1a: Mark|Bitter Blade|p2a: Ursaluna\n|-damage|p2a: Ursaluna|12/100\n|move|p2a: Ursaluna|Blood Moon|p1a: Mark\n|-damage|p1a: Mark|0 fnt\n|faint|p1a: Mark\n|\n|-heal|p2a: Ursaluna|18/100|[from] item: Leftovers\n|upkeep\n|\n|t:|1695170887\n|switch|p1a: Peko|Corviknight, M|100/100\n|turn|6\n|\n|t:|1695170899\n|move|p1a: Peko|Body Press|p2a: Ursaluna\n|-supereffective|p2a: Ursaluna\n|-damage|p2a: Ursaluna|0 fnt\n|faint|p2a: Ursaluna\n|\n|upkeep\n|\n|t:|1695170903\n|switch|p2a: Ninetales|Ninetales-Alola, M, shiny|100/100\n|-weather|Snow|[from] ability: Snow Warning|[of] p2a: Ninetales\n|turn|7\n|\n|t:|1695170905\n|move|p2a: Ninetales|Aurora Veil|p2a: Ninetales\n|-sidestart|p2: o0f_baxbby|move: Aurora Veil\n|move|p1a: Peko|Defog|p2a: Ninetales\n|-unboost|p2a: Ninetales|evasion|1\n|-sideend|p2: o0f_baxbby|move: Aurora Veil\n|-sideend|p1: TheIcingCreeper|Toxic Spikes|[from] move: Defog|[of] p1a: Peko\n|\n|-weather|Snow|[upkeep]\n|upkeep\n|turn|8\n|\n|t:|1695170913\n|move|p2a: Ninetales|Aurora Veil|p2a: Ninetales\n|-sidestart|p2: o0f_baxbby|move: Aurora Veil\n|move|p1a: Peko|Defog|p2a: Ninetales\n|-unboost|p2a: Ninetales|evasion|1\n|-sideend|p2: o0f_baxbby|move: Aurora Veil\n|\n|-weather|Snow|[upkeep]\n|upkeep\n|turn|9\n|\n|t:|1695170916\n|move|p2a: Ninetales|Aurora Veil|p2a: Ninetales\n|-sidestart|p2: o0f_baxbby|move: Aurora Veil\n|move|p1a: Peko|Defog|p2a: Ninetales\n|-unboost|p2a: Ninetales|evasion|1\n|-sideend|p2: o0f_baxbby|move: Aurora Veil\n|\n|-weather|Snow|[upkeep]\n|upkeep\n|turn|10\n|\n|t:|1695170922\n|switch|p2a: Dragapult|Dragapult, F|100/100\n|switch|p1a: Masha|Sinistcha, shiny|100/100\n|\n|-weather|Snow|[upkeep]\n|-status|p1a: Masha|brn|[from] item: Flame Orb\n|upkeep\n|turn|11\n|\n|t:|1695170936\n|-terastallize|p1a: Masha|Normal\n|move|p2a: Dragapult|Shadow Ball|p1a: Masha\n|-immune|p1a: Masha\n|move|p1a: Masha|Calm Mind|p1a: Masha\n|-boost|p1a: Masha|spa|1\n|-boost|p1a: Masha|spd|1\n|\n|-weather|none\n|-damage|p1a: Masha|98/100 brn|[from] brn\n|upkeep\n|turn|12\n|\n|t:|1695170943\n|switch|p2a: Ninetales|Ninetales-Alola, M, shiny|100/100\n|-weather|Snow|[from] ability: Snow Warning|[of] p2a: Ninetales\n|move|p1a: Masha|Matcha Gotcha|p2a: Ninetales\n|-damage|p2a: Ninetales|50/100\n|-heal|p1a: Masha|100/100 brn|[from] drain|[of] p2a: Ninetales\n|\n|-weather|Snow|[upkeep]\n|-damage|p1a: Masha|98/100 brn|[from] brn\n|upkeep\n|turn|13\n|\n|t:|1695170950\n|move|p2a: Ninetales|Aurora Veil|p2a: Ninetales\n|-sidestart|p2: o0f_baxbby|move: Aurora Veil\n|move|p1a: Masha|Matcha Gotcha|p2a: Ninetales\n|-crit|p2a: Ninetales\n|-damage|p2a: Ninetales|0 fnt\n|-heal|p1a: Masha|100/100 brn|[from] drain|[of] p2a: Ninetales\n|faint|p2a: Ninetales\n|\n|-weather|Snow|[upkeep]\n|-damage|p1a: Masha|98/100 brn|[from] brn\n|upkeep\n|\n|t:|1695170957\n|switch|p2a: Ogerpon|Ogerpon-Hearthflame, F|100/100\n|-ability|p2a: Ogerpon|Mold Breaker\n|turn|14\n|\n|t:|1695170965\n|switch|p1a: Drage|Dragapult, M|100/100\n|-terastallize|p2a: Ogerpon|Fire\n|detailschange|p2a: Ogerpon|Ogerpon-Hearthflame-Tera, F, tera:Fire\n|-ability|p2a: Ogerpon|Embody Aspect (Hearthflame)|boost\n|-boost|p2a: Ogerpon|atk|1\n|move|p2a: Ogerpon|Ivy Cudgel|p1a: Drage\n|-resisted|p1a: Drage\n|-damage|p1a: Drage|22/100\n|\n|-weather|Snow|[upkeep]\n|upkeep\n|turn|15\n|\n|t:|1695170975\n|move|p1a: Drage|Hydro Pump|p2a: Ogerpon\n|-supereffective|p2a: Ogerpon\n|-damage|p2a: Ogerpon|0 fnt\n|faint|p2a: Ogerpon\n|\n|-weather|Snow|[upkeep]\n|upkeep\n|\n|t:|1695170980\n|switch|p2a: Toxapex|Toxapex, F|100/100\n|turn|16\n|\n|t:|1695170983\n|switch|p1a: Masha|Sinistcha, shiny, tera:Normal|98/100 brn\n|move|p2a: Toxapex|Toxic||[still]\n|-fail|p2a: Toxapex\n|\n|-weather|none\n|-damage|p1a: Masha|95/100 brn|[from] brn\n|upkeep\n|turn|17\n|\n|t:|1695170991\n|move|p1a: Masha|Matcha Gotcha|p2a: Toxapex\n|-damage|p2a: Toxapex|87/100\n|-heal|p1a: Masha|100/100 brn|[from] drain|[of] p2a: Toxapex\n|move|p2a: Toxapex|Surf|p1a: Masha\n|-damage|p1a: Masha|81/100 brn\n|\n|-heal|p2a: Toxapex|94/100|[from] item: Leftovers\n|-damage|p1a: Masha|78/100 brn|[from] brn\n|upkeep\n|turn|18\n|\n|t:|1695170995\n|move|p1a: Masha|Calm Mind|p1a: Masha\n|-boost|p1a: Masha|spa|1\n|-boost|p1a: Masha|spd|1\n|move|p2a: Toxapex|Surf|p1a: Masha\n|-damage|p1a: Masha|66/100 brn\n|\n|-heal|p2a: Toxapex|99/100|[from] item: Leftovers\n|-damage|p1a: Masha|63/100 brn|[from] brn\n|upkeep\n|turn|19\n|\n|t:|1695170999\n|move|p1a: Masha|Matcha Gotcha|p2a: Toxapex\n|-damage|p2a: Toxapex|81/100\n|-heal|p1a: Masha|71/100 brn|[from] drain|[of] p2a: Toxapex\n|move|p2a: Toxapex|Surf|p1a: Masha\n|-damage|p1a: Masha|57/100 brn\n|\n|-heal|p2a: Toxapex|87/100|[from] item: Leftovers\n|-damage|p1a: Masha|54/100 brn|[from] brn\n|upkeep\n|turn|20\n|\n|t:|1695171004\n|move|p1a: Masha|Strength Sap|p2a: Toxapex\n|-unboost|p2a: Toxapex|atk|1\n|-heal|p1a: Masha|88/100 brn\n|move|p2a: Toxapex|Haze|p2a: Toxapex\n|-clearallboost\n|\n|-heal|p2a: Toxapex|94/100|[from] item: Leftovers\n|-damage|p1a: Masha|86/100 brn|[from] brn\n|-sideend|p2: o0f_baxbby|move: Aurora Veil\n|upkeep\n|turn|21\n|\n|t:|1695171010\n|move|p1a: Masha|Calm Mind|p1a: Masha\n|-boost|p1a: Masha|spa|1\n|-boost|p1a: Masha|spd|1\n|move|p2a: Toxapex|Surf|p1a: Masha\n|-damage|p1a: Masha|73/100 brn\n|\n|-heal|p2a: Toxapex|99/100|[from] item: Leftovers\n|-damage|p1a: Masha|70/100 brn|[from] brn\n|upkeep\n|turn|22\n|\n|t:|1695171015\n|move|p1a: Masha|Matcha Gotcha|p2a: Toxapex\n|-damage|p2a: Toxapex|64/100\n|-heal|p1a: Masha|86/100 brn|[from] drain|[of] p2a: Toxapex\n|move|p2a: Toxapex|Haze|p2a: Toxapex\n|-clearallboost\n|\n|-heal|p2a: Toxapex|70/100|[from] item: Leftovers\n|-damage|p1a: Masha|83/100 brn|[from] brn\n|upkeep\n|turn|23\n|\n|t:|1695171020\n|switch|p2a: Dragapult|Dragapult, F|100/100\n|move|p1a: Masha|Calm Mind|p1a: Masha\n|-boost|p1a: Masha|spa|1\n|-boost|p1a: Masha|spd|1\n|\n|-damage|p1a: Masha|80/100 brn|[from] brn\n|upkeep\n|turn|24\n|\n|t:|1695171026\n|move|p2a: Dragapult|Draco Meteor|p1a: Masha\n|-damage|p1a: Masha|18/100 brn\n|-unboost|p2a: Dragapult|spa|2\n|move|p1a: Masha|Shadow Ball|p2a: Dragapult\n|-supereffective|p2a: Dragapult\n|-crit|p2a: Dragapult\n|-damage|p2a: Dragapult|0 fnt\n|faint|p2a: Dragapult\n|\n|-damage|p1a: Masha|15/100 brn|[from] brn\n|upkeep\n|\n|t:|1695171030\n|switch|p2a: Toxapex|Toxapex, F|100/100\n|turn|25\n|\n|t:|1695171033\n|switch|p1a: Icing|Wigglytuff, F|100/100\n|move|p2a: Toxapex|Surf|p1a: Icing\n|-damage|p1a: Icing|83/100\n|\n|-heal|p1a: Icing|89/100|[from] item: Leftovers\n|upkeep\n|turn|26\n|-message|o0f_baxbby forfeited.\n|\n|win|TheIcingCreeper\n|l|\u2606o0f_baxbby\n", "uploadtime": 1695171041, "views": 1, "p1id": "theicingcreeper", "p2id": "o0fbaxbby", "formatid": "gen9ou", "rating": 0, "private": 0, "password": ""}