{"id": "gen9ou-1947601039", "p1": "LandotheRandoPando", "p2": "Spenny69", "format": "gen9ou", "log": "|j|\u2606LandotheRandoPando\n|j|\u2606Spenny69\n|t:|1695176669\n|gametype|singles\n|player|p1|LandotheRandoPando|hoopster|1435\n|player|p2|Spenny69|170|1385\n|teamsize|p1|6\n|teamsize|p2|6\n|gen|9\n|tier|[Gen 9] OU\n|rated|\n|rule|Sleep Clause Mod: Limit one foe put to sleep\n|rule|Species Clause: Limit one of each Pok\u00e9mon\n|rule|OHKO Clause: OHKO moves are banned\n|rule|Evasion Items Clause: Evasion items are banned\n|rule|Evasion Moves Clause: Evasion moves are banned\n|rule|Endless Battle Clause: Forcing endless battles is banned\n|rule|HP Percentage Mod: HP is shown in percentages\n|clearpoke\n|poke|p1|Indeedee, M|\n|poke|p1|Sneasler, F|\n|poke|p1|Maushold-Four|\n|poke|p1|Weavile, F|\n|poke|p1|Polteageist-Antique|\n|poke|p1|Zapdos-Galar|\n|poke|p2|Ogerpon-Wellspring, F|\n|poke|p2|Gholdengo|\n|poke|p2|Kingambit, F|\n|poke|p2|Glimmora, F|\n|poke|p2|Iron Moth|\n|poke|p2|Iron Valiant|\n|teampreview\n|inactive|Battle timer is ON: inactive players will automatically lose when time's up. (requested by Spenny69)\n|\n|t:|1695176710\n|start\n|switch|p1a: Weavile|Weavile, F|100/100\n|switch|p2a: Glimmora|Glimmora, F|100/100\n|turn|1\n|\n|t:|1695176715\n|move|p1a: Weavile|Swords Dance|p1a: Weavile\n|-boost|p1a: Weavile|atk|2\n|move|p2a: Glimmora|Stealth Rock|p1a: Weavile\n|-sidestart|p1: LandotheRandoPando|move: Stealth Rock\n|\n|upkeep\n|turn|2\n|\n|t:|1695176718\n|move|p1a: Weavile|Beat Up|p2a: Glimmora\n|-damage|p2a: Glimmora|80/100\n|-activate|p2a: Glimmora|ability: Toxic Debris\n|-sidestart|p1: LandotheRandoPando|move: Toxic Spikes\n|-damage|p2a: Glimmora|59/100\n|-activate|p2a: Glimmora|ability: Toxic Debris\n|-sidestart|p1: LandotheRandoPando|move: Toxic Spikes\n|-damage|p2a: Glimmora|43/100\n|-damage|p2a: Glimmora|30/100\n|-damage|p2a: Glimmora|17/100\n|-crit|p2a: Glimmora\n|-damage|p2a: Glimmora|0 fnt\n|faint|p2a: Glimmora\n|-hitcount|p2: Glimmora|6\n|\n|upkeep\n|\n|t:|1695176723\n|switch|p2a: Iron Valiant|Iron Valiant|100/100\n|-enditem|p2a: Iron Valiant|Booster Energy\n|-activate|p2a: Iron Valiant|ability: Quark Drive|[fromitem]\n|-start|p2a: Iron Valiant|quarkdrivespe\n|turn|3\n|\n|t:|1695176728\n|move|p2a: Iron Valiant|Moonblast|p1a: Weavile\n|-supereffective|p1a: Weavile\n|-enditem|p1a: Weavile|Focus Sash\n|-damage|p1a: Weavile|1/100\n|move|p1a: Weavile|Icicle Crash|p2a: Iron Valiant\n|-damage|p2a: Iron Valiant|0 fnt\n|faint|p2a: Iron Valiant\n|-end|p2a: Iron Valiant|Quark Drive|[silent]\n|\n|upkeep\n|\n|t:|1695176734\n|switch|p2a: Iron Moth|Iron Moth|100/100\n|-enditem|p2a: Iron Moth|Booster Energy\n|-activate|p2a: Iron Moth|ability: Quark Drive|[fromitem]\n|-start|p2a: Iron Moth|quarkdrivespe\n|turn|4\n|\n|t:|1695176737\n|move|p2a: Iron Moth|Fiery Dance|p1a: Weavile\n|-supereffective|p1a: Weavile\n|-damage|p1a: Weavile|0 fnt\n|-boost|p2a: Iron Moth|spa|1\n|faint|p1a: Weavile\n|\n|upkeep\n|\n|t:|1695176744\n|switch|p1a: Indeedee|Indeedee, M|100/100\n|-damage|p1a: Indeedee|88/100|[from] Stealth Rock\n|-status|p1a: Indeedee|tox\n|-fieldstart|move: Psychic Terrain|[from] ability: Psychic Surge|[of] p1a: Indeedee\n|turn|5\n|\n|t:|1695176750\n|-terastallize|p2a: Iron Moth|Fairy\n|move|p2a: Iron Moth|Fiery Dance|p1a: Indeedee\n|-damage|p1a: Indeedee|5/100 tox\n|-boost|p2a: Iron Moth|spa|1\n|move|p1a: Indeedee|Psychic|p2a: Iron Moth\n|-damage|p2a: Iron Moth|44/100\n|\n|-damage|p1a: Indeedee|0 fnt|[from] psn\n|faint|p1a: Indeedee\n|upkeep\n|\n|t:|1695176757\n|switch|p1a: Sneasler|Sneasler, F|100/100\n|-damage|p1a: Sneasler|95/100|[from] Stealth Rock\n|-sideend|p1: LandotheRandoPando|move: Toxic Spikes|[of] p1a: Sneasler\n|-enditem|p1a: Sneasler|Psychic Seed\n|-boost|p1a: Sneasler|spd|1|[from] item: Psychic Seed\n|turn|6\n|\n|t:|1695176767\n|move|p1a: Sneasler|Dire Claw|p2a: Iron Moth\n|-supereffective|p2a: Iron Moth\n|-damage|p2a: Iron Moth|0 fnt\n|faint|p2a: Iron Moth\n|-end|p2a: Iron Moth|Quark Drive|[silent]\n|\n|upkeep\n|\n|t:|1695176773\n|switch|p2a: Gholdengo|Gholdengo|100/100\n|-item|p2a: Gholdengo|Air Balloon\n|turn|7\n|\n|t:|1695176782\n|move|p1a: Sneasler|Swords Dance|p1a: Sneasler\n|-boost|p1a: Sneasler|atk|2\n|move|p2a: Gholdengo|Make It Rain|p1a: Sneasler\n|-damage|p1a: Sneasler|39/100\n|-unboost|p2a: Gholdengo|spa|1\n|\n|upkeep\n|turn|8\n|\n|t:|1695176785\n|move|p1a: Sneasler|Shadow Claw|p2a: Gholdengo\n|-supereffective|p2a: Gholdengo\n|-damage|p2a: Gholdengo|0 fnt\n|-enditem|p2a: Gholdengo|Air Balloon\n|faint|p2a: Gholdengo\n|\n|upkeep\n|\n|t:|1695176788\n|switch|p2a: Kingambit|Kingambit, F|100/100\n|-activate|p2a: Kingambit|ability: Supreme Overlord\n|-start|p2a: Kingambit|fallen4|[silent]\n|turn|9\n|\n|t:|1695176791\n|move|p2a: Kingambit|Sucker Punch|p1a: Sneasler\n|-activate|p1a: Sneasler|move: Psychic Terrain\n|move|p1a: Sneasler|Close Combat|p2a: Kingambit\n|-supereffective|p2a: Kingambit\n|-damage|p2a: Kingambit|0 fnt\n|-unboost|p1a: Sneasler|def|1\n|-unboost|p1a: Sneasler|spd|1\n|faint|p2a: Kingambit\n|-end|p2a: Kingambit|fallen4|[silent]\n|\n|upkeep\n|-message|Spenny69 forfeited.\n|\n|win|LandotheRandoPando\n|raw|LandotheRandoPando's rating: 1435 &rarr; <strong>1452</strong><br />(+17 for winning)\n|raw|Spenny69's rating: 1385 &rarr; <strong>1368</strong><br />(-17 for losing)\n|l|\u2606Spenny69\n", "uploadtime": 1695176816, "views": 2, "p1id": "landotherandopando", "p2id": "spenny69", "formatid": "gen9ou", "rating": 1368, "private": 0, "password": ""}