{"id": "gen9ou-1947583526", "p1": "Vegetable Stoup", "p2": "singx7ds", "format": "gen9ou", "log": "|j|\u2606Vegetable Stoup\n|j|\u2606singx7ds\n|t:|1695174865\n|gametype|singles\n|player|p1|Vegetable Stoup|102|1340\n|player|p2|singx7ds|mela|1389\n|teamsize|p1|6\n|teamsize|p2|6\n|gen|9\n|tier|[Gen 9] OU\n|rated|\n|rule|Sleep Clause Mod: Limit one foe put to sleep\n|rule|Species Clause: Limit one of each Pok\u00e9mon\n|rule|OHKO Clause: OHKO moves are banned\n|rule|Evasion Items Clause: Evasion items are banned\n|rule|Evasion Moves Clause: Evasion moves are banned\n|rule|Endless Battle Clause: Forcing endless battles is banned\n|rule|HP Percentage Mod: HP is shown in percentages\n|clearpoke\n|poke|p1|Sandslash-Alola, F|\n|poke|p1|Mamoswine, F|\n|poke|p1|Cetitan, F|\n|poke|p1|Weavile, M|\n|poke|p1|Cryogonal|\n|poke|p1|Ninetales-Alola, F|\n|poke|p2|Ursaluna-Bloodmoon, M|\n|poke|p2|Mimikyu, F|\n|poke|p2|Cresselia, F|\n|poke|p2|Enamorus-Therian, F|\n|poke|p2|Hatterene, F|\n|poke|p2|Crawdaunt, M|\n|teampreview\n|inactive|Battle timer is ON: inactive players will automatically lose when time's up. (requested by Vegetable Stoup)\n|inactive|Vegetable Stoup has 120 seconds left.\n|\n|t:|1695174903\n|start\n|switch|p1a: Sandslash|Sandslash-Alola, F|100/100\n|switch|p2a: Ursaluna|Ursaluna-Bloodmoon, M|100/100\n|turn|1\n|inactive|Vegetable Stoup has 120 seconds left.\n|\n|t:|1695174934\n|switch|p2a: Cresselia|Cresselia, F|100/100\n|-terastallize|p1a: Sandslash|Ground\n|move|p1a: Sandslash|Ice Spinner|p2a: Cresselia\n|-damage|p2a: Cresselia|72/100\n|\n|upkeep\n|turn|2\n|inactive|Vegetable Stoup has 120 seconds left.\n|inactive|singx7ds has 120 seconds left.\n|\n|t:|1695174967\n|switch|p1a: Cetitan|Cetitan, F|100/100\n|move|p2a: Cresselia|Trick Room|p2a: Cresselia\n|-fieldstart|move: Trick Room|[of] p2a: Cresselia\n|\n|upkeep\n|turn|3\n|\n|t:|1695174975\n|move|p2a: Cresselia|Lunar Dance|p2a: Cresselia\n|faint|p2a: Cresselia\n|move|p1a: Cetitan|Belly Drum|p1a: Cetitan\n|-damage|p1a: Cetitan|51/100\n|-setboost|p1a: Cetitan|atk|6|[from] move: Belly Drum\n|\n|upkeep\n|\n|t:|1695174983\n|switch|p2a: Crawdaunt|Crawdaunt, M|100/100\n|turn|4\n|inactive|Vegetable Stoup has 120 seconds left.\n|\n|t:|1695175001\n|move|p1a: Cetitan|Ice Shard|p2a: Crawdaunt\n|-resisted|p2a: Crawdaunt\n|-damage|p2a: Crawdaunt|41/100\n|move|p2a: Crawdaunt|Knock Off|p1a: Cetitan\n|-damage|p1a: Cetitan|0 fnt\n|-enditem|p1a: Cetitan|Sitrus Berry|[from] move: Knock Off|[of] p2a: Crawdaunt\n|faint|p1a: Cetitan\n|-damage|p2a: Crawdaunt|31/100|[from] item: Life Orb\n|\n|upkeep\n|inactive|Vegetable Stoup has 90 seconds left.\n|\n|t:|1695175053\n|switch|p1a: Ninetales|Ninetales-Alola, F|100/100\n|-weather|Snow|[from] ability: Snow Warning|[of] p1a: Ninetales\n|turn|5\n|\n|t:|1695175079\n|move|p2a: Crawdaunt|Crabhammer|p1a: Ninetales|[miss]\n|-miss|p2a: Crawdaunt|p1a: Ninetales\n|move|p1a: Ninetales|Aurora Veil|p1a: Ninetales\n|-sidestart|p1: Vegetable Stoup|move: Aurora Veil\n|\n|-weather|Snow|[upkeep]\n|upkeep\n|turn|6\n|\n|t:|1695175092\n|move|p2a: Crawdaunt|Crabhammer|p1a: Ninetales\n|-damage|p1a: Ninetales|64/100\n|-damage|p2a: Crawdaunt|21/100|[from] item: Life Orb\n|move|p1a: Ninetales|Freeze-Dry|p2a: Crawdaunt\n|-supereffective|p2a: Crawdaunt\n|-damage|p2a: Crawdaunt|0 fnt\n|faint|p2a: Crawdaunt\n|\n|-weather|Snow|[upkeep]\n|-fieldend|move: Trick Room\n|upkeep\n|\n|t:|1695175103\n|switch|p2a: Mimikyu|Mimikyu, F|100/100\n|turn|7\n|inactive|Vegetable Stoup has 90 seconds left.\n|\n|t:|1695175113\n|move|p1a: Ninetales|Freeze-Dry|p2a: Mimikyu\n|-activate|p2a: Mimikyu|ability: Disguise\n|-damage|p2a: Mimikyu|100/100\n|detailschange|p2a: Mimikyu|Mimikyu-Busted, F\n|-damage|p2a: Mimikyu|88/100|[from] pokemon: Mimikyu-Busted\n|-enditem|p2a: Mimikyu|Red Card|[of] p1a: Ninetales\n|drag|p1a: Sandslash|Sandslash-Alola, F, tera:Ground|100/100\n|move|p2a: Mimikyu|Trick Room|p2a: Mimikyu\n|-fieldstart|move: Trick Room|[of] p2a: Mimikyu\n|\n|-weather|Snow|[upkeep]\n|upkeep\n|turn|8\n|inactive|Vegetable Stoup has 90 seconds left.\n|\n|t:|1695175141\n|move|p2a: Mimikyu|Destiny Bond|p2a: Mimikyu\n|-singlemove|p2a: Mimikyu|Destiny Bond\n|move|p1a: Sandslash|Iron Head|p2a: Mimikyu\n|-supereffective|p2a: Mimikyu\n|-damage|p2a: Mimikyu|0 fnt\n|faint|p2a: Mimikyu\n|-activate|p2a: Mimikyu|move: Destiny Bond\n|faint|p1a: Sandslash\n|\n|-weather|Snow|[upkeep]\n|upkeep\n|inactive|singx7ds has 120 seconds left.\n|\n|t:|1695175177\n|switch|p2a: Ursaluna|Ursaluna-Bloodmoon, M|100/100\n|switch|p1a: Mamoswine|Mamoswine, F|100/100\n|turn|9\n|inactive|singx7ds has 120 seconds left.\n|\n|t:|1695175184\n|-terastallize|p2a: Ursaluna|Normal\n|move|p2a: Ursaluna|Hyper Voice|p1a: Mamoswine\n|-damage|p1a: Mamoswine|37/100\n|-damage|p2a: Ursaluna|90/100|[from] item: Life Orb\n|move|p1a: Mamoswine|Avalanche|p2a: Ursaluna\n|-damage|p2a: Ursaluna|40/100\n|\n|-weather|Snow|[upkeep]\n|-heal|p1a: Mamoswine|43/100|[from] item: Leftovers\n|-sideend|p1: Vegetable Stoup|move: Aurora Veil\n|upkeep\n|turn|10\n|\n|t:|1695175203\n|move|p1a: Mamoswine|Ice Shard|p2a: Ursaluna\n|-damage|p2a: Ursaluna|24/100\n|move|p2a: Ursaluna|Hyper Voice|p1a: Mamoswine\n|-damage|p1a: Mamoswine|0 fnt\n|faint|p1a: Mamoswine\n|-damage|p2a: Ursaluna|14/100|[from] item: Life Orb\n|\n|-weather|Snow|[upkeep]\n|upkeep\n|inactive|Vegetable Stoup has 60 seconds left.\n|\n|t:|1695175235\n|switch|p1a: Ninetales|Ninetales-Alola, F|64/100\n|turn|11\n|inactive|singx7ds has 120 seconds left.\n|\n|t:|1695175258\n|move|p2a: Ursaluna|Blood Moon|p1a: Ninetales\n|-damage|p1a: Ninetales|0 fnt\n|faint|p1a: Ninetales\n|-damage|p2a: Ursaluna|4/100|[from] item: Life Orb\n|\n|-weather|Snow|[upkeep]\n|-fieldend|move: Trick Room\n|upkeep\n|inactive|Vegetable Stoup has 30 seconds left.\n|inactive|Vegetable Stoup has 20 seconds left.\n|inactive|Vegetable Stoup has 15 seconds left.\n|\n|t:|1695175291\n|switch|p1a: Weavile|Weavile, M|100/100\n|turn|12\n|inactive|Vegetable Stoup has 25 seconds left this turn.\n|\n|t:|1695175298\n|switch|p2a: Enamorus|Enamorus-Therian, F|100/100\n|move|p1a: Weavile|Knock Off|p2a: Enamorus\n|-resisted|p2a: Enamorus\n|-damage|p2a: Enamorus|77/100\n|-enditem|p2a: Enamorus|Leftovers|[from] move: Knock Off|[of] p1a: Weavile\n|\n|-weather|none\n|upkeep\n|turn|13\n|inactive|Vegetable Stoup has 30 seconds left.\n|\n|t:|1695175312\n|move|p1a: Weavile|Icicle Crash|p2a: Enamorus|[miss]\n|-miss|p1a: Weavile|p2a: Enamorus\n|move|p2a: Enamorus|Draining Kiss|p1a: Weavile\n|-supereffective|p1a: Weavile\n|-damage|p1a: Weavile|23/100\n|-heal|p2a: Enamorus|100/100|[from] drain|[of] p1a: Weavile\n|\n|upkeep\n|turn|14\n|inactive|Vegetable Stoup has 30 seconds left.\n|\n|t:|1695175324\n|move|p1a: Weavile|Icicle Crash|p2a: Enamorus\n|-supereffective|p2a: Enamorus\n|-damage|p2a: Enamorus|10/100\n|move|p2a: Enamorus|Draining Kiss|p1a: Weavile\n|-supereffective|p1a: Weavile\n|-damage|p1a: Weavile|0 fnt\n|-heal|p2a: Enamorus|24/100|[from] drain|[of] p1a: Weavile\n|faint|p1a: Weavile\n|\n|upkeep\n|inactive|Vegetable Stoup has 30 seconds left this turn.\n|inactive|Vegetable Stoup has 20 seconds left.\n|inactive|Vegetable Stoup has 15 seconds left.\n|\n|t:|1695175340\n|switch|p1a: Cryogonal|Cryogonal|100/100\n|turn|15\n|inactive|Vegetable Stoup has 25 seconds left this turn.\n|inactive|Vegetable Stoup has 20 seconds left.\n|\n|t:|1695175347\n|move|p1a: Cryogonal|Blizzard|p2a: Enamorus|[miss]\n|-miss|p1a: Cryogonal|p2a: Enamorus\n|move|p2a: Enamorus|Earth Power|p1a: Cryogonal\n|-immune|p1a: Cryogonal|[from] ability: Levitate\n|\n|upkeep\n|turn|16\n|inactive|Vegetable Stoup has 30 seconds left this turn.\n|\n|t:|1695175355\n|move|p1a: Cryogonal|Blizzard|p2a: Enamorus|[miss]\n|-miss|p1a: Cryogonal|p2a: Enamorus\n|move|p2a: Enamorus|Draining Kiss|p1a: Cryogonal\n|-damage|p1a: Cryogonal|77/100\n|-heal|p2a: Enamorus|41/100|[from] drain|[of] p1a: Cryogonal\n|\n|upkeep\n|turn|17\n|\n|t:|1695175361\n|move|p1a: Cryogonal|Blizzard|p2a: Enamorus\n|-supereffective|p2a: Enamorus\n|-damage|p2a: Enamorus|0 fnt\n|faint|p2a: Enamorus\n|\n|upkeep\n|\n|t:|1695175365\n|switch|p2a: Hatterene|Hatterene, F|100/100\n|turn|18\n|\n|t:|1695175372\n|move|p1a: Cryogonal|Blizzard|p2a: Hatterene|[miss]\n|-miss|p1a: Cryogonal|p2a: Hatterene\n|move|p2a: Hatterene|Mystical Fire|p1a: Cryogonal\n|-supereffective|p1a: Cryogonal\n|-damage|p1a: Cryogonal|37/100\n|-unboost|p1a: Cryogonal|spa|1\n|\n|upkeep\n|turn|19\n|\n|t:|1695175378\n|move|p1a: Cryogonal|Blizzard|p2a: Hatterene|[miss]\n|-miss|p1a: Cryogonal|p2a: Hatterene\n|move|p2a: Hatterene|Mystical Fire|p1a: Cryogonal\n|-supereffective|p1a: Cryogonal\n|-damage|p1a: Cryogonal|0 fnt\n|faint|p1a: Cryogonal\n|\n|win|singx7ds\n|raw|Vegetable Stoup's rating: 1340 &rarr; <strong>1323</strong><br />(-17 for losing)\n|raw|singx7ds's rating: 1389 &rarr; <strong>1406</strong><br />(+17 for winning)\n|c|\u2606singx7ds|sry\n", "uploadtime": 1695175387, "views": 1, "p1id": "vegetablestoup", "p2id": "singx7ds", "formatid": "gen9ou", "rating": 1323, "private": 0, "password": ""}