{"id": "gen9ou-1947653455", "p1": "PaperCabinet2916", "p2": "oriiiino", "format": "gen9ou", "log": "|j|\u2606PaperCabinet2916\n|j|\u2606oriiiino\n|t:|1695182442\n|gametype|singles\n|player|p1|PaperCabinet2916|ingo|1191\n|player|p2|oriiiino|265|1248\n|teamsize|p1|6\n|teamsize|p2|6\n|gen|9\n|tier|[Gen 9] OU\n|rated|\n|rule|Sleep Clause Mod: Limit one foe put to sleep\n|rule|Species Clause: Limit one of each Pok\u00e9mon\n|rule|OHKO Clause: OHKO moves are banned\n|rule|Evasion Items Clause: Evasion items are banned\n|rule|Evasion Moves Clause: Evasion moves are banned\n|rule|Endless Battle Clause: Forcing endless battles is banned\n|rule|HP Percentage Mod: HP is shown in percentages\n|clearpoke\n|poke|p1|Kingambit, F|\n|poke|p1|Ribombee, M|\n|poke|p1|Mamoswine, F|\n|poke|p1|Gholdengo|\n|poke|p1|Walking Wake|\n|poke|p1|Zapdos|\n|poke|p2|Ogerpon-Hearthflame, F|\n|poke|p2|Great Tusk|\n|poke|p2|Scream Tail|\n|poke|p2|Walking Wake|\n|poke|p2|Torkoal, M|\n|poke|p2|Sandy Shocks|\n|teampreview\n|inactive|Battle timer is ON: inactive players will automatically lose when time's up. (requested by PaperCabinet2916)\n|\n|t:|1695182536\n|start\n|switch|p1a: Ribombee|Ribombee, M|100/100\n|switch|p2a: Scream Tail|Scream Tail|100/100\n|turn|1\n|\n|t:|1695182543\n|-end|p2a: Scream Tail|Protosynthesis|[silent]\n|switch|p2a: Torkoal|Torkoal, M|100/100\n|-weather|SunnyDay|[from] ability: Drought|[of] p2a: Torkoal\n|move|p1a: Ribombee|Sticky Web|p2a: Torkoal\n|-sidestart|p2: oriiiino|move: Sticky Web\n|\n|-weather|SunnyDay|[upkeep]\n|upkeep\n|turn|2\n|\n|t:|1695182553\n|switch|p1a: Walking Wake|Walking Wake|100/100\n|-activate|p1a: Walking Wake|ability: Protosynthesis\n|-start|p1a: Walking Wake|protosynthesisspa\n|move|p2a: Torkoal|Lava Plume|p1a: Walking Wake\n|-resisted|p1a: Walking Wake\n|-damage|p1a: Walking Wake|90/100\n|\n|-weather|SunnyDay|[upkeep]\n|upkeep\n|turn|3\n|\n|t:|1695182562\n|switch|p2a: Scream Tail|Scream Tail|100/100\n|-activate|p2a: Scream Tail|move: Sticky Web\n|-unboost|p2a: Scream Tail|spe|1\n|-activate|p2a: Scream Tail|ability: Protosynthesis\n|-start|p2a: Scream Tail|protosynthesisspd\n|move|p1a: Walking Wake|Hydro Steam|p2a: Scream Tail\n|-damage|p2a: Scream Tail|45/100\n|\n|-weather|SunnyDay|[upkeep]\n|-heal|p2a: Scream Tail|51/100|[from] item: Leftovers\n|upkeep\n|turn|4\n|\n|t:|1695182573\n|move|p2a: Scream Tail|Protect|p2a: Scream Tail\n|-singleturn|p2a: Scream Tail|Protect\n|move|p1a: Walking Wake|Hydro Steam|p2a: Scream Tail\n|-activate|p2a: Scream Tail|move: Protect\n|\n|-weather|SunnyDay|[upkeep]\n|-heal|p2a: Scream Tail|58/100|[from] item: Leftovers\n|upkeep\n|turn|5\n|\n|t:|1695182581\n|-end|p2a: Scream Tail|Protosynthesis|[silent]\n|switch|p2a: Walking Wake|Walking Wake|100/100\n|-activate|p2a: Walking Wake|move: Sticky Web\n|-unboost|p2a: Walking Wake|spe|1\n|-activate|p2a: Walking Wake|ability: Protosynthesis\n|-start|p2a: Walking Wake|protosynthesisspa\n|move|p1a: Walking Wake|Hydro Steam|p2a: Walking Wake\n|-resisted|p2a: Walking Wake\n|-damage|p2a: Walking Wake|64/100\n|\n|-weather|SunnyDay|[upkeep]\n|upkeep\n|turn|6\n|\n|t:|1695182596\n|-end|p1a: Walking Wake|Protosynthesis|[silent]\n|switch|p1a: Ribombee|Ribombee, M|100/100\n|move|p2a: Walking Wake|Flip Turn|p1a: Ribombee\n|-damage|p1a: Ribombee|84/100\n|\n|t:|1695182601\n|-end|p2a: Walking Wake|Protosynthesis|[silent]\n|switch|p2a: Torkoal|Torkoal, M|100/100|[from] Flip Turn\n|-activate|p2a: Torkoal|move: Sticky Web\n|-unboost|p2a: Torkoal|spe|1\n|\n|-weather|SunnyDay|[upkeep]\n|upkeep\n|turn|7\n|\n|t:|1695182610\n|move|p1a: Ribombee|U-turn|p2a: Torkoal\n|-resisted|p2a: Torkoal\n|-crit|p2a: Torkoal\n|-damage|p2a: Torkoal|94/100\n|\n|t:|1695182615\n|switch|p1a: Walking Wake|Walking Wake|90/100|[from] U-turn\n|-activate|p1a: Walking Wake|ability: Protosynthesis\n|-start|p1a: Walking Wake|protosynthesisspa\n|move|p2a: Torkoal|Yawn|p1a: Walking Wake\n|-start|p1a: Walking Wake|move: Yawn|[of] p2a: Torkoal\n|\n|-weather|SunnyDay|[upkeep]\n|upkeep\n|turn|8\n|\n|t:|1695182623\n|move|p1a: Walking Wake|Flip Turn|p2a: Torkoal\n|-supereffective|p2a: Torkoal\n|-damage|p2a: Torkoal|87/100\n|\n|t:|1695182630\n|-end|p1a: Walking Wake|Protosynthesis|[silent]\n|switch|p1a: Zapdos|Zapdos|100/100|[from] Flip Turn\n|move|p2a: Torkoal|Rapid Spin|p1a: Zapdos\n|-damage|p1a: Zapdos|87/100\n|-boost|p2a: Torkoal|spe|1\n|-sideend|p2: oriiiino|Sticky Web|[from] move: Rapid Spin|[of] p2a: Torkoal\n|\n|-weather|none\n|upkeep\n|turn|9\n|\n|t:|1695182639\n|move|p1a: Zapdos|Substitute|p1a: Zapdos\n|-start|p1a: Zapdos|Substitute\n|-damage|p1a: Zapdos|62/100\n|move|p2a: Torkoal|Stealth Rock|p1a: Zapdos\n|-sidestart|p1: PaperCabinet2916|move: Stealth Rock\n|\n|upkeep\n|turn|10\n|\n|t:|1695182645\n|switch|p2a: Scream Tail|Scream Tail|58/100\n|move|p1a: Zapdos|Thunderbolt|p2a: Scream Tail\n|-damage|p2a: Scream Tail|29/100\n|\n|-heal|p2a: Scream Tail|36/100|[from] item: Leftovers\n|upkeep\n|turn|11\n|\n|t:|1695182654\n|move|p2a: Scream Tail|Protect|p2a: Scream Tail\n|-singleturn|p2a: Scream Tail|Protect\n|move|p1a: Zapdos|Hurricane|p2a: Scream Tail\n|-activate|p2a: Scream Tail|move: Protect\n|\n|-heal|p2a: Scream Tail|42/100|[from] item: Leftovers\n|upkeep\n|turn|12\n|\n|t:|1695182663\n|move|p1a: Zapdos|Hurricane|p2a: Scream Tail\n|-damage|p2a: Scream Tail|9/100\n|move|p2a: Scream Tail|Wish|p2a: Scream Tail\n|\n|-heal|p2a: Scream Tail|15/100|[from] item: Leftovers\n|upkeep\n|turn|13\n|\n|t:|1695182670\n|move|p2a: Scream Tail|Protect|p2a: Scream Tail\n|-singleturn|p2a: Scream Tail|Protect\n|move|p1a: Zapdos|Volt Switch|p2a: Scream Tail\n|-activate|p2a: Scream Tail|move: Protect\n|\n|-heal|p2a: Scream Tail|65/100|[from] move: Wish|[wisher] Scream Tail\n|-heal|p2a: Scream Tail|71/100|[from] item: Leftovers\n|upkeep\n|turn|14\n|\n|t:|1695182689\n|-end|p2a: Scream Tail|Protosynthesis|[silent]\n|switch|p2a: Sandy Shocks|Sandy Shocks|100/100\n|move|p1a: Zapdos|Volt Switch|p2a: Sandy Shocks\n|-immune|p2a: Sandy Shocks\n|\n|upkeep\n|turn|15\n|\n|t:|1695182697\n|move|p2a: Sandy Shocks|Thunderbolt|p1a: Zapdos\n|-end|p1a: Zapdos|Substitute\n|move|p1a: Zapdos|Hurricane|p2a: Sandy Shocks\n|-resisted|p2a: Sandy Shocks\n|-damage|p2a: Sandy Shocks|68/100\n|\n|-heal|p2a: Sandy Shocks|74/100|[from] item: Leftovers\n|upkeep\n|turn|16\n|\n|t:|1695182709\n|switch|p1a: Mamoswine|Mamoswine, F|100/100\n|-damage|p1a: Mamoswine|88/100|[from] Stealth Rock\n|move|p2a: Sandy Shocks|Thunderbolt|p1a: Mamoswine\n|-immune|p1a: Mamoswine\n|\n|-heal|p2a: Sandy Shocks|80/100|[from] item: Leftovers\n|upkeep\n|turn|17\n|\n|t:|1695182720\n|-end|p2a: Sandy Shocks|Protosynthesis|[silent]\n|switch|p2a: Torkoal|Torkoal, M|87/100\n|-weather|SunnyDay|[from] ability: Drought|[of] p2a: Torkoal\n|move|p1a: Mamoswine|Icicle Crash|p2a: Torkoal\n|-resisted|p2a: Torkoal\n|-damage|p2a: Torkoal|66/100\n|\n|-weather|SunnyDay|[upkeep]\n|upkeep\n|turn|18\n|\n|t:|1695182732\n|switch|p1a: Kingambit|Kingambit, F|100/100\n|-damage|p1a: Kingambit|94/100|[from] Stealth Rock\n|switch|p2a: Ogerpon|Ogerpon-Hearthflame, F|100/100\n|-ability|p2a: Ogerpon|Mold Breaker\n|\n|-weather|SunnyDay|[upkeep]\n|upkeep\n|turn|19\n|\n|t:|1695182742\n|-terastallize|p2a: Ogerpon|Fire\n|detailschange|p2a: Ogerpon|Ogerpon-Hearthflame-Tera, F, tera:Fire\n|-ability|p2a: Ogerpon|Embody Aspect (Hearthflame)|boost\n|-boost|p2a: Ogerpon|atk|1\n|-terastallize|p1a: Kingambit|Dark\n|move|p2a: Ogerpon|Ivy Cudgel|p1a: Kingambit\n|-damage|p1a: Kingambit|0 fnt\n|faint|p1a: Kingambit\n|-end|p1a: Kingambit|fallenundefined|[silent]\n|\n|-weather|SunnyDay|[upkeep]\n|upkeep\n|-message|PaperCabinet2916 forfeited.\n|\n|win|oriiiino\n|raw|PaperCabinet2916's rating: 1191 &rarr; <strong>1170</strong><br />(-21 for losing)\n|raw|oriiiino's rating: 1248 &rarr; <strong>1269</strong><br />(+21 for winning)\n|c|\u2606oriiiino|not today old daddy\n|l|\u2606PaperCabinet2916\n", "uploadtime": 1695182777, "views": 4, "p1id": "papercabinet2916", "p2id": "oriiiino", "formatid": "gen9ou", "rating": 1170, "private": 0, "password": ""}