{"id": "gen9ou-1947597791", "p1": "Axolator", "p2": "carbonlifeformmeme", "format": "gen9ou", "log": "|j|\u2606Axolator\n|j|\u2606carbonlifeformmeme\n|t:|1695176332\n|gametype|singles\n|player|p1|Axolator|nessa-masters|1382\n|player|p2|carbonlifeformmeme|101|1411\n|teamsize|p1|6\n|teamsize|p2|6\n|gen|9\n|tier|[Gen 9] OU\n|rated|\n|rule|Sleep Clause Mod: Limit one foe put to sleep\n|rule|Species Clause: Limit one of each Pok\u00e9mon\n|rule|OHKO Clause: OHKO moves are banned\n|rule|Evasion Items Clause: Evasion items are banned\n|rule|Evasion Moves Clause: Evasion moves are banned\n|rule|Endless Battle Clause: Forcing endless battles is banned\n|rule|HP Percentage Mod: HP is shown in percentages\n|clearpoke\n|poke|p1|Ogerpon-Wellspring, F|\n|poke|p1|Gholdengo|\n|poke|p1|Kingambit, M|\n|poke|p1|Glimmora, F|\n|poke|p1|Iron Moth|\n|poke|p1|Iron Valiant|\n|poke|p2|Iron Hands|\n|poke|p2|Ursaluna-Bloodmoon, M|\n|poke|p2|Rillaboom, F|\n|poke|p2|Lokix, M|\n|poke|p2|Walking Wake|\n|poke|p2|Brambleghast, F|\n|teampreview\n|inactive|Battle timer is ON: inactive players will automatically lose when time's up. (requested by Axolator)\n|\n|t:|1695176350\n|start\n|switch|p1a: Glimmora|Glimmora, F|100/100\n|switch|p2a: Walking Wake|Walking Wake|100/100\n|-enditem|p2a: Walking Wake|Booster Energy\n|-activate|p2a: Walking Wake|ability: Protosynthesis|[fromitem]\n|-start|p2a: Walking Wake|protosynthesisspa\n|turn|1\n|\n|t:|1695176358\n|move|p2a: Walking Wake|Hydro Pump|p1a: Glimmora\n|-supereffective|p1a: Glimmora\n|-enditem|p1a: Glimmora|Focus Sash\n|-damage|p1a: Glimmora|1/100\n|move|p1a: Glimmora|Stealth Rock|p2a: Walking Wake\n|-sidestart|p2: carbonlifeformmeme|move: Stealth Rock\n|\n|upkeep\n|turn|2\n|inactive|Axolator has 120 seconds left.\n|\n|t:|1695176401\n|switch|p1a: Ogerpon|Ogerpon-Wellspring, F|100/100\n|move|p2a: Walking Wake|Flamethrower|p1a: Ogerpon\n|-damage|p1a: Ogerpon|50/100\n|\n|upkeep\n|turn|3\n|inactive|Axolator has 90 seconds left.\n|\n|t:|1695176435\n|move|p1a: Ogerpon|Power Whip|p2a: Walking Wake\n|-damage|p2a: Walking Wake|18/100\n|move|p2a: Walking Wake|Agility|p2a: Walking Wake\n|-boost|p2a: Walking Wake|spe|2\n|\n|upkeep\n|turn|4\n|inactive|Axolator has 90 seconds left.\n|\n|t:|1695176450\n|switch|p1a: Glimmora|Glimmora, F|1/100\n|move|p2a: Walking Wake|Dragon Pulse|p1a: Glimmora\n|-damage|p1a: Glimmora|0 fnt\n|faint|p1a: Glimmora\n|\n|upkeep\n|\n|t:|1695176454\n|switch|p1a: Kingambit|Kingambit, M|100/100\n|-activate|p1a: Kingambit|ability: Supreme Overlord\n|-start|p1a: Kingambit|fallen1|[silent]\n|turn|5\n|\n|t:|1695176464\n|-end|p2a: Walking Wake|Protosynthesis|[silent]\n|switch|p2a: Iron Hands|Iron Hands|100/100\n|-damage|p2a: Iron Hands|94/100|[from] Stealth Rock\n|move|p1a: Kingambit|Kowtow Cleave|p2a: Iron Hands\n|-resisted|p2a: Iron Hands\n|-damage|p2a: Iron Hands|76/100\n|\n|upkeep\n|turn|6\n|inactive|Axolator has 90 seconds left.\n|\n|t:|1695176486\n|-end|p1a: Kingambit|fallen1|[silent]\n|switch|p1a: Gholdengo|Gholdengo|100/100\n|-item|p1a: Gholdengo|Air Balloon\n|move|p2a: Iron Hands|Swords Dance|p2a: Iron Hands\n|-boost|p2a: Iron Hands|atk|2\n|\n|upkeep\n|turn|7\n|inactive|Axolator has 90 seconds left.\n|\n|t:|1695176500\n|move|p1a: Gholdengo|Nasty Plot|p1a: Gholdengo\n|-boost|p1a: Gholdengo|spa|2\n|move|p2a: Iron Hands|Fire Punch|p1a: Gholdengo\n|-supereffective|p1a: Gholdengo\n|-damage|p1a: Gholdengo|20/100\n|-status|p1a: Gholdengo|brn\n|-enditem|p1a: Gholdengo|Air Balloon\n|\n|-damage|p1a: Gholdengo|14/100 brn|[from] brn\n|upkeep\n|turn|8\n|\n|t:|1695176511\n|move|p1a: Gholdengo|Shadow Ball|p2a: Iron Hands\n|-damage|p2a: Iron Hands|3/100\n|move|p2a: Iron Hands|Fire Punch|p1a: Gholdengo\n|-supereffective|p1a: Gholdengo\n|-damage|p1a: Gholdengo|0 fnt\n|faint|p1a: Gholdengo\n|\n|upkeep\n|inactive|Axolator has 90 seconds left.\n|\n|t:|1695176538\n|switch|p1a: Ogerpon|Ogerpon-Wellspring, F|50/100\n|turn|9\n|\n|t:|1695176542\n|move|p1a: Ogerpon|Ivy Cudgel|p2a: Iron Hands\n|-damage|p2a: Iron Hands|0 fnt\n|faint|p2a: Iron Hands\n|-end|p2a: Iron Hands|Quark Drive|[silent]\n|\n|upkeep\n|\n|t:|1695176547\n|switch|p2a: Brambleghast|Brambleghast, F|100/100\n|turn|10\n|inactive|Axolator has 90 seconds left.\n|\n|t:|1695176559\n|switch|p1a: Iron Moth|Iron Moth|100/100\n|-enditem|p1a: Iron Moth|Booster Energy\n|-activate|p1a: Iron Moth|ability: Quark Drive|[fromitem]\n|-start|p1a: Iron Moth|quarkdrivespe\n|move|p2a: Brambleghast|Rapid Spin|p1a: Iron Moth\n|-damage|p1a: Iron Moth|81/100\n|-boost|p2a: Brambleghast|spe|1\n|-sideend|p2: carbonlifeformmeme|Stealth Rock|[from] move: Rapid Spin|[of] p2a: Brambleghast\n|\n|upkeep\n|turn|11\n|inactive|carbonlifeformmeme has 120 seconds left.\n|\n|t:|1695176589\n|switch|p2a: Walking Wake|Walking Wake|18/100\n|move|p1a: Iron Moth|Substitute|p1a: Iron Moth\n|-start|p1a: Iron Moth|Substitute\n|-damage|p1a: Iron Moth|56/100\n|\n|upkeep\n|turn|12\n|\n|t:|1695176596\n|move|p1a: Iron Moth|Dazzling Gleam|p2a: Walking Wake\n|-supereffective|p2a: Walking Wake\n|-damage|p2a: Walking Wake|0 fnt\n|faint|p2a: Walking Wake\n|-end|p2a: Walking Wake|Protosynthesis|[silent]\n|\n|upkeep\n|inactive|carbonlifeformmeme has 120 seconds left.\n|\n|t:|1695176621\n|switch|p2a: Lokix|Lokix, M|100/100\n|turn|13\n|\n|t:|1695176629\n|move|p2a: Lokix|Sucker Punch|p1a: Iron Moth\n|-end|p1a: Iron Moth|Substitute\n|move|p1a: Iron Moth|Fiery Dance|p2a: Lokix\n|-supereffective|p2a: Lokix\n|-damage|p2a: Lokix|0 fnt\n|-boost|p1a: Iron Moth|spa|1\n|faint|p2a: Lokix\n|\n|upkeep\n|inactive|carbonlifeformmeme has 120 seconds left.\n|\n|t:|1695176641\n|switch|p2a: Ursaluna|Ursaluna-Bloodmoon, M|100/100\n|turn|14\n|inactive|Axolator has 120 seconds left.\n|inactive|Axolator has 90 seconds left.\n|inactive|Axolator has 60 seconds left.\n|\n|t:|1695176728\n|move|p1a: Iron Moth|Substitute|p1a: Iron Moth\n|-start|p1a: Iron Moth|Substitute\n|-damage|p1a: Iron Moth|31/100\n|move|p2a: Ursaluna|Tera Blast|p1a: Iron Moth\n|-crit|p1a: Iron Moth\n|-end|p1a: Iron Moth|Substitute\n|\n|upkeep\n|turn|15\n|\n|t:|1695176742\n|move|p1a: Iron Moth|Fiery Dance|p2a: Ursaluna\n|-damage|p2a: Ursaluna|29/100\n|move|p2a: Ursaluna|Tera Blast|p1a: Iron Moth\n|-damage|p1a: Iron Moth|0 fnt\n|faint|p1a: Iron Moth\n|-end|p1a: Iron Moth|Quark Drive|[silent]\n|\n|-heal|p2a: Ursaluna|35/100|[from] item: Leftovers\n|upkeep\n|\n|t:|1695176758\n|switch|p1a: Ogerpon|Ogerpon-Wellspring, F|50/100\n|turn|16\n|\n|t:|1695176765\n|switch|p2a: Rillaboom|Rillaboom, F|100/100\n|-fieldstart|move: Grassy Terrain|[from] ability: Grassy Surge|[of] p2a: Rillaboom\n|move|p1a: Ogerpon|Ivy Cudgel|p2a: Rillaboom\n|-resisted|p2a: Rillaboom\n|-damage|p2a: Rillaboom|71/100\n|\n|-heal|p1a: Ogerpon|56/100|[from] Grassy Terrain\n|-heal|p2a: Rillaboom|77/100|[from] Grassy Terrain\n|upkeep\n|turn|17\n|\n|t:|1695176777\n|move|p2a: Rillaboom|Grassy Glide|p1a: Ogerpon\n|-damage|p1a: Ogerpon|13/100\n|move|p1a: Ogerpon|Power Whip|p2a: Rillaboom\n|-resisted|p2a: Rillaboom\n|-damage|p2a: Rillaboom|33/100\n|\n|-heal|p1a: Ogerpon|19/100|[from] Grassy Terrain\n|-heal|p2a: Rillaboom|40/100|[from] Grassy Terrain\n|upkeep\n|turn|18\n|inactive|Axolator has 30 seconds left.\n|\n|t:|1695176802\n|move|p2a: Rillaboom|Grassy Glide|p1a: Ogerpon\n|-damage|p1a: Ogerpon|0 fnt\n|faint|p1a: Ogerpon\n|\n|-heal|p2a: Rillaboom|46/100|[from] Grassy Terrain\n|upkeep\n|\n|t:|1695176806\n|switch|p1a: Iron Valiant|Iron Valiant|100/100\n|-enditem|p1a: Iron Valiant|Booster Energy\n|-activate|p1a: Iron Valiant|ability: Quark Drive|[fromitem]\n|-start|p1a: Iron Valiant|quarkdrivespe\n|turn|19\n|\n|t:|1695176815\n|move|p2a: Rillaboom|Grassy Glide|p1a: Iron Valiant\n|-damage|p1a: Iron Valiant|58/100\n|move|p1a: Iron Valiant|Moonblast|p2a: Rillaboom\n|-damage|p2a: Rillaboom|0 fnt\n|faint|p2a: Rillaboom\n|\n|-heal|p1a: Iron Valiant|64/100|[from] Grassy Terrain\n|upkeep\n|\n|t:|1695176826\n|switch|p2a: Ursaluna|Ursaluna-Bloodmoon, M|35/100\n|turn|20\n|\n|t:|1695176836\n|move|p1a: Iron Valiant|Moonblast|p2a: Ursaluna\n|-damage|p2a: Ursaluna|0 fnt\n|faint|p2a: Ursaluna\n|\n|-heal|p1a: Iron Valiant|70/100|[from] Grassy Terrain\n|-fieldend|move: Grassy Terrain\n|upkeep\n|\n|t:|1695176843\n|switch|p2a: Brambleghast|Brambleghast, F|100/100\n|turn|21\n|\n|t:|1695176848\n|move|p1a: Iron Valiant|Hypnosis|p2a: Brambleghast\n|-status|p2a: Brambleghast|slp|[from] move: Hypnosis\n|cant|p2a: Brambleghast|slp\n|\n|upkeep\n|turn|22\n|\n|t:|1695176854\n|move|p1a: Iron Valiant|Calm Mind|p1a: Iron Valiant\n|-boost|p1a: Iron Valiant|spa|1\n|-boost|p1a: Iron Valiant|spd|1\n|cant|p2a: Brambleghast|slp\n|\n|upkeep\n|turn|23\n|\n|t:|1695176860\n|move|p1a: Iron Valiant|Moonblast|p2a: Brambleghast\n|-crit|p2a: Brambleghast\n|-damage|p2a: Brambleghast|0 fnt\n|faint|p2a: Brambleghast\n|\n|win|Axolator\n|raw|Axolator's rating: 1382 &rarr; <strong>1404</strong><br />(+22 for winning)\n|raw|carbonlifeformmeme's rating: 1411 &rarr; <strong>1389</strong><br />(-22 for losing)\n|c|\u2606Axolator|gg\n|c|\u2606carbonlifeformmeme|Gg\n|l|\u2606carbonlifeformmeme\n", "uploadtime": 1695176868, "views": 3, "p1id": "axolator", "p2id": "carbonlifeformmeme", "formatid": "gen9ou", "rating": 1389, "private": 0, "password": ""}