{"id": "gen9ou-1947618639", "p1": "jlinz45", "p2": "Laprasrules12", "format": "gen9ou", "log": "|j|\u2606jlinz45\n|j|\u2606Laprasrules12\n|t:|1695178481\n|gametype|singles\n|player|p1|jlinz45|hoopster|1328\n|player|p2|Laprasrules12|lusamine-nihilego|1399\n|teamsize|p1|6\n|teamsize|p2|6\n|gen|9\n|tier|[Gen 9] OU\n|rated|\n|rule|Sleep Clause Mod: Limit one foe put to sleep\n|rule|Species Clause: Limit one of each Pok\u00e9mon\n|rule|OHKO Clause: OHKO moves are banned\n|rule|Evasion Items Clause: Evasion items are banned\n|rule|Evasion Moves Clause: Evasion moves are banned\n|rule|Endless Battle Clause: Forcing endless battles is banned\n|rule|HP Percentage Mod: HP is shown in percentages\n|clearpoke\n|poke|p1|Skeledirge, M|\n|poke|p1|Slowking-Galar, M|\n|poke|p1|Gliscor, F|\n|poke|p1|Great Tusk|\n|poke|p1|Walking Wake|\n|poke|p1|Gholdengo|\n|poke|p2|Torterra, F|\n|poke|p2|Ninetales-Alola, M|\n|poke|p2|Glimmora, M|\n|poke|p2|Manaphy|\n|poke|p2|Ogerpon-Hearthflame, F|\n|poke|p2|Sandslash-Alola, F|\n|teampreview\n|inactive|Battle timer is ON: inactive players will automatically lose when time's up. (requested by Laprasrules12)\n|\n|t:|1695178496\n|start\n|switch|p1a: Walking Wake|Walking Wake|100/100\n|switch|p2a: Glimmora|Glimmora, M, shiny|100/100\n|turn|1\n|\n|t:|1695178501\n|move|p2a: Glimmora|Spiky Shield|p2a: Glimmora\n|-singleturn|p2a: Glimmora|move: Protect\n|move|p1a: Walking Wake|Scald|p2a: Glimmora\n|-activate|p2a: Glimmora|move: Protect\n|\n|upkeep\n|turn|2\n|\n|t:|1695178506\n|move|p1a: Walking Wake|Scald|p2a: Glimmora\n|-supereffective|p2a: Glimmora\n|-enditem|p2a: Glimmora|Focus Sash\n|-damage|p2a: Glimmora|1/100\n|move|p2a: Glimmora|Stealth Rock|p1a: Walking Wake\n|-sidestart|p1: jlinz45|move: Stealth Rock\n|\n|upkeep\n|turn|3\n|\n|t:|1695178512\n|move|p2a: Glimmora|Spiky Shield|p2a: Glimmora\n|-singleturn|p2a: Glimmora|move: Protect\n|move|p1a: Walking Wake|Scald|p2a: Glimmora\n|-activate|p2a: Glimmora|move: Protect\n|\n|upkeep\n|turn|4\n|\n|t:|1695178517\n|move|p1a: Walking Wake|Scald|p2a: Glimmora\n|-supereffective|p2a: Glimmora\n|-damage|p2a: Glimmora|0 fnt\n|faint|p2a: Glimmora\n|\n|upkeep\n|\n|t:|1695178523\n|switch|p2a: Ogerpon|Ogerpon-Hearthflame, F|100/100\n|-ability|p2a: Ogerpon|Mold Breaker\n|turn|5\n|\n|t:|1695178527\n|-terastallize|p1a: Walking Wake|Fire\n|move|p2a: Ogerpon|Swords Dance|p2a: Ogerpon\n|-boost|p2a: Ogerpon|atk|2\n|move|p1a: Walking Wake|Scald|p2a: Ogerpon\n|-damage|p2a: Ogerpon|28/100\n|\n|upkeep\n|turn|6\n|\n|t:|1695178534\n|move|p2a: Ogerpon|Knock Off|p1a: Walking Wake\n|-damage|p1a: Walking Wake|14/100\n|-enditem|p1a: Walking Wake|Choice Specs|[from] move: Knock Off|[of] p2a: Ogerpon\n|move|p1a: Walking Wake|Scald|p2a: Ogerpon\n|-damage|p2a: Ogerpon|0 fnt\n|faint|p2a: Ogerpon\n|\n|upkeep\n|\n|t:|1695178544\n|switch|p2a: Torterra|Torterra, F, shiny|100/100\n|turn|7\n|\n|t:|1695178548\n|move|p1a: Walking Wake|Hurricane|p2a: Torterra\n|-supereffective|p2a: Torterra\n|-damage|p2a: Torterra|17/100\n|move|p2a: Torterra|Shell Smash|p2a: Torterra\n|-unboost|p2a: Torterra|def|1\n|-unboost|p2a: Torterra|spd|1\n|-boost|p2a: Torterra|atk|2\n|-boost|p2a: Torterra|spa|2\n|-boost|p2a: Torterra|spe|2\n|\n|upkeep\n|turn|8\n|\n|t:|1695178558\n|move|p2a: Torterra|Earthquake|p1a: Walking Wake\n|-supereffective|p1a: Walking Wake\n|-damage|p1a: Walking Wake|0 fnt\n|faint|p1a: Walking Wake\n|-end|p1a: Walking Wake|Protosynthesis|[silent]\n|\n|upkeep\n|\n|t:|1695178563\n|switch|p1a: Gliscor|Gliscor, F|100/100\n|-damage|p1a: Gliscor|88/100|[from] Stealth Rock\n|turn|9\n|\n|t:|1695178567\n|move|p2a: Torterra|Bullet Seed|p1a: Gliscor\n|-damage|p1a: Gliscor|71/100\n|-damage|p1a: Gliscor|52/100\n|-damage|p1a: Gliscor|32/100\n|-damage|p1a: Gliscor|12/100\n|-damage|p1a: Gliscor|0 fnt\n|faint|p1a: Gliscor\n|-hitcount|p1: Gliscor|5\n|\n|upkeep\n|\n|t:|1695178576\n|switch|p1a: Gholdengo|Gholdengo|100/100\n|-damage|p1a: Gholdengo|94/100|[from] Stealth Rock\n|turn|10\n|\n|t:|1695178581\n|move|p2a: Torterra|Earthquake|p1a: Gholdengo\n|-supereffective|p1a: Gholdengo\n|-damage|p1a: Gholdengo|0 fnt\n|faint|p1a: Gholdengo\n|\n|upkeep\n|\n|t:|1695178585\n|switch|p1a: Skeledirge|Skeledirge, M|100/100\n|-damage|p1a: Skeledirge|75/100|[from] Stealth Rock\n|turn|11\n|\n|t:|1695178589\n|-terastallize|p2a: Torterra|Rock\n|move|p2a: Torterra|Rock Blast|p1a: Skeledirge\n|-supereffective|p1a: Skeledirge\n|-damage|p1a: Skeledirge|55/100\n|-supereffective|p1a: Skeledirge\n|-damage|p1a: Skeledirge|35/100\n|-supereffective|p1a: Skeledirge\n|-damage|p1a: Skeledirge|16/100\n|-supereffective|p1a: Skeledirge\n|-damage|p1a: Skeledirge|0 fnt\n|faint|p1a: Skeledirge\n|-hitcount|p1: Skeledirge|4\n|\n|upkeep\n|-message|jlinz45 forfeited.\n|\n|win|Laprasrules12\n|raw|jlinz45's rating: 1328 &rarr; <strong>1312</strong><br />(-16 for losing)\n|raw|Laprasrules12's rating: 1399 &rarr; <strong>1415</strong><br />(+16 for winning)\n|l|\u2606jlinz45\n", "uploadtime": 1695178604, "views": 4, "p1id": "jlinz45", "p2id": "laprasrules12", "formatid": "gen9ou", "rating": 1312, "private": 0, "password": ""}