{"id": "gen9ou-1947678382", "p1": "SadaShidz\ufe0f", "p2": "Dhanveer_Singh", "format": "gen9ou", "log": "|j|\u2606SadaShidz\ufe0f\n|j|\u2606Dhanveer_Singh\n|t:|1695185831\n|gametype|singles\n|player|p1|SadaShidz\ufe0f|sada-ai|1369\n|player|p2|Dhanveer_Singh|lance|1396\n|teamsize|p1|6\n|teamsize|p2|6\n|gen|9\n|tier|[Gen 9] OU\n|rated|\n|rule|Sleep Clause Mod: Limit one foe put to sleep\n|rule|Species Clause: Limit one of each Pok\u00e9mon\n|rule|OHKO Clause: OHKO moves are banned\n|rule|Evasion Items Clause: Evasion items are banned\n|rule|Evasion Moves Clause: Evasion moves are banned\n|rule|Endless Battle Clause: Forcing endless battles is banned\n|rule|HP Percentage Mod: HP is shown in percentages\n|clearpoke\n|poke|p1|Ribombee, F|\n|poke|p1|Mienshao, F|\n|poke|p1|Fezandipiti, M|\n|poke|p1|Sinistcha-Masterpiece|\n|poke|p1|Ogerpon-Hearthflame, F|\n|poke|p1|Kingambit, M|\n|poke|p2|Torterra, M|\n|poke|p2|Crawdaunt, M|\n|poke|p2|Jirachi|\n|poke|p2|Chandelure, F|\n|poke|p2|Regidrago|\n|poke|p2|Fezandipiti, M|\n|teampreview\n|inactive|Battle timer is ON: inactive players will automatically lose when time's up. (requested by Dhanveer_Singh)\n|\n|t:|1695185852\n|start\n|switch|p1a: Mighty Bee|Ribombee, F, shiny|100/100\n|switch|p2a: Torterra|Torterra, M|100/100\n|turn|1\n|\n|t:|1695185858\n|move|p1a: Mighty Bee|Sticky Web|p2a: Torterra\n|-sidestart|p2: Dhanveer_Singh|move: Sticky Web\n|move|p2a: Torterra|Shell Smash|p2a: Torterra\n|-unboost|p2a: Torterra|def|1\n|-unboost|p2a: Torterra|spd|1\n|-boost|p2a: Torterra|atk|2\n|-boost|p2a: Torterra|spa|2\n|-boost|p2a: Torterra|spe|2\n|\n|upkeep\n|turn|2\n|\n|t:|1695185877\n|move|p2a: Torterra|Rock Blast|p1a: Mighty Bee\n|-supereffective|p1a: Mighty Bee\n|-crit|p1a: Mighty Bee\n|-damage|p1a: Mighty Bee|14/100\n|-supereffective|p1a: Mighty Bee\n|-damage|p1a: Mighty Bee|0 fnt\n|faint|p1a: Mighty Bee\n|-hitcount|p1: Mighty Bee|2\n|\n|upkeep\n|\n|t:|1695185890\n|switch|p1a: Chun Li|Mienshao, F, shiny|100/100\n|turn|3\n|\n|t:|1695185895\n|move|p1a: Chun Li|Fake Out|p2a: Torterra\n|-damage|p2a: Torterra|77/100\n|-damage|p1a: Chun Li|91/100|[from] item: Life Orb\n|cant|p2a: Torterra|flinch\n|\n|upkeep\n|turn|4\n|\n|t:|1695185901\n|move|p2a: Torterra|Bullet Seed|p1a: Chun Li\n|-damage|p1a: Chun Li|46/100\n|-damage|p1a: Chun Li|0 fnt\n|faint|p1a: Chun Li\n|-hitcount|p1: Chun Li|2\n|\n|upkeep\n|\n|t:|1695185917\n|switch|p1a: Lord Shen|Fezandipiti, M, shiny|100/100\n|turn|5\n|\n|t:|1695185939\n|switch|p1a: Sippin Green|Sinistcha-Masterpiece, shiny|100/100\n|move|p2a: Torterra|Earthquake|p1a: Sippin Green\n|-resisted|p1a: Sippin Green\n|-damage|p1a: Sippin Green|53/100\n|\n|-heal|p1a: Sippin Green|59/100|[from] item: Leftovers\n|upkeep\n|turn|6\n|\n|t:|1695185952\n|move|p2a: Torterra|Rock Blast|p1a: Sippin Green\n|-damage|p1a: Sippin Green|44/100\n|-damage|p1a: Sippin Green|29/100\n|-damage|p1a: Sippin Green|14/100\n|-damage|p1a: Sippin Green|0 fnt\n|faint|p1a: Sippin Green\n|-hitcount|p1: Sippin Green|4\n|\n|upkeep\n|\n|t:|1695185958\n|switch|p1a: Lord Shen|Fezandipiti, M, shiny|100/100\n|turn|7\n|inactive|SadaShidz\ufe0f has 120 seconds left.\n|\n|t:|1695185973\n|-terastallize|p1a: Lord Shen|Flying\n|move|p2a: Torterra|Earthquake|p1a: Lord Shen\n|-immune|p1a: Lord Shen\n|move|p1a: Lord Shen|Dual Wingbeat|p2a: Torterra\n|-supereffective|p2a: Torterra\n|-damage|p2a: Torterra|0 fnt\n|faint|p2a: Torterra\n|-hitcount|p2: Torterra|1\n|\n|upkeep\n|\n|t:|1695185985\n|switch|p2a: Crawdaunt|Crawdaunt, M|100/100\n|-activate|p2a: Crawdaunt|move: Sticky Web\n|-unboost|p2a: Crawdaunt|spe|1\n|turn|8\n|\n|t:|1695185992\n|move|p1a: Lord Shen|Double Kick|p2a: Crawdaunt\n|-supereffective|p2a: Crawdaunt\n|-damage|p2a: Crawdaunt|56/100\n|-supereffective|p2a: Crawdaunt\n|-damage|p2a: Crawdaunt|15/100\n|-hitcount|p2a: Crawdaunt|2\n|move|p2a: Crawdaunt|Knock Off|p1a: Lord Shen\n|-damage|p1a: Lord Shen|0 fnt\n|-enditem|p1a: Lord Shen|Expert Belt|[from] move: Knock Off|[of] p2a: Crawdaunt\n|faint|p1a: Lord Shen\n|-damage|p2a: Crawdaunt|5/100|[from] item: Life Orb\n|\n|upkeep\n|inactive|SadaShidz\ufe0f has 120 seconds left.\n|\n|t:|1695186014\n|switch|p1a: Chess Master|Kingambit, M, shiny|100/100\n|-activate|p1a: Chess Master|ability: Supreme Overlord\n|-start|p1a: Chess Master|fallen4|[silent]\n|turn|9\n|inactive|SadaShidz\ufe0f has 120 seconds left.\n|\n|t:|1695186029\n|switch|p2a: Regidrago|Regidrago|100/100\n|-activate|p2a: Regidrago|move: Sticky Web\n|-unboost|p2a: Regidrago|spe|1\n|move|p1a: Chess Master|Iron Head|p2a: Regidrago\n|-damage|p2a: Regidrago|24/100\n|\n|upkeep\n|turn|10\n|inactive|SadaShidz\ufe0f has 120 seconds left.\n|\n|t:|1695186037\n|move|p1a: Chess Master|Sucker Punch|p2a: Regidrago\n|-damage|p2a: Regidrago|0 fnt\n|faint|p2a: Regidrago\n|\n|upkeep\n|\n|t:|1695186049\n|switch|p2a: Fezandipiti|Fezandipiti, M|100/100\n|-activate|p2a: Fezandipiti|move: Sticky Web\n|-unboost|p2a: Fezandipiti|spe|1\n|turn|11\n|\n|t:|1695186055\n|move|p2a: Fezandipiti|Play Rough|p1a: Chess Master\n|-damage|p1a: Chess Master|60/100\n|move|p1a: Chess Master|Iron Head|p2a: Fezandipiti\n|-supereffective|p2a: Fezandipiti\n|-damage|p2a: Fezandipiti|0 fnt\n|faint|p2a: Fezandipiti\n|\n|upkeep\n|\n|t:|1695186061\n|switch|p2a: Chandelure|Chandelure, F|100/100\n|-activate|p2a: Chandelure|move: Sticky Web\n|-unboost|p2a: Chandelure|spe|1\n|turn|12\n|\n|t:|1695186067\n|move|p1a: Chess Master|Sucker Punch|p2a: Chandelure\n|-supereffective|p2a: Chandelure\n|-damage|p2a: Chandelure|0 fnt\n|faint|p2a: Chandelure\n|\n|upkeep\n|c|\u2606Dhanveer_Singh|gg\n|c|\u2606Dhanveer_Singh|well played\n|\n|t:|1695186077\n|switch|p2a: Crawdaunt|Crawdaunt, M|5/100\n|-activate|p2a: Crawdaunt|move: Sticky Web\n|-unboost|p2a: Crawdaunt|spe|1\n|turn|13\n|\n|t:|1695186081\n|move|p1a: Chess Master|Sucker Punch|p2a: Crawdaunt\n|-resisted|p2a: Crawdaunt\n|-damage|p2a: Crawdaunt|0 fnt\n|faint|p2a: Crawdaunt\n|\n|upkeep\n|\n|t:|1695186088\n|switch|p2a: Jirachi|Jirachi|100/100\n|-activate|p2a: Jirachi|move: Sticky Web\n|-unboost|p2a: Jirachi|spe|1\n|turn|14\n|\n|t:|1695186093\n|move|p2a: Jirachi|Body Slam|p1a: Chess Master\n|-resisted|p1a: Chess Master\n|-damage|p1a: Chess Master|51/100\n|-status|p1a: Chess Master|par\n|move|p1a: Chess Master|Kowtow Cleave|p2a: Jirachi\n|-supereffective|p2a: Jirachi\n|-damage|p2a: Jirachi|0 fnt\n|faint|p2a: Jirachi\n|\n|win|SadaShidz\ufe0f\n|raw|SadaShidz\ufe0f's rating: 1369 &rarr; <strong>1391</strong><br />(+22 for winning)\n|raw|Dhanveer_Singh's rating: 1396 &rarr; <strong>1374</strong><br />(-22 for losing)\n|c|\u2606SadaShidz\ufe0f|Gg\n|l|\u2606Dhanveer_Singh\n|c|\u2606SadaShidz\ufe0f|Had to bait torterra lol\n", "uploadtime": 1695186129, "views": 4, "p1id": "sadashidz", "p2id": "dhanveersingh", "formatid": "gen9ou", "rating": 1374, "private": 0, "password": ""}