{"id": "gen9ou-1947611445", "p1": "rahole", "p2": "Dr. Drake6782", "format": "gen9ou", "log": "|j|\u2606rahole\n|j|\u2606Dr. Drake6782\n|t:|1695177733\n|gametype|singles\n|player|p1|rahole|benga|1622\n|player|p2|Dr. Drake6782|hilbert-masters|1642\n|teamsize|p1|6\n|teamsize|p2|6\n|gen|9\n|tier|[Gen 9] OU\n|rated|\n|rule|Sleep Clause Mod: Limit one foe put to sleep\n|rule|Species Clause: Limit one of each Pok\u00e9mon\n|rule|OHKO Clause: OHKO moves are banned\n|rule|Evasion Items Clause: Evasion items are banned\n|rule|Evasion Moves Clause: Evasion moves are banned\n|rule|Endless Battle Clause: Forcing endless battles is banned\n|rule|HP Percentage Mod: HP is shown in percentages\n|clearpoke\n|poke|p1|Munkidori, M|\n|poke|p1|Ursaluna-Bloodmoon, M|\n|poke|p1|Clefable, F|\n|poke|p1|Roaring Moon|\n|poke|p1|Corviknight, M|\n|poke|p1|Cinderace, M|\n|poke|p2|Ursaluna-Bloodmoon, M|\n|poke|p2|Ninetales-Alola, M|\n|poke|p2|Iron Moth|\n|poke|p2|Zamazenta-*|\n|poke|p2|Great Tusk|\n|poke|p2|Hatterene, F|\n|teampreview\n|inactive|Battle timer is ON: inactive players will automatically lose when time's up. (requested by Dr. Drake6782)\n|j| poodress\n|inactive|Dr. Drake6782 has 120 seconds left.\n|\n|t:|1695177773\n|start\n|switch|p1a: Roaring Moon|Roaring Moon|100/100\n|switch|p2a: Ninetales|Ninetales-Alola, M, shiny|100/100\n|-weather|Snow|[from] ability: Snow Warning|[of] p2a: Ninetales\n|turn|1\n|\n|t:|1695177792\n|move|p1a: Roaring Moon|Iron Head|p2a: Ninetales\n|-supereffective|p2a: Ninetales\n|-damage|p2a: Ninetales|0 fnt\n|faint|p2a: Ninetales\n|\n|-weather|Snow|[upkeep]\n|upkeep\n|\n|t:|1695177795\n|switch|p2a: Ursaluna|Ursaluna-Bloodmoon, M|100/100\n|turn|2\n|\n|t:|1695177802\n|-end|p1a: Roaring Moon|Protosynthesis|[silent]\n|switch|p1a: Clefable|Clefable, F|100/100\n|move|p2a: Ursaluna|Calm Mind|p2a: Ursaluna\n|-boost|p2a: Ursaluna|spa|1\n|-boost|p2a: Ursaluna|spd|1\n|\n|-weather|Snow|[upkeep]\n|upkeep\n|turn|3\n|\n|t:|1695177810\n|-terastallize|p2a: Ursaluna|Normal\n|move|p1a: Clefable|Moonblast|p2a: Ursaluna\n|-damage|p2a: Ursaluna|80/100\n|-unboost|p2a: Ursaluna|spa|1\n|move|p2a: Ursaluna|Blood Moon|p1a: Clefable\n|-damage|p1a: Clefable|37/100\n|\n|-weather|Snow|[upkeep]\n|-heal|p1a: Clefable|43/100|[from] item: Leftovers\n|-heal|p2a: Ursaluna|86/100|[from] item: Leftovers\n|upkeep\n|turn|4\n|\n|t:|1695177821\n|move|p1a: Clefable|Moonblast|p2a: Ursaluna\n|-damage|p2a: Ursaluna|66/100\n|move|p2a: Ursaluna|Calm Mind|p2a: Ursaluna\n|-boost|p2a: Ursaluna|spa|1\n|-boost|p2a: Ursaluna|spd|1\n|\n|-weather|Snow|[upkeep]\n|-heal|p1a: Clefable|49/100|[from] item: Leftovers\n|-heal|p2a: Ursaluna|72/100|[from] item: Leftovers\n|upkeep\n|turn|5\n|\n|t:|1695177829\n|move|p1a: Clefable|Moonblast|p2a: Ursaluna\n|-damage|p2a: Ursaluna|58/100\n|-unboost|p2a: Ursaluna|spa|1\n|move|p2a: Ursaluna|Blood Moon|p1a: Clefable\n|-damage|p1a: Clefable|0 fnt\n|faint|p1a: Clefable\n|\n|-weather|none\n|-heal|p2a: Ursaluna|64/100|[from] item: Leftovers\n|upkeep\n|\n|t:|1695177855\n|switch|p1a: Corviknight|Corviknight, M|100/100\n|-ability|p1a: Corviknight|Pressure\n|turn|6\n|\n|t:|1695177871\n|move|p1a: Corviknight|Iron Defense|p1a: Corviknight\n|-boost|p1a: Corviknight|def|2\n|move|p2a: Ursaluna|Calm Mind|p2a: Ursaluna\n|-boost|p2a: Ursaluna|spa|1\n|-boost|p2a: Ursaluna|spd|1\n|\n|-heal|p2a: Ursaluna|70/100|[from] item: Leftovers\n|upkeep\n|turn|7\n|\n|t:|1695177881\n|move|p1a: Corviknight|Body Press|p2a: Ursaluna\n|-supereffective|p2a: Ursaluna\n|-damage|p2a: Ursaluna|0 fnt\n|faint|p2a: Ursaluna\n|\n|upkeep\n|j| vip10086\n|\n|t:|1695177904\n|switch|p2a: Iron Moth|Iron Moth, shiny|100/100\n|-enditem|p2a: Iron Moth|Booster Energy\n|-activate|p2a: Iron Moth|ability: Quark Drive|[fromitem]\n|-start|p2a: Iron Moth|quarkdrivespe\n|turn|8\n|\n|t:|1695177929\n|switch|p1a: Munkidori|Munkidori, M|100/100\n|move|p2a: Iron Moth|Fiery Dance|p1a: Munkidori\n|-crit|p1a: Munkidori\n|-damage|p1a: Munkidori|32/100\n|-boost|p2a: Iron Moth|spa|1\n|\n|upkeep\n|turn|9\n|\n|t:|1695177948\n|move|p2a: Iron Moth|Fiery Dance|p1a: Munkidori\n|-damage|p1a: Munkidori|0 fnt\n|faint|p1a: Munkidori\n|\n|upkeep\n|\n|t:|1695177952\n|switch|p1a: Ursaluna|Ursaluna-Bloodmoon, M|100/100\n|turn|10\n|\n|t:|1695177964\n|move|p2a: Iron Moth|Energy Ball|p1a: Ursaluna\n|-supereffective|p1a: Ursaluna\n|-damage|p1a: Ursaluna|0 fnt\n|faint|p1a: Ursaluna\n|\n|upkeep\n|\n|t:|1695177969\n|switch|p1a: Roaring Moon|Roaring Moon|100/100\n|turn|11\n|\n|t:|1695177986\n|-terastallize|p1a: Roaring Moon|Dark\n|move|p2a: Iron Moth|Dazzling Gleam|p1a: Roaring Moon\n|-supereffective|p1a: Roaring Moon\n|-damage|p1a: Roaring Moon|18/100\n|move|p1a: Roaring Moon|Outrage|p2a: Iron Moth\n|-damage|p2a: Iron Moth|0 fnt\n|faint|p2a: Iron Moth\n|-end|p2a: Iron Moth|Quark Drive|[silent]\n|\n|upkeep\n|\n|t:|1695177991\n|switch|p2a: Great Tusk|Great Tusk|100/100\n|-enditem|p2a: Great Tusk|Booster Energy\n|-activate|p2a: Great Tusk|ability: Protosynthesis|[fromitem]\n|-start|p2a: Great Tusk|protosynthesisspe\n|turn|12\n|\n|t:|1695177997\n|move|p2a: Great Tusk|Bulk Up|p2a: Great Tusk\n|-boost|p2a: Great Tusk|atk|1\n|-boost|p2a: Great Tusk|def|1\n|move|p1a: Roaring Moon|Outrage|p2a: Great Tusk|[from]lockedmove\n|-damage|p2a: Great Tusk|57/100\n|-start|p1a: Roaring Moon|confusion|[fatigue]\n|\n|upkeep\n|turn|13\n|\n|t:|1695178014\n|move|p2a: Great Tusk|Knock Off|p1a: Roaring Moon\n|-resisted|p1a: Roaring Moon\n|-damage|p1a: Roaring Moon|0 fnt\n|-enditem|p1a: Roaring Moon|Choice Band|[from] move: Knock Off|[of] p2a: Great Tusk\n|faint|p1a: Roaring Moon\n|-end|p1a: Roaring Moon|Protosynthesis|[silent]\n|\n|upkeep\n|\n|t:|1695178019\n|switch|p1a: Corviknight|Corviknight, M|100/100\n|-ability|p1a: Corviknight|Pressure\n|turn|14\n|inactive|Dr. Drake6782 has 120 seconds left.\n|\n|t:|1695178051\n|-end|p2a: Great Tusk|Protosynthesis|[silent]\n|switch|p2a: Hatterene|Hatterene, F, shiny|100/100\n|move|p1a: Corviknight|Iron Defense|p1a: Corviknight\n|-boost|p1a: Corviknight|def|2\n|\n|upkeep\n|turn|15\n|inactive|rahole has 120 seconds left.\n|inactive|rahole has 90 seconds left.\n|l| vip10086\n|inactive|rahole has 60 seconds left.\n|inactive|rahole has 30 seconds left.\n|inactive|rahole has 20 seconds left.\n|inactive|rahole has 15 seconds left.\n|inactive|rahole has 10 seconds left.\n|inactive|rahole has 5 seconds left.\n|-message|rahole lost due to inactivity.\n|\n|win|Dr. Drake6782\n|raw|rahole's rating: 1622 &rarr; <strong>1605</strong><br />(-17 for losing)\n|raw|Dr. Drake6782's rating: 1667 &rarr; <strong>1684</strong><br />(+17 for winning)\n", "uploadtime": 1695178204, "views": 2, "p1id": "rahole", "p2id": "drdrake6782", "formatid": "gen9ou", "rating": 1605, "private": 0, "password": ""}