{"id": "gen9ou-1947510128", "p1": "Pokemaster123j", "p2": "nothingwith3gs", "format": "gen9ou", "log": "|j|\u2606Pokemaster123j\n|j|\u2606nothingwith3gs\n|t:|1695167703\n|gametype|singles\n|player|p1|Pokemaster123j|2|\n|player|p2|nothingwith3gs|ghetsis|\n|teamsize|p1|6\n|teamsize|p2|6\n|gen|9\n|tier|[Gen 9] OU\n|rule|Sleep Clause Mod: Limit one foe put to sleep\n|rule|Species Clause: Limit one of each Pok\u00e9mon\n|rule|OHKO Clause: OHKO moves are banned\n|rule|Evasion Items Clause: Evasion items are banned\n|rule|Evasion Moves Clause: Evasion moves are banned\n|rule|Endless Battle Clause: Forcing endless battles is banned\n|rule|HP Percentage Mod: HP is shown in percentages\n|clearpoke\n|poke|p1|Mienshao, F|\n|poke|p1|Yanmega, F|\n|poke|p1|Moltres|\n|poke|p1|Dragapult, F|\n|poke|p1|Mandibuzz, F|\n|poke|p1|Cresselia, F|\n|poke|p2|Ribombee, M|\n|poke|p2|Ogerpon-Hearthflame, F|\n|poke|p2|Great Tusk|\n|poke|p2|Dondozo, F|\n|poke|p2|Vikavolt, F|\n|poke|p2|Dragonite, F|\n|teampreview\n|\n|t:|1695167713\n|start\n|switch|p1a: Mienshao|Mienshao, F|100/100\n|switch|p2a: Ribombee|Ribombee, M, shiny|100/100\n|turn|1\n|\n|t:|1695167721\n|move|p2a: Ribombee|Trick|p1a: Mienshao\n|-activate|p2a: Ribombee|move: Trick|[of] p1a: Mienshao\n|-item|p1a: Mienshao|Choice Scarf|[from] move: Trick\n|-item|p2a: Ribombee|Fist Plate|[from] move: Trick\n|move|p1a: Mienshao|U-turn|p2a: Ribombee\n|-resisted|p2a: Ribombee\n|-damage|p2a: Ribombee|79/100\n|\n|t:|1695167727\n|switch|p1a: Moltres|Moltres|100/100|[from] U-turn\n|\n|upkeep\n|turn|2\n|\n|t:|1695167734\n|move|p2a: Ribombee|Trick|p1a: Moltres\n|-activate|p2a: Ribombee|move: Trick|[of] p1a: Moltres\n|-item|p1a: Moltres|Fist Plate|[from] move: Trick\n|-item|p2a: Ribombee|Life Orb|[from] move: Trick\n|move|p1a: Moltres|Fire Blast|p2a: Ribombee\n|-supereffective|p2a: Ribombee\n|-damage|p2a: Ribombee|0 fnt\n|faint|p2a: Ribombee\n|\n|upkeep\n|\n|t:|1695167757\n|switch|p2a: Dondozo|Dondozo, F|100/100\n|turn|3\n|\n|t:|1695167763\n|move|p1a: Moltres|Tailwind|p1a: Moltres\n|-sidestart|p1: Pokemaster123j|move: Tailwind\n|move|p2a: Dondozo|Curse|p2a: Dondozo\n|-unboost|p2a: Dondozo|spe|1\n|-boost|p2a: Dondozo|atk|1\n|-boost|p2a: Dondozo|def|1\n|\n|upkeep\n|turn|4\n|\n|t:|1695167774\n|switch|p1a: Mandibuzz|Mandibuzz, F|100/100\n|move|p2a: Dondozo|Curse|p2a: Dondozo\n|-unboost|p2a: Dondozo|spe|1\n|-boost|p2a: Dondozo|atk|1\n|-boost|p2a: Dondozo|def|1\n|\n|upkeep\n|turn|5\n|\n|t:|1695167782\n|move|p1a: Mandibuzz|Toxic|p2a: Dondozo\n|-status|p2a: Dondozo|tox\n|move|p2a: Dondozo|Curse|p2a: Dondozo\n|-unboost|p2a: Dondozo|spe|1\n|-boost|p2a: Dondozo|atk|1\n|-boost|p2a: Dondozo|def|1\n|\n|-damage|p2a: Dondozo|94/100 tox|[from] psn\n|upkeep\n|turn|6\n|\n|t:|1695167792\n|move|p1a: Mandibuzz|Foul Play|p2a: Dondozo\n|-damage|p2a: Dondozo|83/100 tox\n|move|p2a: Dondozo|Rest|p2a: Dondozo\n|-status|p2a: Dondozo|slp|[from] move: Rest\n|-heal|p2a: Dondozo|100/100 slp|[silent]\n|\n|-sideend|p1: Pokemaster123j|move: Tailwind\n|upkeep\n|turn|7\n|\n|t:|1695167802\n|switch|p1a: Mienshao|Mienshao, F|100/100\n|cant|p2a: Dondozo|slp\n|move|p2a: Dondozo|Sleep Talk|p2a: Dondozo\n|move|p2a: Dondozo|Body Press|p1a: Mienshao|[from]move: Sleep Talk\n|-damage|p1a: Mienshao|0 fnt\n|faint|p1a: Mienshao\n|\n|upkeep\n|-message|Pokemaster123j forfeited.\n|\n|win|nothingwith3gs\n|l|\u2606Pokemaster123j\n", "uploadtime": 1695167842, "views": 2, "p1id": "pokemaster123j", "p2id": "nothingwith3gs", "formatid": "gen9ou", "rating": 0, "private": 0, "password": ""}