{"id": "gen9ou-1947665754", "p1": "i ran out of names", "p2": "4war4e", "format": "gen9ou", "log": "|j|\u2606i ran out of names\n|j|\u26064war4e\n|t:|1695184071\n|gametype|singles\n|player|p1|i ran out of names|2|1574\n|player|p2|4war4e|1|1585\n|teamsize|p1|6\n|teamsize|p2|6\n|gen|9\n|tier|[Gen 9] OU\n|rated|\n|rule|Sleep Clause Mod: Limit one foe put to sleep\n|rule|Species Clause: Limit one of each Pok\u00e9mon\n|rule|OHKO Clause: OHKO moves are banned\n|rule|Evasion Items Clause: Evasion items are banned\n|rule|Evasion Moves Clause: Evasion moves are banned\n|rule|Endless Battle Clause: Forcing endless battles is banned\n|rule|HP Percentage Mod: HP is shown in percentages\n|clearpoke\n|poke|p1|Iron Moth|\n|poke|p1|Enamorus, F|\n|poke|p1|Glimmora, M|\n|poke|p1|Gholdengo|\n|poke|p1|Gliscor, M|\n|poke|p1|Dragonite, M|\n|poke|p2|Mew|\n|poke|p2|Ursaluna-Bloodmoon, M|\n|poke|p2|Ogerpon-Hearthflame, F|\n|poke|p2|Walking Wake|\n|poke|p2|Ninetales, M|\n|poke|p2|Great Tusk|\n|teampreview\n|inactive|Battle timer is ON: inactive players will automatically lose when time's up. (requested by 4war4e)\n|\n|t:|1695184084\n|start\n|switch|p1a: Glimmora|Glimmora, M, shiny|100/100\n|switch|p2a: Ursaluna|Ursaluna-Bloodmoon, M|100/100\n|turn|1\n|\n|t:|1695184096\n|switch|p1a: Gliscor|Gliscor, M|100/100\n|move|p2a: Ursaluna|Earth Power|p1a: Gliscor\n|-immune|p1a: Gliscor\n|\n|-status|p1a: Gliscor|tox|[from] item: Toxic Orb\n|upkeep\n|turn|2\n|\n|t:|1695184100\n|move|p1a: Gliscor|Knock Off|p2a: Ursaluna\n|-damage|p2a: Ursaluna|85/100\n|-enditem|p2a: Ursaluna|Aguav Berry|[from] move: Knock Off|[of] p1a: Gliscor\n|move|p2a: Ursaluna|Calm Mind|p2a: Ursaluna\n|-boost|p2a: Ursaluna|spa|1\n|-boost|p2a: Ursaluna|spd|1\n|\n|upkeep\n|turn|3\n|\n|t:|1695184107\n|move|p1a: Gliscor|Earthquake|p2a: Ursaluna\n|-damage|p2a: Ursaluna|62/100\n|move|p2a: Ursaluna|Calm Mind|p2a: Ursaluna\n|-boost|p2a: Ursaluna|spa|1\n|-boost|p2a: Ursaluna|spd|1\n|\n|upkeep\n|turn|4\n|\n|t:|1695184115\n|move|p1a: Gliscor|Earthquake|p2a: Ursaluna\n|-damage|p2a: Ursaluna|39/100\n|move|p2a: Ursaluna|Blood Moon|p1a: Gliscor\n|-damage|p1a: Gliscor|0 fnt\n|faint|p1a: Gliscor\n|\n|upkeep\n|\n|t:|1695184121\n|switch|p1a: Iron Moth|Iron Moth|100/100\n|-enditem|p1a: Iron Moth|Booster Energy\n|-activate|p1a: Iron Moth|ability: Quark Drive|[fromitem]\n|-start|p1a: Iron Moth|quarkdrivespe\n|turn|5\n|\n|t:|1695184125\n|-terastallize|p2a: Ursaluna|Fighting\n|move|p1a: Iron Moth|Energy Ball|p2a: Ursaluna\n|-damage|p2a: Ursaluna|22/100\n|move|p2a: Ursaluna|Earth Power|p1a: Iron Moth\n|-supereffective|p1a: Iron Moth\n|-damage|p1a: Iron Moth|0 fnt\n|faint|p1a: Iron Moth\n|-end|p1a: Iron Moth|Quark Drive|[silent]\n|\n|upkeep\n|\n|t:|1695184132\n|switch|p1a: Enamorus|Enamorus, F|100/100\n|turn|6\n|\n|t:|1695184135\n|switch|p2a: Ninetales|Ninetales, M|100/100\n|-weather|SunnyDay|[from] ability: Drought|[of] p2a: Ninetales\n|move|p1a: Enamorus|Moonblast|p2a: Ninetales\n|-resisted|p2a: Ninetales\n|-damage|p2a: Ninetales|73/100\n|\n|-weather|SunnyDay|[upkeep]\n|upkeep\n|turn|7\n|\n|t:|1695184139\n|switch|p1a: Glimmora|Glimmora, M, shiny|100/100\n|move|p2a: Ninetales|Will-O-Wisp|p1a: Glimmora\n|-status|p1a: Glimmora|brn\n|\n|-weather|SunnyDay|[upkeep]\n|-damage|p1a: Glimmora|94/100 brn|[from] brn\n|upkeep\n|turn|8\n|\n|t:|1695184143\n|move|p2a: Ninetales|Energy Ball|p1a: Glimmora\n|-damage|p1a: Glimmora|69/100 brn\n|-enditem|p1a: Glimmora|Red Card|[of] p2a: Ninetales\n|drag|p2a: Great Tusk|Great Tusk|100/100\n|-activate|p2a: Great Tusk|ability: Protosynthesis\n|-start|p2a: Great Tusk|protosynthesisdef\n|move|p1a: Glimmora|Stealth Rock|p2a: Great Tusk\n|-sidestart|p2: 4war4e|move: Stealth Rock\n|\n|-weather|SunnyDay|[upkeep]\n|-damage|p1a: Glimmora|63/100 brn|[from] brn\n|upkeep\n|turn|9\n|\n|t:|1695184147\n|move|p1a: Glimmora|Energy Ball|p2a: Great Tusk\n|-supereffective|p2a: Great Tusk\n|-damage|p2a: Great Tusk|38/100\n|move|p2a: Great Tusk|Knock Off|p1a: Glimmora\n|-damage|p1a: Glimmora|44/100 brn\n|-activate|p1a: Glimmora|ability: Toxic Debris\n|-sidestart|p2: 4war4e|move: Toxic Spikes\n|\n|-weather|SunnyDay|[upkeep]\n|-damage|p1a: Glimmora|38/100 brn|[from] brn\n|upkeep\n|turn|10\n|\n|t:|1695184155\n|-end|p2a: Great Tusk|Protosynthesis|[silent]\n|switch|p2a: Mew|Mew|100/100\n|-damage|p2a: Mew|88/100|[from] Stealth Rock\n|-status|p2a: Mew|psn\n|move|p1a: Glimmora|Energy Ball|p2a: Mew\n|-damage|p2a: Mew|65/100 psn\n|\n|-weather|SunnyDay|[upkeep]\n|-heal|p2a: Mew|71/100 psn|[from] item: Leftovers\n|-damage|p2a: Mew|59/100 psn|[from] psn\n|-damage|p1a: Glimmora|31/100 brn|[from] brn\n|upkeep\n|turn|11\n|\n|t:|1695184166\n|switch|p1a: Gholdengo|Gholdengo|100/100\n|move|p2a: Mew|Fire Spin|p1a: Gholdengo\n|-supereffective|p1a: Gholdengo\n|-damage|p1a: Gholdengo|73/100\n|-activate|p1a: Gholdengo|move: Fire Spin|[of] p2a: Mew\n|\n|-weather|SunnyDay|[upkeep]\n|-heal|p2a: Mew|65/100 psn|[from] item: Leftovers\n|-damage|p2a: Mew|52/100 psn|[from] psn\n|-damage|p1a: Gholdengo|60/100|[from] move: Fire Spin|[partiallytrapped]\n|upkeep\n|turn|12\n|\n|t:|1695184173\n|move|p1a: Gholdengo|Recover|p1a: Gholdengo\n|-heal|p1a: Gholdengo|100/100\n|move|p2a: Mew|Fire Spin|p1a: Gholdengo\n|-supereffective|p1a: Gholdengo\n|-damage|p1a: Gholdengo|73/100\n|\n|-weather|SunnyDay|[upkeep]\n|-heal|p2a: Mew|59/100 psn|[from] item: Leftovers\n|-damage|p2a: Mew|46/100 psn|[from] psn\n|-damage|p1a: Gholdengo|60/100|[from] move: Fire Spin|[partiallytrapped]\n|upkeep\n|turn|13\n|\n|t:|1695184176\n|move|p1a: Gholdengo|Nasty Plot|p1a: Gholdengo\n|-boost|p1a: Gholdengo|spa|2\n|move|p2a: Mew|Fire Spin|p1a: Gholdengo\n|-supereffective|p1a: Gholdengo\n|-damage|p1a: Gholdengo|34/100\n|\n|-weather|none\n|-heal|p2a: Mew|52/100 psn|[from] item: Leftovers\n|-damage|p2a: Mew|40/100 psn|[from] psn\n|-damage|p1a: Gholdengo|22/100|[from] move: Fire Spin|[partiallytrapped]\n|upkeep\n|turn|14\n|\n|t:|1695184179\n|move|p1a: Gholdengo|Recover|p1a: Gholdengo\n|-heal|p1a: Gholdengo|72/100\n|move|p2a: Mew|Fire Spin|p1a: Gholdengo\n|-supereffective|p1a: Gholdengo\n|-damage|p1a: Gholdengo|51/100\n|\n|-heal|p2a: Mew|46/100 psn|[from] item: Leftovers\n|-damage|p2a: Mew|34/100 psn|[from] psn\n|-damage|p1a: Gholdengo|39/100|[from] move: Fire Spin|[partiallytrapped]\n|upkeep\n|turn|15\n|\n|t:|1695184181\n|move|p1a: Gholdengo|Recover|p1a: Gholdengo\n|-heal|p1a: Gholdengo|89/100\n|move|p2a: Mew|Fire Spin|p1a: Gholdengo\n|-supereffective|p1a: Gholdengo\n|-damage|p1a: Gholdengo|69/100\n|\n|-heal|p2a: Mew|40/100 psn|[from] item: Leftovers\n|-damage|p2a: Mew|28/100 psn|[from] psn\n|-end|p1a: Gholdengo|Fire Spin|[partiallytrapped]\n|upkeep\n|turn|16\n|\n|t:|1695184184\n|switch|p2a: Ninetales|Ninetales, M|73/100\n|-damage|p2a: Ninetales|48/100|[from] Stealth Rock\n|-status|p2a: Ninetales|psn\n|-weather|SunnyDay|[from] ability: Drought|[of] p2a: Ninetales\n|move|p1a: Gholdengo|Shadow Ball|p2a: Ninetales\n|-damage|p2a: Ninetales|0 fnt\n|faint|p2a: Ninetales\n|\n|-weather|SunnyDay|[upkeep]\n|upkeep\n|\n|t:|1695184188\n|switch|p2a: Walking Wake|Walking Wake|100/100\n|-damage|p2a: Walking Wake|88/100|[from] Stealth Rock\n|-status|p2a: Walking Wake|psn\n|-activate|p2a: Walking Wake|ability: Protosynthesis\n|-start|p2a: Walking Wake|protosynthesisspe\n|turn|17\n|\n|t:|1695184201\n|switch|p1a: Glimmora|Glimmora, M, shiny|31/100 brn\n|move|p2a: Walking Wake|Hydro Steam|p1a: Glimmora\n|-supereffective|p1a: Glimmora\n|-damage|p1a: Glimmora|0 fnt\n|faint|p1a: Glimmora\n|\n|-weather|SunnyDay|[upkeep]\n|-damage|p2a: Walking Wake|76/100 psn|[from] psn\n|upkeep\n|\n|t:|1695184203\n|switch|p1a: Enamorus|Enamorus, F|100/100\n|turn|18\n|\n|t:|1695184205\n|move|p2a: Walking Wake|Hydro Steam|p1a: Enamorus\n|-damage|p1a: Enamorus|0 fnt\n|faint|p1a: Enamorus\n|\n|-weather|SunnyDay|[upkeep]\n|-damage|p2a: Walking Wake|64/100 psn|[from] psn\n|upkeep\n|c|\u2606i ran out of names|im dumb\n|c|\u2606i ran out of names|for some reason i thought enam wasd 350\n|\n|t:|1695184232\n|switch|p1a: Dragonite|Dragonite, M|100/100\n|turn|19\n|\n|t:|1695184235\n|move|p1a: Dragonite|Extreme Speed|p2a: Walking Wake\n|-damage|p2a: Walking Wake|21/100 psn\n|move|p2a: Walking Wake|Hydro Steam|p1a: Dragonite\n|-resisted|p1a: Dragonite\n|-damage|p1a: Dragonite|79/100\n|\n|-weather|SunnyDay|[upkeep]\n|-damage|p2a: Walking Wake|8/100 psn|[from] psn\n|upkeep\n|turn|20\n|\n|t:|1695184239\n|move|p1a: Dragonite|Extreme Speed|p2a: Walking Wake\n|-damage|p2a: Walking Wake|0 fnt\n|faint|p2a: Walking Wake\n|-end|p2a: Walking Wake|Protosynthesis|[silent]\n|\n|-weather|SunnyDay|[upkeep]\n|upkeep\n|\n|t:|1695184240\n|switch|p2a: Ogerpon|Ogerpon-Hearthflame, F|100/100\n|-damage|p2a: Ogerpon|76/100|[from] Stealth Rock\n|-status|p2a: Ogerpon|psn\n|-ability|p2a: Ogerpon|Mold Breaker\n|turn|21\n|\n|t:|1695184245\n|-terastallize|p1a: Dragonite|Normal\n|move|p1a: Dragonite|Extreme Speed|p2a: Ogerpon\n|-damage|p2a: Ogerpon|0 fnt\n|faint|p2a: Ogerpon\n|\n|-weather|SunnyDay|[upkeep]\n|upkeep\n|\n|t:|1695184252\n|switch|p2a: Great Tusk|Great Tusk|38/100\n|-activate|p2a: Great Tusk|ability: Protosynthesis\n|-start|p2a: Great Tusk|protosynthesisdef\n|turn|22\n|\n|t:|1695184267\n|switch|p1a: Gholdengo|Gholdengo|69/100\n|move|p2a: Great Tusk|Earthquake|p1a: Gholdengo\n|-supereffective|p1a: Gholdengo\n|-damage|p1a: Gholdengo|0 fnt\n|faint|p1a: Gholdengo\n|\n|-weather|SunnyDay|[upkeep]\n|upkeep\n|\n|t:|1695184270\n|switch|p1a: Dragonite|Dragonite, M, tera:Normal|79/100\n|turn|23\n|\n|t:|1695184272\n|move|p1a: Dragonite|Outrage|p2a: Great Tusk\n|-damage|p2a: Great Tusk|5/100\n|move|p2a: Great Tusk|Body Press|p1a: Dragonite\n|-supereffective|p1a: Dragonite\n|-damage|p1a: Dragonite|0 fnt\n|faint|p1a: Dragonite\n|\n|win|4war4e\n|raw|i ran out of names's rating: 1574 &rarr; <strong>1555</strong><br />(-19 for losing)\n|raw|4war4e's rating: 1585 &rarr; <strong>1604</strong><br />(+19 for winning)\n", "uploadtime": 1695184276, "views": 3, "p1id": "iranoutofnames", "p2id": "4war4e", "formatid": "gen9ou", "rating": 1555, "private": 0, "password": ""}