{"id": "gen9ou-1947630539", "p1": "king.k_00_00_", "p2": "tawemis", "format": "gen9ou", "log": "|j|\u2606king.k_00_00_\n|j|\u2606tawemis\n|t:|1695179764\n|gametype|singles\n|player|p1|king.k_00_00_|colress|1000\n|player|p2|tawemis|gambler|1051\n|teamsize|p1|6\n|teamsize|p2|6\n|gen|9\n|tier|[Gen 9] OU\n|rated|\n|rule|Sleep Clause Mod: Limit one foe put to sleep\n|rule|Species Clause: Limit one of each Pok\u00e9mon\n|rule|OHKO Clause: OHKO moves are banned\n|rule|Evasion Items Clause: Evasion items are banned\n|rule|Evasion Moves Clause: Evasion moves are banned\n|rule|Endless Battle Clause: Forcing endless battles is banned\n|rule|HP Percentage Mod: HP is shown in percentages\n|clearpoke\n|poke|p1|Kommo-o, M|\n|poke|p1|Ursaluna-Bloodmoon, M|\n|poke|p1|Sinistcha|\n|poke|p1|Manaphy|\n|poke|p1|Ninetales-Alola, M|\n|poke|p1|Glimmora, F|\n|poke|p2|Breloom, M|\n|poke|p2|Chandelure, M|\n|poke|p2|Crawdaunt, M|\n|poke|p2|Braviary-Hisui, M|\n|poke|p2|Sandslash-Alola, M|\n|poke|p2|Dragonite, F|\n|teampreview\n|\n|t:|1695179772\n|start\n|switch|p1a: Kommo-o|Kommo-o, M|100/100\n|switch|p2a: fivehead|Braviary-Hisui, M, shiny|100/100\n|turn|1\n|inactive|Battle timer is ON: inactive players will automatically lose when time's up. (requested by king.k_00_00_)\n|\n|t:|1695179776\n|move|p1a: Kommo-o|Clangorous Soul|p1a: Kommo-o\n|-boost|p1a: Kommo-o|atk|1\n|-boost|p1a: Kommo-o|def|1\n|-boost|p1a: Kommo-o|spa|1\n|-boost|p1a: Kommo-o|spd|1\n|-boost|p1a: Kommo-o|spe|1\n|-damage|p1a: Kommo-o|68/100\n|move|p2a: fivehead|Esper Wing|p1a: Kommo-o\n|-supereffective|p1a: Kommo-o\n|-damage|p1a: Kommo-o|32/100\n|-boost|p2a: fivehead|spe|1\n|\n|-heal|p1a: Kommo-o|38/100|[from] item: Leftovers\n|upkeep\n|turn|2\n|\n|t:|1695179789\n|move|p1a: Kommo-o|Clanging Scales|p2a: fivehead\n|-damage|p2a: fivehead|38/100\n|-unboost|p1a: Kommo-o|def|1\n|move|p2a: fivehead|Esper Wing|p1a: Kommo-o\n|-supereffective|p1a: Kommo-o\n|-damage|p1a: Kommo-o|3/100\n|-boost|p2a: fivehead|spe|1\n|\n|-heal|p1a: Kommo-o|9/100|[from] item: Leftovers\n|upkeep\n|turn|3\n|c|\u2606king.k_00_00_|hurry\n|c|\u2606king.k_00_00_|kill\n|inactive|tawemis has 120 seconds left.\n|c|\u2606king.k_00_00_|finsh me\n|c|\u2606king.k_00_00_|hurry\n|\n|t:|1695179823\n|move|p1a: Kommo-o|Clanging Scales|p2a: fivehead\n|-damage|p2a: fivehead|0 fnt\n|faint|p2a: fivehead\n|-unboost|p1a: Kommo-o|def|1\n|\n|-heal|p1a: Kommo-o|15/100|[from] item: Leftovers\n|upkeep\n|inactive|tawemis has 120 seconds left.\n|\n|t:|1695179833\n|switch|p2a: mega fish|Crawdaunt, M|100/100\n|turn|4\n|\n|t:|1695179839\n|move|p2a: mega fish|Aqua Jet|p1a: Kommo-o\n|-resisted|p1a: Kommo-o\n|-damage|p1a: Kommo-o|0 fnt\n|faint|p1a: Kommo-o\n|\n|upkeep\n|\n|t:|1695179844\n|switch|p1a: Ursaluna|Ursaluna-Bloodmoon, M|100/100\n|turn|5\n|\n|t:|1695179848\n|move|p2a: mega fish|Aqua Jet|p1a: Ursaluna\n|-supereffective|p1a: Ursaluna\n|-damage|p1a: Ursaluna|37/100\n|move|p1a: Ursaluna|Calm Mind|p1a: Ursaluna\n|-boost|p1a: Ursaluna|spa|1\n|-boost|p1a: Ursaluna|spd|1\n|\n|-heal|p1a: Ursaluna|43/100|[from] item: Leftovers\n|upkeep\n|turn|6\n|c|\u2606tawemis|say it again\n|c|\u2606tawemis|beg to die\n|inactive|tawemis has 120 seconds left.\n|c|\u2606king.k_00_00_|no\n|c|\u2606tawemis|yea\n|\n|t:|1695179886\n|move|p2a: mega fish|Aqua Jet|p1a: Ursaluna\n|-supereffective|p1a: Ursaluna\n|-damage|p1a: Ursaluna|0 fnt\n|faint|p1a: Ursaluna\n|\n|upkeep\n|c|\u2606king.k_00_00_|im going to win\n|\n|t:|1695179896\n|switch|p1a: Sinistcha|Sinistcha|100/100\n|turn|7\n|c|\u2606tawemis|probably\n|c|\u2606tawemis|theres a good chance\n|inactive|tawemis has 120 seconds left.\n|c|\u2606king.k_00_00_|but i just said thAT cuz u d take to long\n|\n|t:|1695179923\n|switch|p2a: mario|Sandslash-Alola, M, shiny|100/100\n|move|p1a: Sinistcha|Matcha Gotcha|p2a: mario\n|-resisted|p2a: mario\n|-damage|p2a: mario|74/100\n|\n|upkeep\n|turn|8\n|inactive|tawemis has 120 seconds left.\n|c|\u2606tawemis|i was helping my grandma she fell down the stairs\n|\n|t:|1695179943\n|move|p2a: mario|Knock Off|p1a: Sinistcha\n|-supereffective|p1a: Sinistcha\n|-damage|p1a: Sinistcha|12/100\n|-enditem|p1a: Sinistcha|Covert Cloak|[from] move: Knock Off|[of] p2a: mario\n|move|p1a: Sinistcha|Shadow Ball|p2a: mario\n|-damage|p2a: mario|25/100\n|\n|upkeep\n|turn|9\n|c|\u2606king.k_00_00_|i dont belive that\n|inactive|tawemis has 120 seconds left.\n|\n|t:|1695179951\n|move|p2a: mario|Knock Off|p1a: Sinistcha\n|-supereffective|p1a: Sinistcha\n|-damage|p1a: Sinistcha|0 fnt\n|faint|p1a: Sinistcha\n|\n|upkeep\n|\n|t:|1695179956\n|switch|p1a: Manaphy|Manaphy|100/100\n|turn|10\n|c|\u2606tawemis|wow asshole you hate the elderly\n|c|\u2606king.k_00_00_|yea\n|\n|t:|1695179968\n|move|p1a: Manaphy|Rain Dance|p1a: Manaphy\n|-weather|RainDance\n|move|p2a: mario|Ice Spinner|p1a: Manaphy\n|-resisted|p1a: Manaphy\n|-damage|p1a: Manaphy|82/100\n|\n|-weather|RainDance|[upkeep]\n|-heal|p1a: Manaphy|89/100|[from] item: Leftovers\n|upkeep\n|turn|11\n|\n|t:|1695179979\n|switch|p2a: mega fish|Crawdaunt, M|100/100\n|move|p1a: Manaphy|Tail Glow|p1a: Manaphy\n|-boost|p1a: Manaphy|spa|3\n|\n|-weather|RainDance|[upkeep]\n|-heal|p1a: Manaphy|95/100|[from] item: Leftovers\n|upkeep\n|turn|12\n|c|\u2606king.k_00_00_|but still i dont belive that\n|\n|t:|1695180002\n|move|p1a: Manaphy|Surf|p2a: mega fish\n|-resisted|p2a: mega fish\n|-damage|p2a: mega fish|7/100\n|move|p2a: mega fish|Crabhammer|p1a: Manaphy\n|-resisted|p1a: Manaphy\n|-damage|p1a: Manaphy|17/100\n|\n|-weather|RainDance|[upkeep]\n|-heal|p1a: Manaphy|23/100|[from] item: Leftovers\n|upkeep\n|turn|13\n|\n|t:|1695180013\n|move|p1a: Manaphy|Rest|p1a: Manaphy\n|-status|p1a: Manaphy|slp|[from] move: Rest\n|-heal|p1a: Manaphy|100/100 slp|[silent]\n|move|p2a: mega fish|Crabhammer|p1a: Manaphy\n|-resisted|p1a: Manaphy\n|-damage|p1a: Manaphy|30/100 slp\n|\n|-weather|RainDance|[upkeep]\n|-activate|p1a: Manaphy|ability: Hydration\n|-curestatus|p1a: Manaphy|slp|[msg]\n|-heal|p1a: Manaphy|36/100|[from] item: Leftovers\n|upkeep\n|turn|14\n|\n|t:|1695180027\n|move|p1a: Manaphy|Surf|p2a: mega fish\n|-resisted|p2a: mega fish\n|-damage|p2a: mega fish|0 fnt\n|faint|p2a: mega fish\n|\n|-weather|none\n|-heal|p1a: Manaphy|42/100|[from] item: Leftovers\n|upkeep\n|\n|t:|1695180035\n|switch|p2a: Stinky|Breloom, M, shiny|100/100\n|turn|15\n|\n|t:|1695180041\n|move|p1a: Manaphy|Rain Dance|p1a: Manaphy\n|-weather|RainDance\n|move|p2a: Stinky|Bullet Seed|p1a: Manaphy\n|-supereffective|p1a: Manaphy\n|-damage|p1a: Manaphy|6/100\n|-supereffective|p1a: Manaphy\n|-damage|p1a: Manaphy|0 fnt\n|faint|p1a: Manaphy\n|-hitcount|p1: Manaphy|2\n|\n|-weather|RainDance|[upkeep]\n|upkeep\n|c|\u2606king.k_00_00_|y do u name ur mons\n|c|\u2606tawemis|manaphy is a based pokemon wont lie\n|\n|t:|1695180054\n|switch|p1a: Ninetales|Ninetales-Alola, M|100/100\n|-weather|Snow|[from] ability: Snow Warning|[of] p1a: Ninetales\n|turn|16\n|c|\u2606king.k_00_00_|tg\n|c|\u2606tawemis|idk why not\n|\n|t:|1695180073\n|move|p1a: Ninetales|Moonblast|p2a: Stinky\n|-supereffective|p2a: Stinky\n|-damage|p2a: Stinky|0 fnt\n|faint|p2a: Stinky\n|\n|-weather|Snow|[upkeep]\n|upkeep\n|c|\u2606king.k_00_00_|ig\n|\n|t:|1695180078\n|switch|p2a: mario|Sandslash-Alola, M, shiny|25/100\n|turn|17\n|\n|t:|1695180082\n|move|p2a: mario|Iron Head|p1a: Ninetales\n|-supereffective|p1a: Ninetales\n|-damage|p1a: Ninetales|0 fnt\n|faint|p1a: Ninetales\n|\n|-weather|Snow|[upkeep]\n|upkeep\n|\n|t:|1695180087\n|switch|p1a: Glimmora|Glimmora, F|100/100\n|turn|18\n|c|\u2606king.k_00_00_|gg\n|c|\u2606tawemis|why glimmora last\n|c|\u2606king.k_00_00_|idk\n|c|\u2606tawemis|bro thinks hes geeta\n|c|\u2606king.k_00_00_|but u wana go again\n|c|\u2606tawemis|ya sure\n|inactive|king.k_00_00_ has 120 seconds left.\n|\n|t:|1695180121\n|move|p2a: mario|Ice Spinner|p1a: Glimmora\n|-damage|p1a: Glimmora|58/100\n|move|p1a: Glimmora|Gunk Shot|p2a: mario\n|-immune|p2a: mario\n|\n|-weather|Snow|[upkeep]\n|upkeep\n|turn|19\n|\n|t:|1695180128\n|move|p2a: mario|Iron Head|p1a: Glimmora\n|-supereffective|p1a: Glimmora\n|-damage|p1a: Glimmora|0 fnt\n|faint|p1a: Glimmora\n|\n|win|tawemis\n|raw|king.k_00_00_'s rating: 1000 &rarr; <strong>1000</strong><br />(+0 for losing)\n|raw|tawemis's rating: 1051 &rarr; <strong>1079</strong><br />(+28 for winning)\n", "uploadtime": 1695179958, "views": 2, "p1id": "kingk0000", "p2id": "tawemis", "formatid": "gen9ou", "rating": 1000, "private": 0, "password": ""}