{"id": "gen9ou-1947599464", "p1": "Luiscbc", "p2": "tgesterester", "format": "gen9ou", "log": "|j|\u2606Luiscbc\n|j|\u2606tgesterester\n|t:|1695176505\n|gametype|singles\n|player|p1|Luiscbc|volkner|1084\n|player|p2|tgesterester|unknown|1120\n|teamsize|p1|6\n|teamsize|p2|6\n|gen|9\n|tier|[Gen 9] OU\n|rated|\n|rule|Sleep Clause Mod: Limit one foe put to sleep\n|rule|Species Clause: Limit one of each Pok\u00e9mon\n|rule|OHKO Clause: OHKO moves are banned\n|rule|Evasion Items Clause: Evasion items are banned\n|rule|Evasion Moves Clause: Evasion moves are banned\n|rule|Endless Battle Clause: Forcing endless battles is banned\n|rule|HP Percentage Mod: HP is shown in percentages\n|clearpoke\n|poke|p1|Zamazenta-*|\n|poke|p1|Arcanine, F|\n|poke|p1|Lucario, F|\n|poke|p1|Lycanroc-Dusk, M|\n|poke|p1|Mabosstiff, M|\n|poke|p1|Okidogi, M|\n|poke|p2|Ursaluna-Bloodmoon, M|\n|poke|p2|Infernape, M|\n|poke|p2|Kingambit, M|\n|poke|p2|Sneasler, M|\n|poke|p2|Toxapex, F|\n|poke|p2|Garganacl, M|\n|teampreview\n|inactive|Battle timer is ON: inactive players will automatically lose when time's up. (requested by Luiscbc)\n|\n|t:|1695176531\n|start\n|switch|p1a: hachiko|Lycanroc-Dusk, M|100/100\n|switch|p2a: Toxapex|Toxapex, F|100/100\n|turn|1\n|\n|t:|1695176537\n|move|p1a: hachiko|Stealth Rock|p2a: Toxapex\n|-sidestart|p2: tgesterester|move: Stealth Rock\n|move|p2a: Toxapex|Infestation|p1a: hachiko\n|-damage|p1a: hachiko|96/100\n|-activate|p1a: hachiko|move: Infestation|[of] p2a: Toxapex\n|\n|-damage|p1a: hachiko|84/100|[from] move: Infestation|[partiallytrapped]\n|upkeep\n|turn|2\n|\n|t:|1695176544\n|move|p1a: hachiko|Drill Run|p2a: Toxapex\n|-supereffective|p2a: Toxapex\n|-damage|p2a: Toxapex|51/100\n|move|p2a: Toxapex|Toxic|p1a: hachiko\n|-status|p1a: hachiko|tox\n|\n|-heal|p2a: Toxapex|57/100|[from] item: Leftovers\n|-damage|p1a: hachiko|78/100 tox|[from] psn\n|-damage|p1a: hachiko|65/100 tox|[from] move: Infestation|[partiallytrapped]\n|upkeep\n|turn|3\n|\n|t:|1695176558\n|move|p1a: hachiko|Drill Run|p2a: Toxapex\n|-supereffective|p2a: Toxapex\n|-damage|p2a: Toxapex|5/100\n|move|p2a: Toxapex|Recover|p2a: Toxapex\n|-heal|p2a: Toxapex|55/100\n|\n|-heal|p2a: Toxapex|61/100|[from] item: Leftovers\n|-damage|p1a: hachiko|53/100 tox|[from] psn\n|-damage|p1a: hachiko|41/100 tox|[from] move: Infestation|[partiallytrapped]\n|upkeep\n|turn|4\n|\n|t:|1695176568\n|switch|p2a: Kingambit|Kingambit, M|100/100\n|-damage|p2a: Kingambit|94/100|[from] Stealth Rock\n|-item|p2a: Kingambit|Air Balloon\n|move|p1a: hachiko|Drill Run|p2a: Kingambit\n|-immune|p2a: Kingambit\n|\n|-damage|p1a: hachiko|22/100 tox|[from] psn\n|-end|p1a: hachiko|Infestation|[partiallytrapped]|[silent]\n|upkeep\n|turn|5\n|\n|t:|1695176582\n|move|p2a: Kingambit|Sucker Punch|p1a: hachiko\n|-damage|p1a: hachiko|0 fnt\n|faint|p1a: hachiko\n|\n|upkeep\n|\n|t:|1695176590\n|switch|p1a: memecoin|Okidogi, M|100/100\n|turn|6\n|\n|t:|1695176596\n|-end|p2a: Kingambit|fallenundefined|[silent]\n|switch|p2a: Toxapex|Toxapex, F|94/100\n|-damage|p2a: Toxapex|82/100|[from] Stealth Rock\n|move|p1a: memecoin|Drain Punch|p2a: Toxapex\n|-resisted|p2a: Toxapex\n|-damage|p2a: Toxapex|65/100\n|\n|-heal|p2a: Toxapex|71/100|[from] item: Leftovers\n|upkeep\n|turn|7\n|\n|t:|1695176610\n|move|p1a: memecoin|Knock Off|p2a: Toxapex\n|-damage|p2a: Toxapex|42/100\n|-enditem|p2a: Toxapex|Leftovers|[from] move: Knock Off|[of] p1a: memecoin\n|move|p2a: Toxapex|Infestation|p1a: memecoin\n|-resisted|p1a: memecoin\n|-damage|p1a: memecoin|99/100\n|-activate|p1a: memecoin|move: Infestation|[of] p2a: Toxapex\n|\n|-damage|p1a: memecoin|88/100|[from] move: Infestation|[partiallytrapped]\n|upkeep\n|turn|8\n|\n|t:|1695176620\n|move|p1a: memecoin|Bulk Up|p1a: memecoin\n|-boost|p1a: memecoin|atk|1\n|-boost|p1a: memecoin|def|1\n|move|p2a: Toxapex|Recover|p2a: Toxapex\n|-heal|p2a: Toxapex|92/100\n|\n|-damage|p1a: memecoin|75/100|[from] move: Infestation|[partiallytrapped]\n|upkeep\n|turn|9\n|\n|t:|1695176631\n|move|p1a: memecoin|Knock Off|p2a: Toxapex\n|-damage|p2a: Toxapex|62/100\n|move|p2a: Toxapex|Haze|p2a: Toxapex\n|-clearallboost\n|\n|-damage|p1a: memecoin|63/100|[from] move: Infestation|[partiallytrapped]\n|upkeep\n|turn|10\n|\n|t:|1695176659\n|move|p1a: memecoin|Bulk Up|p1a: memecoin\n|-boost|p1a: memecoin|atk|1\n|-boost|p1a: memecoin|def|1\n|move|p2a: Toxapex|Recover|p2a: Toxapex\n|-heal|p2a: Toxapex|100/100\n|\n|-damage|p1a: memecoin|51/100|[from] move: Infestation|[partiallytrapped]\n|upkeep\n|turn|11\n|\n|t:|1695176667\n|move|p1a: memecoin|Drain Punch|p2a: Toxapex\n|-resisted|p2a: Toxapex\n|-damage|p2a: Toxapex|74/100\n|-heal|p1a: memecoin|61/100|[from] drain|[of] p2a: Toxapex\n|move|p2a: Toxapex|Haze|p2a: Toxapex\n|-clearallboost\n|\n|-end|p1a: memecoin|Infestation|[partiallytrapped]\n|upkeep\n|turn|12\n|\n|t:|1695176675\n|move|p1a: memecoin|Bulk Up|p1a: memecoin\n|-boost|p1a: memecoin|atk|1\n|-boost|p1a: memecoin|def|1\n|move|p2a: Toxapex|Infestation|p1a: memecoin\n|-resisted|p1a: memecoin\n|-damage|p1a: memecoin|61/100\n|-activate|p1a: memecoin|move: Infestation|[of] p2a: Toxapex\n|\n|-damage|p1a: memecoin|48/100|[from] move: Infestation|[partiallytrapped]\n|upkeep\n|turn|13\n|\n|t:|1695176684\n|move|p1a: memecoin|Drain Punch|p2a: Toxapex\n|-resisted|p2a: Toxapex\n|-damage|p2a: Toxapex|46/100\n|-heal|p1a: memecoin|59/100|[from] drain|[of] p2a: Toxapex\n|move|p2a: Toxapex|Haze|p2a: Toxapex\n|-clearallboost\n|\n|-damage|p1a: memecoin|47/100|[from] move: Infestation|[partiallytrapped]\n|upkeep\n|turn|14\n|\n|t:|1695176693\n|move|p1a: memecoin|Bulk Up|p1a: memecoin\n|-boost|p1a: memecoin|atk|1\n|-boost|p1a: memecoin|def|1\n|move|p2a: Toxapex|Recover|p2a: Toxapex\n|-heal|p2a: Toxapex|96/100\n|\n|-damage|p1a: memecoin|35/100|[from] move: Infestation|[partiallytrapped]\n|upkeep\n|turn|15\n|\n|t:|1695176701\n|move|p1a: memecoin|Drain Punch|p2a: Toxapex\n|-resisted|p2a: Toxapex\n|-damage|p2a: Toxapex|70/100\n|-heal|p1a: memecoin|45/100|[from] drain|[of] p2a: Toxapex\n|move|p2a: Toxapex|Haze|p2a: Toxapex\n|-clearallboost\n|\n|-damage|p1a: memecoin|33/100|[from] move: Infestation|[partiallytrapped]\n|upkeep\n|turn|16\n|\n|t:|1695176711\n|move|p1a: memecoin|Bulk Up|p1a: memecoin\n|-boost|p1a: memecoin|atk|1\n|-boost|p1a: memecoin|def|1\n|move|p2a: Toxapex|Haze|p2a: Toxapex\n|-clearallboost\n|\n|-damage|p1a: memecoin|21/100|[from] move: Infestation|[partiallytrapped]\n|upkeep\n|turn|17\n|\n|t:|1695176719\n|move|p1a: memecoin|Drain Punch|p2a: Toxapex\n|-resisted|p2a: Toxapex\n|-damage|p2a: Toxapex|54/100\n|-heal|p1a: memecoin|27/100|[from] drain|[of] p2a: Toxapex\n|move|p2a: Toxapex|Recover|p2a: Toxapex\n|-heal|p2a: Toxapex|100/100\n|\n|-end|p1a: memecoin|Infestation|[partiallytrapped]\n|upkeep\n|turn|18\n|\n|t:|1695176735\n|switch|p1a: Furroman|Lucario, F|100/100\n|move|p2a: Toxapex|Haze|p2a: Toxapex\n|-clearallboost\n|\n|upkeep\n|turn|19\n|\n|t:|1695176744\n|move|p1a: Furroman|Swords Dance|p1a: Furroman\n|-boost|p1a: Furroman|atk|2\n|move|p2a: Toxapex|Infestation|p1a: Furroman\n|-resisted|p1a: Furroman\n|-damage|p1a: Furroman|99/100\n|-activate|p1a: Furroman|move: Infestation|[of] p2a: Toxapex\n|\n|-heal|p1a: Furroman|100/100|[from] item: Leftovers\n|-damage|p1a: Furroman|88/100|[from] move: Infestation|[partiallytrapped]\n|upkeep\n|turn|20\n|\n|t:|1695176756\n|move|p1a: Furroman|Thunder Punch|p2a: Toxapex\n|-supereffective|p2a: Toxapex\n|-damage|p2a: Toxapex|12/100\n|move|p2a: Toxapex|Haze|p2a: Toxapex\n|-clearallboost\n|\n|-heal|p1a: Furroman|94/100|[from] item: Leftovers\n|-damage|p1a: Furroman|82/100|[from] move: Infestation|[partiallytrapped]\n|upkeep\n|turn|21\n|\n|t:|1695176771\n|move|p1a: Furroman|Swords Dance|p1a: Furroman\n|-boost|p1a: Furroman|atk|2\n|move|p2a: Toxapex|Haze|p2a: Toxapex\n|-clearallboost\n|\n|-heal|p1a: Furroman|88/100|[from] item: Leftovers\n|-damage|p1a: Furroman|75/100|[from] move: Infestation|[partiallytrapped]\n|upkeep\n|turn|22\n|\n|t:|1695176779\n|move|p1a: Furroman|Thunder Punch|p2a: Toxapex\n|-supereffective|p2a: Toxapex\n|-damage|p2a: Toxapex|0 fnt\n|faint|p2a: Toxapex\n|\n|-heal|p1a: Furroman|81/100|[from] item: Leftovers\n|-end|p1a: Furroman|Infestation|[partiallytrapped]|[silent]\n|upkeep\n|\n|t:|1695176782\n|switch|p2a: Ursaluna|Ursaluna-Bloodmoon, M|100/100\n|-damage|p2a: Ursaluna|94/100|[from] Stealth Rock\n|turn|23\n|\n|t:|1695176804\n|switch|p1a: Scooby|Mabosstiff, M|100/100\n|-ability|p1a: Scooby|Intimidate|boost\n|-unboost|p2a: Ursaluna|atk|1\n|-terastallize|p2a: Ursaluna|Fighting\n|move|p2a: Ursaluna|Calm Mind|p2a: Ursaluna\n|-boost|p2a: Ursaluna|spa|1\n|-boost|p2a: Ursaluna|spd|1\n|\n|-heal|p2a: Ursaluna|100/100|[from] item: Leftovers\n|upkeep\n|turn|24\n|\n|t:|1695176814\n|move|p2a: Ursaluna|Vacuum Wave|p1a: Scooby\n|-supereffective|p1a: Scooby\n|-damage|p1a: Scooby|8/100\n|-enditem|p1a: Scooby|Sitrus Berry|[eat]\n|-heal|p1a: Scooby|33/100|[from] item: Sitrus Berry\n|move|p1a: Scooby|Taunt|p2a: Ursaluna\n|-start|p2a: Ursaluna|move: Taunt\n|\n|upkeep\n|turn|25\n|inactive|Luiscbc has 120 seconds left.\n|\n|t:|1695176847\n|move|p2a: Ursaluna|Vacuum Wave|p1a: Scooby\n|-supereffective|p1a: Scooby\n|-damage|p1a: Scooby|0 fnt\n|faint|p1a: Scooby\n|\n|upkeep\n|\n|t:|1695176852\n|switch|p1a: memecoin|Okidogi, M|27/100\n|turn|26\n|\n|t:|1695176858\n|move|p2a: Ursaluna|Vacuum Wave|p1a: memecoin\n|-resisted|p1a: memecoin\n|-damage|p1a: memecoin|4/100\n|move|p1a: memecoin|Drain Punch|p2a: Ursaluna\n|-damage|p2a: Ursaluna|71/100\n|-heal|p1a: memecoin|24/100|[from] drain|[of] p2a: Ursaluna\n|\n|-heal|p2a: Ursaluna|77/100|[from] item: Leftovers\n|upkeep\n|turn|27\n|inactive|Luiscbc has 120 seconds left.\n|\n|t:|1695176876\n|switch|p1a: Balto|Zamazenta|100/100\n|-ability|p1a: Balto|Dauntless Shield|boost\n|-boost|p1a: Balto|def|1\n|move|p2a: Ursaluna|Vacuum Wave|p1a: Balto\n|-damage|p1a: Balto|76/100\n|\n|-heal|p1a: Balto|82/100|[from] item: Leftovers\n|-heal|p2a: Ursaluna|83/100|[from] item: Leftovers\n|-end|p2a: Ursaluna|move: Taunt\n|upkeep\n|turn|28\n|\n|t:|1695176888\n|move|p1a: Balto|Iron Defense|p1a: Balto\n|-boost|p1a: Balto|def|2\n|move|p2a: Ursaluna|Moonlight|p2a: Ursaluna\n|-heal|p2a: Ursaluna|100/100\n|\n|-heal|p1a: Balto|89/100|[from] item: Leftovers\n|upkeep\n|turn|29\n|\n|t:|1695176897\n|move|p1a: Balto|Iron Defense|p1a: Balto\n|-boost|p1a: Balto|def|2\n|move|p2a: Ursaluna|Calm Mind|p2a: Ursaluna\n|-boost|p2a: Ursaluna|spa|1\n|-boost|p2a: Ursaluna|spd|1\n|\n|-heal|p1a: Balto|95/100|[from] item: Leftovers\n|upkeep\n|turn|30\n|inactive|Luiscbc has 120 seconds left.\n|\n|t:|1695176905\n|-terastallize|p1a: Balto|Fighting\n|move|p1a: Balto|Body Press|p2a: Ursaluna\n|-damage|p2a: Ursaluna|0 fnt\n|faint|p2a: Ursaluna\n|\n|-heal|p1a: Balto|100/100|[from] item: Leftovers\n|upkeep\n|-message|tgesterester forfeited.\n|\n|win|Luiscbc\n|raw|Luiscbc's rating: 1084 &rarr; <strong>1114</strong><br />(+30 for winning)\n|raw|tgesterester's rating: 1120 &rarr; <strong>1092</strong><br />(-28 for losing)\n|l|\u2606tgesterester\n", "uploadtime": 1695176920, "views": 5, "p1id": "luiscbc", "p2id": "tgesterester", "formatid": "gen9ou", "rating": 1092, "private": 0, "password": ""}