{"id": "gen9ou-1947687210", "p1": "jmaze21", "p2": "Ladder Lady Janie", "format": "gen9ou", "log": "|j|\u2606jmaze21\n|j|\u2606Ladder Lady Janie\n|t:|1695187111\n|gametype|singles\n|player|p1|jmaze21|101|1113\n|player|p2|Ladder Lady Janie|lady-gen4|1066\n|teamsize|p1|6\n|teamsize|p2|6\n|gen|9\n|tier|[Gen 9] OU\n|rated|\n|rule|Sleep Clause Mod: Limit one foe put to sleep\n|rule|Species Clause: Limit one of each Pok\u00e9mon\n|rule|OHKO Clause: OHKO moves are banned\n|rule|Evasion Items Clause: Evasion items are banned\n|rule|Evasion Moves Clause: Evasion moves are banned\n|rule|Endless Battle Clause: Forcing endless battles is banned\n|rule|HP Percentage Mod: HP is shown in percentages\n|clearpoke\n|poke|p1|Empoleon, M|\n|poke|p1|Sinistcha|\n|poke|p1|Kingambit, F|\n|poke|p1|Dragonite, F|\n|poke|p1|Cinderace, M|\n|poke|p1|Ursaluna-Bloodmoon, M|\n|poke|p2|Arbok, M|\n|poke|p2|Garganacl, M|\n|poke|p2|Tyranitar, M|\n|poke|p2|Corviknight, F|\n|poke|p2|Sandslash, M|\n|poke|p2|Rotom-Mow|\n|teampreview\n|c|\u2606Ladder Lady Janie|glhf\n|c|\u2606jmaze21|glhf\n|\n|t:|1695187155\n|start\n|switch|p1a: Sinistcha|Sinistcha|100/100\n|switch|p2a: Rotom|Rotom-Mow|100/100\n|turn|1\n|\n|t:|1695187168\n|move|p2a: Rotom|Volt Switch|p1a: Sinistcha\n|-resisted|p1a: Sinistcha\n|-damage|p1a: Sinistcha|87/100\n|\n|t:|1695187185\n|switch|p2a: Tyranitar|Tyranitar, M|100/100|[from] Volt Switch\n|-weather|Sandstorm|[from] ability: Sand Stream|[of] p2a: Tyranitar\n|move|p1a: Sinistcha|Trick Room|p1a: Sinistcha\n|-fieldstart|move: Trick Room|[of] p1a: Sinistcha\n|\n|-weather|Sandstorm|[upkeep]\n|-damage|p1a: Sinistcha|81/100|[from] Sandstorm\n|-heal|p1a: Sinistcha|87/100|[from] item: Leftovers\n|upkeep\n|turn|2\n|\n|t:|1695187206\n|switch|p1a: Ursaluna|Ursaluna-Bloodmoon, M|100/100\n|move|p2a: Tyranitar|Knock Off|p1a: Ursaluna\n|-damage|p1a: Ursaluna|62/100\n|-enditem|p1a: Ursaluna|Sitrus Berry|[from] move: Knock Off|[of] p2a: Tyranitar\n|\n|-weather|Sandstorm|[upkeep]\n|upkeep\n|turn|3\n|\n|t:|1695187220\n|switch|p2a: Rotom|Rotom-Mow|100/100\n|move|p1a: Ursaluna|Calm Mind|p1a: Ursaluna\n|-boost|p1a: Ursaluna|spa|1\n|-boost|p1a: Ursaluna|spd|1\n|\n|-weather|Sandstorm|[upkeep]\n|-damage|p2a: Rotom|94/100|[from] Sandstorm\n|upkeep\n|turn|4\n|\n|t:|1695187228\n|move|p1a: Ursaluna|Blood Moon|p2a: Rotom\n|-damage|p2a: Rotom|0 fnt\n|faint|p2a: Rotom\n|\n|-weather|Sandstorm|[upkeep]\n|upkeep\n|\n|t:|1695187237\n|switch|p2a: Arbok|Arbok, M|100/100\n|-ability|p2a: Arbok|Intimidate|boost\n|-unboost|p1a: Ursaluna|atk|1\n|turn|5\n|\n|t:|1695187247\n|move|p1a: Ursaluna|Earth Power|p2a: Arbok\n|-supereffective|p2a: Arbok\n|-enditem|p2a: Arbok|Shuca Berry|[eat]\n|-enditem|p2a: Arbok|Shuca Berry|[weaken]\n|-damage|p2a: Arbok|25/100\n|move|p2a: Arbok|Ice Fang|p1a: Ursaluna\n|-supereffective|p1a: Ursaluna\n|-damage|p1a: Ursaluna|36/100\n|\n|-weather|Sandstorm|[upkeep]\n|-damage|p2a: Arbok|18/100|[from] Sandstorm\n|-fieldend|move: Trick Room\n|upkeep\n|turn|6\n|\n|t:|1695187262\n|move|p2a: Arbok|Toxic|p1a: Ursaluna\n|-status|p1a: Ursaluna|tox\n|move|p1a: Ursaluna|Earth Power|p2a: Arbok\n|-supereffective|p2a: Arbok\n|-damage|p2a: Arbok|0 fnt\n|faint|p2a: Arbok\n|\n|-weather|Sandstorm|[upkeep]\n|-damage|p1a: Ursaluna|30/100 tox|[from] psn\n|upkeep\n|\n|t:|1695187269\n|switch|p2a: Corviknight|Corviknight, F|100/100\n|turn|7\n|\n|t:|1695187275\n|move|p2a: Corviknight|Bulk Up|p2a: Corviknight\n|-boost|p2a: Corviknight|atk|1\n|-boost|p2a: Corviknight|def|1\n|move|p1a: Ursaluna|Blood Moon|p2a: Corviknight\n|-resisted|p2a: Corviknight\n|-damage|p2a: Corviknight|47/100\n|\n|-weather|Sandstorm|[upkeep]\n|-heal|p2a: Corviknight|53/100|[from] item: Leftovers\n|-damage|p1a: Ursaluna|18/100 tox|[from] psn\n|upkeep\n|turn|8\n|\n|t:|1695187287\n|move|p2a: Corviknight|Bulk Up|p2a: Corviknight\n|-boost|p2a: Corviknight|atk|1\n|-boost|p2a: Corviknight|def|1\n|move|p1a: Ursaluna|Calm Mind|p1a: Ursaluna\n|-boost|p1a: Ursaluna|spa|1\n|-boost|p1a: Ursaluna|spd|1\n|\n|-weather|none\n|-heal|p2a: Corviknight|59/100|[from] item: Leftovers\n|-damage|p1a: Ursaluna|0 fnt|[from] psn\n|faint|p1a: Ursaluna\n|upkeep\n|\n|t:|1695187304\n|switch|p1a: Sinistcha|Sinistcha|87/100\n|turn|9\n|\n|t:|1695187309\n|move|p1a: Sinistcha|Strength Sap|p2a: Corviknight\n|-ability|p2a: Corviknight|Mirror Armor\n|-unboost|p1a: Sinistcha|atk|1\n|-heal|p1a: Sinistcha|100/100\n|move|p2a: Corviknight|Drill Peck|p1a: Sinistcha\n|-supereffective|p1a: Sinistcha\n|-damage|p1a: Sinistcha|0 fnt\n|faint|p1a: Sinistcha\n|\n|-heal|p2a: Corviknight|66/100|[from] item: Leftovers\n|upkeep\n|\n|t:|1695187335\n|switch|p1a: Empoleon|Empoleon, M|100/100\n|turn|10\n|\n|t:|1695187346\n|switch|p2a: Tyranitar|Tyranitar, M|100/100\n|-weather|Sandstorm|[from] ability: Sand Stream|[of] p2a: Tyranitar\n|move|p1a: Empoleon|Surf|p2a: Tyranitar\n|-supereffective|p2a: Tyranitar\n|-damage|p2a: Tyranitar|54/100\n|\n|-weather|Sandstorm|[upkeep]\n|upkeep\n|turn|11\n|\n|t:|1695187358\n|move|p2a: Tyranitar|Thunder Punch|p1a: Empoleon\n|-supereffective|p1a: Empoleon\n|-damage|p1a: Empoleon|42/100\n|move|p1a: Empoleon|Surf|p2a: Tyranitar\n|-supereffective|p2a: Tyranitar\n|-damage|p2a: Tyranitar|3/100\n|\n|-weather|Sandstorm|[upkeep]\n|upkeep\n|turn|12\n|\n|t:|1695187394\n|move|p2a: Tyranitar|Thunder Punch|p1a: Empoleon\n|-supereffective|p1a: Empoleon\n|-damage|p1a: Empoleon|0 fnt\n|faint|p1a: Empoleon\n|\n|-weather|Sandstorm|[upkeep]\n|upkeep\n|\n|t:|1695187412\n|switch|p1a: Cinderace|Cinderace, M|100/100\n|turn|13\n|\n|t:|1695187425\n|move|p1a: Cinderace|High Jump Kick|p2a: Tyranitar\n|-start|p1a: Cinderace|typechange|Fighting|[from] ability: Libero\n|-supereffective|p2a: Tyranitar\n|-damage|p2a: Tyranitar|0 fnt\n|faint|p2a: Tyranitar\n|\n|-weather|Sandstorm|[upkeep]\n|-damage|p1a: Cinderace|95/100|[from] Sandstorm\n|upkeep\n|\n|t:|1695187432\n|switch|p2a: Garganacl|Garganacl, M|100/100\n|turn|14\n|\n|t:|1695187439\n|-terastallize|p2a: Garganacl|Ghost\n|move|p1a: Cinderace|High Jump Kick|p2a: Garganacl\n|-immune|p2a: Garganacl\n|-damage|p1a: Cinderace|45/100|[from] highjumpkick\n|move|p2a: Garganacl|Stealth Rock|p1a: Cinderace\n|-sidestart|p1: jmaze21|move: Stealth Rock\n|\n|-weather|Sandstorm|[upkeep]\n|-damage|p1a: Cinderace|39/100|[from] Sandstorm\n|-damage|p2a: Garganacl|94/100|[from] Sandstorm\n|-heal|p2a: Garganacl|100/100|[from] item: Leftovers\n|upkeep\n|turn|15\n|\n|t:|1695187452\n|switch|p2a: Sandslash|Sandslash, M|100/100\n|move|p1a: Cinderace|Sucker Punch||[still]\n|-fail|p1a: Cinderace\n|\n|-weather|Sandstorm|[upkeep]\n|-damage|p1a: Cinderace|33/100|[from] Sandstorm\n|upkeep\n|turn|16\n|\n|t:|1695187463\n|move|p2a: Sandslash|Rock Slide|p1a: Cinderace\n|-resisted|p1a: Cinderace\n|-damage|p1a: Cinderace|9/100\n|move|p1a: Cinderace|Pyro Ball|p2a: Sandslash|[miss]\n|-miss|p1a: Cinderace|p2a: Sandslash\n|\n|-weather|Sandstorm|[upkeep]\n|-damage|p1a: Cinderace|3/100|[from] Sandstorm\n|upkeep\n|turn|17\n|\n|t:|1695187471\n|move|p2a: Sandslash|Rock Slide|p1a: Cinderace\n|-resisted|p1a: Cinderace\n|-crit|p1a: Cinderace\n|-damage|p1a: Cinderace|0 fnt\n|faint|p1a: Cinderace\n|\n|-weather|none\n|upkeep\n|\n|t:|1695187499\n|switch|p1a: Dragonite|Dragonite, F|100/100\n|-damage|p1a: Dragonite|75/100|[from] Stealth Rock\n|turn|18\n|\n|t:|1695187512\n|switch|p2a: Corviknight|Corviknight, F|66/100\n|move|p1a: Dragonite|Ice Spinner|p2a: Corviknight\n|-damage|p2a: Corviknight|31/100\n|\n|-heal|p2a: Corviknight|37/100|[from] item: Leftovers\n|upkeep\n|turn|19\n|\n|t:|1695187519\n|move|p1a: Dragonite|Ice Spinner|p2a: Corviknight\n|-damage|p2a: Corviknight|1/100\n|move|p2a: Corviknight|Roost|p2a: Corviknight\n|-heal|p2a: Corviknight|51/100\n|-singleturn|p2a: Corviknight|move: Roost\n|\n|-heal|p2a: Corviknight|57/100|[from] item: Leftovers\n|upkeep\n|turn|20\n|\n|t:|1695187527\n|move|p1a: Dragonite|Ice Spinner|p2a: Corviknight\n|-damage|p2a: Corviknight|18/100\n|move|p2a: Corviknight|Roost|p2a: Corviknight\n|-heal|p2a: Corviknight|68/100\n|-singleturn|p2a: Corviknight|move: Roost\n|\n|-heal|p2a: Corviknight|74/100|[from] item: Leftovers\n|upkeep\n|turn|21\n|\n|t:|1695187535\n|move|p1a: Dragonite|Ice Spinner|p2a: Corviknight\n|-damage|p2a: Corviknight|35/100\n|move|p2a: Corviknight|Bulk Up|p2a: Corviknight\n|-boost|p2a: Corviknight|atk|1\n|-boost|p2a: Corviknight|def|1\n|\n|-heal|p2a: Corviknight|41/100|[from] item: Leftovers\n|upkeep\n|turn|22\n|\n|t:|1695187542\n|move|p1a: Dragonite|Ice Spinner|p2a: Corviknight\n|-damage|p2a: Corviknight|15/100\n|move|p2a: Corviknight|Roost|p2a: Corviknight\n|-heal|p2a: Corviknight|65/100\n|-singleturn|p2a: Corviknight|move: Roost\n|\n|-heal|p2a: Corviknight|72/100|[from] item: Leftovers\n|upkeep\n|turn|23\n|\n|t:|1695187550\n|move|p1a: Dragonite|Ice Spinner|p2a: Corviknight\n|-damage|p2a: Corviknight|45/100\n|move|p2a: Corviknight|Bulk Up|p2a: Corviknight\n|-boost|p2a: Corviknight|atk|1\n|-boost|p2a: Corviknight|def|1\n|\n|-heal|p2a: Corviknight|52/100|[from] item: Leftovers\n|upkeep\n|turn|24\n|\n|t:|1695187568\n|move|p1a: Dragonite|Ice Spinner|p2a: Corviknight\n|-damage|p2a: Corviknight|35/100\n|move|p2a: Corviknight|Iron Head|p1a: Dragonite\n|-damage|p1a: Dragonite|0 fnt\n|faint|p1a: Dragonite\n|\n|-heal|p2a: Corviknight|41/100|[from] item: Leftovers\n|upkeep\n|\n|t:|1695187577\n|switch|p1a: Kingambit|Kingambit, F|100/100\n|-damage|p1a: Kingambit|94/100|[from] Stealth Rock\n|-activate|p1a: Kingambit|ability: Supreme Overlord\n|-start|p1a: Kingambit|fallen5|[silent]\n|-item|p1a: Kingambit|Air Balloon\n|turn|25\n|\n|t:|1695187594\n|-terastallize|p1a: Kingambit|Fairy\n|move|p2a: Corviknight|Drill Peck|p1a: Kingambit\n|-damage|p1a: Kingambit|45/100\n|-enditem|p1a: Kingambit|Air Balloon\n|move|p1a: Kingambit|Swords Dance|p1a: Kingambit\n|-boost|p1a: Kingambit|atk|2\n|\n|-heal|p2a: Corviknight|47/100|[from] item: Leftovers\n|upkeep\n|turn|26\n|\n|t:|1695187603\n|move|p1a: Kingambit|Sucker Punch||[still]\n|-fail|p1a: Kingambit\n|move|p2a: Corviknight|Roost|p2a: Corviknight\n|-heal|p2a: Corviknight|97/100\n|-singleturn|p2a: Corviknight|move: Roost\n|\n|-heal|p2a: Corviknight|100/100|[from] item: Leftovers\n|upkeep\n|turn|27\n|\n|t:|1695187610\n|move|p1a: Kingambit|Sucker Punch|p2a: Corviknight\n|-damage|p2a: Corviknight|53/100\n|move|p2a: Corviknight|Iron Head|p1a: Kingambit\n|-supereffective|p1a: Kingambit\n|-damage|p1a: Kingambit|0 fnt\n|faint|p1a: Kingambit\n|-end|p1a: Kingambit|fallen5|[silent]\n|\n|win|Ladder Lady Janie\n|raw|jmaze21's rating: 1113 &rarr; <strong>1085</strong><br />(-28 for losing)\n|raw|Ladder Lady Janie's rating: 1066 &rarr; <strong>1100</strong><br />(+34 for winning)\n|c|\u2606Ladder Lady Janie|gg wp\n|c|\u2606jmaze21|gg\n", "uploadtime": 1695187619, "views": 5, "p1id": "jmaze21", "p2id": "ladderladyjanie", "formatid": "gen9ou", "rating": 1085, "private": 0, "password": ""}