{"id": "gen9ou-1947690783", "p1": "Awakening4935", "p2": "nerdbravado", "format": "gen9ou", "log": "|j|\u2606Awakening4935\n|j|\u2606nerdbravado\n|t:|1695187646\n|gametype|singles\n|player|p1|Awakening4935|cynthia-gen4|1074\n|player|p2|nerdbravado|170|1009\n|teamsize|p1|6\n|teamsize|p2|6\n|gen|9\n|tier|[Gen 9] OU\n|rated|\n|rule|Sleep Clause Mod: Limit one foe put to sleep\n|rule|Species Clause: Limit one of each Pok\u00e9mon\n|rule|OHKO Clause: OHKO moves are banned\n|rule|Evasion Items Clause: Evasion items are banned\n|rule|Evasion Moves Clause: Evasion moves are banned\n|rule|Endless Battle Clause: Forcing endless battles is banned\n|rule|HP Percentage Mod: HP is shown in percentages\n|clearpoke\n|poke|p1|Ninetales-Alola, F|\n|poke|p1|Slowking-Galar, M|\n|poke|p1|Ursaluna-Bloodmoon, M|\n|poke|p1|Torterra, M|\n|poke|p1|Glaceon, M|\n|poke|p1|Glimmora, M|\n|poke|p2|Torkoal, M|\n|poke|p2|Gliscor, M|\n|poke|p2|Shiftry, M|\n|poke|p2|Volcanion|\n|poke|p2|Zapdos|\n|poke|p2|Lilligant-Hisui, F|\n|teampreview\n|inactive|Battle timer is ON: inactive players will automatically lose when time's up. (requested by nerdbravado)\n|\n|t:|1695187653\n|start\n|switch|p1a: Papa|Slowking-Galar, M|100/100\n|switch|p2a: Zapdos|Zapdos|100/100\n|turn|1\n|\n|t:|1695187665\n|move|p2a: Zapdos|Volt Switch|p1a: Papa\n|-damage|p1a: Papa|76/100\n|\n|t:|1695187689\n|switch|p2a: Shiftry|Shiftry, M|100/100|[from] Volt Switch\n|move|p1a: Papa|Chilly Reception|p1a: Papa\n|-weather|Snow\n|\n|t:|1695187698\n|switch|p1a: Momma|Ninetales-Alola, F|100/100|[from] Chilly Reception\n|\n|-weather|Snow|[upkeep]\n|upkeep\n|turn|2\n|j| SBMalus\n|c|\u2606nerdbravado|huhh\n|\n|t:|1695187707\n|switch|p2a: Torkoal|Torkoal, M|100/100\n|-weather|SunnyDay|[from] ability: Drought|[of] p2a: Torkoal\n|move|p1a: Momma|Aurora Veil||[still]\n|-fail|p1a: Momma\n|\n|-weather|SunnyDay|[upkeep]\n|upkeep\n|turn|3\n|\n|t:|1695187720\n|switch|p1a: Death|Glimmora, M|100/100\n|move|p2a: Torkoal|Yawn|p1a: Death\n|-start|p1a: Death|move: Yawn|[of] p2a: Torkoal\n|\n|-weather|SunnyDay|[upkeep]\n|upkeep\n|turn|4\n|\n|t:|1695187738\n|switch|p1a: Papa|Slowking-Galar, M|100/100\n|switch|p2a: Gliscor|Gliscor, M|100/100\n|\n|-weather|SunnyDay|[upkeep]\n|-status|p2a: Gliscor|tox|[from] item: Toxic Orb\n|upkeep\n|turn|5\n|\n|t:|1695187753\n|move|p2a: Gliscor|Knock Off|p1a: Papa\n|-supereffective|p1a: Papa\n|-damage|p1a: Papa|55/100\n|-enditem|p1a: Papa|Icy Rock|[from] move: Knock Off|[of] p2a: Gliscor\n|move|p1a: Papa|Future Sight|p2a: Gliscor\n|-start|p1a: Papa|move: Future Sight\n|\n|-weather|SunnyDay|[upkeep]\n|upkeep\n|turn|6\n|\n|t:|1695187762\n|move|p2a: Gliscor|Stealth Rock|p1a: Papa\n|-sidestart|p1: Awakening4935|move: Stealth Rock\n|move|p1a: Papa|Chilly Reception|p1a: Papa\n|-weather|Snow\n|\n|t:|1695187769\n|switch|p1a: Baby|Glaceon, M, shiny|100/100|[from] Chilly Reception\n|-damage|p1a: Baby|76/100|[from] Stealth Rock\n|\n|-weather|Snow|[upkeep]\n|-heal|p1a: Baby|82/100|[from] ability: Ice Body\n|-heal|p1a: Baby|88/100|[from] item: Leftovers\n|upkeep\n|turn|7\n|\n|t:|1695187782\n|move|p2a: Gliscor|U-turn|p1a: Baby\n|-damage|p1a: Baby|79/100\n|\n|t:|1695187785\n|switch|p2a: Volcanion|Volcanion|100/100|[from] U-turn\n|move|p1a: Baby|Ice Beam|p2a: Volcanion\n|-resisted|p2a: Volcanion\n|-damage|p2a: Volcanion|93/100\n|\n|-weather|Snow|[upkeep]\n|-heal|p1a: Baby|85/100|[from] ability: Ice Body\n|-end|p2a: Volcanion|move: Future Sight\n|-damage|p2a: Volcanion|62/100\n|-heal|p1a: Baby|91/100|[from] item: Leftovers\n|upkeep\n|turn|8\n|\n|t:|1695187800\n|-terastallize|p1a: Baby|Electric\n|move|p2a: Volcanion|Steam Eruption|p1a: Baby|[miss]\n|-miss|p2a: Volcanion|p1a: Baby\n|move|p1a: Baby|Tera Blast|p2a: Volcanion\n|-supereffective|p2a: Volcanion\n|-damage|p2a: Volcanion|12/100\n|\n|-weather|Snow|[upkeep]\n|-heal|p1a: Baby|97/100|[from] ability: Ice Body\n|-heal|p1a: Baby|100/100|[from] item: Leftovers\n|upkeep\n|turn|9\n|\n|t:|1695187813\n|switch|p2a: Torkoal|Torkoal, M|100/100\n|-weather|SunnyDay|[from] ability: Drought|[of] p2a: Torkoal\n|move|p1a: Baby|Calm Mind|p1a: Baby\n|-boost|p1a: Baby|spa|1\n|-boost|p1a: Baby|spd|1\n|\n|-weather|SunnyDay|[upkeep]\n|upkeep\n|turn|10\n|\n|t:|1695187826\n|move|p1a: Baby|Tera Blast|p2a: Torkoal\n|-damage|p2a: Torkoal|21/100\n|move|p2a: Torkoal|Yawn|p1a: Baby\n|-start|p1a: Baby|move: Yawn|[of] p2a: Torkoal\n|\n|-weather|SunnyDay|[upkeep]\n|upkeep\n|turn|11\n|c| SBMalus|YO HES GOATED\n|c|\u2606nerdbravado|who is?\n|\n|t:|1695187852\n|switch|p1a: Papa|Slowking-Galar, M|89/100\n|-damage|p1a: Papa|76/100|[from] Stealth Rock\n|switch|p2a: Gliscor|Gliscor, M|100/100 tox\n|\n|-weather|SunnyDay|[upkeep]\n|upkeep\n|turn|12\n|\n|t:|1695187866\n|move|p2a: Gliscor|Earthquake|p1a: Papa\n|-supereffective|p1a: Papa\n|-damage|p1a: Papa|12/100\n|move|p1a: Papa|Future Sight|p2a: Gliscor\n|-start|p1a: Papa|move: Future Sight\n|\n|-weather|SunnyDay|[upkeep]\n|upkeep\n|turn|13\n|\n|t:|1695187883\n|switch|p1a: Beeg Tortle|Torterra, M|100/100\n|-damage|p1a: Beeg Tortle|94/100|[from] Stealth Rock\n|move|p2a: Gliscor|U-turn|p1a: Beeg Tortle\n|-supereffective|p1a: Beeg Tortle\n|-damage|p1a: Beeg Tortle|68/100\n|\n|t:|1695187897\n|switch|p2a: Zapdos|Zapdos|100/100|[from] U-turn\n|\n|-weather|none\n|upkeep\n|turn|14\n|\n|t:|1695187906\n|move|p2a: Zapdos|Heat Wave|p1a: Beeg Tortle\n|-supereffective|p1a: Beeg Tortle\n|-damage|p1a: Beeg Tortle|0 fnt\n|faint|p1a: Beeg Tortle\n|\n|-end|p2a: Zapdos|move: Future Sight\n|-damage|p2a: Zapdos|60/100\n|-heal|p2a: Zapdos|66/100|[from] item: Leftovers\n|upkeep\n|\n|t:|1695187920\n|switch|p1a: Death|Glimmora, M|100/100\n|-damage|p1a: Death|88/100|[from] Stealth Rock\n|turn|15\n|\n|t:|1695187927\n|move|p1a: Death|Power Gem|p2a: Zapdos\n|-supereffective|p2a: Zapdos\n|-damage|p2a: Zapdos|0 fnt\n|faint|p2a: Zapdos\n|\n|upkeep\n|c|\u2606nerdbravado|oh\n|\n|t:|1695187941\n|switch|p2a: Volcanion|Volcanion|12/100\n|turn|16\n|\n|t:|1695187957\n|move|p1a: Death|Power Gem|p2a: Volcanion\n|-supereffective|p2a: Volcanion\n|-damage|p2a: Volcanion|0 fnt\n|faint|p2a: Volcanion\n|\n|upkeep\n|\n|t:|1695187962\n|switch|p2a: Torkoal|Torkoal, M|21/100\n|-weather|SunnyDay|[from] ability: Drought|[of] p2a: Torkoal\n|turn|17\n|\n|t:|1695187967\n|switch|p2a: Gliscor|Gliscor, M|100/100 tox\n|move|p1a: Death|Power Gem|p2a: Gliscor\n|-damage|p2a: Gliscor|53/100 tox\n|\n|-weather|SunnyDay|[upkeep]\n|-heal|p2a: Gliscor|65/100 tox|[from] ability: Poison Heal\n|upkeep\n|turn|18\n|\n|t:|1695187991\n|switch|p1a: Shadow of Death|Ursaluna-Bloodmoon, M|100/100\n|-damage|p1a: Shadow of Death|94/100|[from] Stealth Rock\n|move|p2a: Gliscor|Earthquake|p1a: Shadow of Death\n|-damage|p1a: Shadow of Death|73/100\n|\n|-weather|SunnyDay|[upkeep]\n|-heal|p2a: Gliscor|78/100 tox|[from] ability: Poison Heal\n|upkeep\n|turn|19\n|\n|t:|1695188002\n|move|p2a: Gliscor|Knock Off|p1a: Shadow of Death\n|-damage|p1a: Shadow of Death|58/100\n|-enditem|p1a: Shadow of Death|Aguav Berry|[from] move: Knock Off|[of] p2a: Gliscor\n|move|p1a: Shadow of Death|Blood Moon|p2a: Gliscor\n|-damage|p2a: Gliscor|0 fnt\n|faint|p2a: Gliscor\n|\n|-weather|SunnyDay|[upkeep]\n|upkeep\n|\n|t:|1695188011\n|switch|p2a: Lilligant|Lilligant-Hisui, F|100/100\n|turn|20\n|\n|t:|1695188022\n|move|p1a: Shadow of Death|Vacuum Wave|p2a: Lilligant\n|-damage|p2a: Lilligant|81/100\n|move|p2a: Lilligant|Solar Blade||[still]\n|-prepare|p2a: Lilligant|Solar Blade\n|-anim|p2a: Lilligant|Solar Blade|p1a: Shadow of Death\n|-supereffective|p1a: Shadow of Death\n|-damage|p1a: Shadow of Death|0 fnt\n|faint|p1a: Shadow of Death\n|\n|-weather|SunnyDay|[upkeep]\n|upkeep\n|\n|t:|1695188033\n|switch|p1a: Momma|Ninetales-Alola, F|100/100\n|-damage|p1a: Momma|76/100|[from] Stealth Rock\n|-weather|Snow|[from] ability: Snow Warning|[of] p1a: Momma\n|turn|21\n|\n|t:|1695188051\n|switch|p2a: Torkoal|Torkoal, M|21/100\n|-weather|SunnyDay|[from] ability: Drought|[of] p2a: Torkoal\n|move|p1a: Momma|Moonblast|p2a: Torkoal\n|-resisted|p2a: Torkoal\n|-damage|p2a: Torkoal|1/100\n|\n|-weather|SunnyDay|[upkeep]\n|upkeep\n|turn|22\n|\n|t:|1695188062\n|switch|p2a: Shiftry|Shiftry, M|100/100\n|move|p1a: Momma|Moonblast|p2a: Shiftry\n|-supereffective|p2a: Shiftry\n|-damage|p2a: Shiftry|7/100\n|\n|-weather|SunnyDay|[upkeep]\n|upkeep\n|turn|23\n|\n|t:|1695188076\n|switch|p1a: Death|Glimmora, M|88/100\n|-damage|p1a: Death|76/100|[from] Stealth Rock\n|move|p2a: Shiftry|Rock Slide|p1a: Death\n|-crit|p1a: Death\n|-damage|p1a: Death|19/100\n|-activate|p1a: Death|ability: Toxic Debris\n|-sidestart|p2: nerdbravado|move: Toxic Spikes\n|-damage|p2a: Shiftry|0 fnt|[from] item: Life Orb\n|faint|p2a: Shiftry\n|\n|-weather|SunnyDay|[upkeep]\n|upkeep\n|-message|nerdbravado forfeited.\n|\n|win|Awakening4935\n|raw|Awakening4935's rating: 1074 &rarr; <strong>1098</strong><br />(+24 for winning)\n|raw|nerdbravado's rating: 1009 &rarr; <strong>1000</strong><br />(-9 for losing)\n", "uploadtime": 1695188093, "views": 4, "p1id": "awakening4935", "p2id": "nerdbravado", "formatid": "gen9ou", "rating": 1000, "private": 0, "password": ""}