{"id": "gen9ou-1947683929", "p1": "AreeGeeF", "p2": "dagrzekrom", "format": "gen9ou", "log": "|j|\u2606AreeGeeF\n|j|\u2606dagrzekrom\n|t:|1695186622\n|gametype|singles\n|player|p1|AreeGeeF|2|1029\n|player|p2|dagrzekrom|170|1112\n|teamsize|p1|6\n|teamsize|p2|6\n|gen|9\n|tier|[Gen 9] OU\n|rated|\n|rule|Sleep Clause Mod: Limit one foe put to sleep\n|rule|Species Clause: Limit one of each Pok\u00e9mon\n|rule|OHKO Clause: OHKO moves are banned\n|rule|Evasion Items Clause: Evasion items are banned\n|rule|Evasion Moves Clause: Evasion moves are banned\n|rule|Endless Battle Clause: Forcing endless battles is banned\n|rule|HP Percentage Mod: HP is shown in percentages\n|clearpoke\n|poke|p1|Shiftry, F|\n|poke|p1|Yanmega, F|\n|poke|p1|Dipplin, M|\n|poke|p1|Probopass, F|\n|poke|p1|Poliwrath, F|\n|poke|p1|Gliscor, F|\n|poke|p2|Kingambit, F|\n|poke|p2|Iron Valiant|\n|poke|p2|Great Tusk|\n|poke|p2|Ursaluna-Bloodmoon, M|\n|poke|p2|Samurott-Hisui, F|\n|poke|p2|Enamorus, F|\n|teampreview\n|inactive|Battle timer is ON: inactive players will automatically lose when time's up. (requested by AreeGeeF)\n|\n|t:|1695186634\n|start\n|switch|p1a: Dipplin|Dipplin, M|100/100\n|switch|p2a: Samurott|Samurott-Hisui, F|100/100\n|-ability|p1a: Dipplin|Supersweet Syrup\n|-ability|p1a: Dipplin|Supersweet Syrup|boost\n|-unboost|p2a: Samurott|evasion|1\n|turn|1\n|\n|t:|1695186648\n|move|p2a: Samurott|Ceaseless Edge|p1a: Dipplin\n|-damage|p1a: Dipplin|55/100\n|-sidestart|p1: AreeGeeF|Spikes\n|move|p1a: Dipplin|Giga Drain|p2a: Samurott\n|-supereffective|p2a: Samurott\n|-damage|p2a: Samurott|36/100\n|-heal|p1a: Dipplin|89/100|[from] drain|[of] p2a: Samurott\n|\n|-heal|p1a: Dipplin|95/100|[from] item: Leftovers\n|upkeep\n|turn|2\n|\n|t:|1695186660\n|switch|p2a: Enamorus|Enamorus, F|100/100\n|move|p1a: Dipplin|Giga Drain|p2a: Enamorus\n|-resisted|p2a: Enamorus\n|-damage|p2a: Enamorus|79/100\n|-heal|p1a: Dipplin|100/100|[from] drain|[of] p2a: Enamorus\n|\n|upkeep\n|turn|3\n|\n|t:|1695186683\n|switch|p1a: Probopass|Probopass, F|100/100\n|-damage|p1a: Probopass|88/100|[from] Spikes\n|move|p2a: Enamorus|Moonblast|p1a: Probopass\n|-resisted|p1a: Probopass\n|-damage|p1a: Probopass|69/100\n|\n|-heal|p1a: Probopass|75/100|[from] item: Leftovers\n|upkeep\n|turn|4\n|\n|t:|1695186698\n|switch|p2a: Samurott|Samurott-Hisui, F|36/100\n|move|p1a: Probopass|Iron Defense|p1a: Probopass\n|-boost|p1a: Probopass|def|2\n|\n|-heal|p1a: Probopass|81/100|[from] item: Leftovers\n|upkeep\n|turn|5\n|\n|t:|1695186704\n|move|p2a: Samurott|Sacred Sword|p1a: Probopass\n|-supereffective|p1a: Probopass\n|-damage|p1a: Probopass|0 fnt\n|faint|p1a: Probopass\n|\n|upkeep\n|\n|t:|1695186713\n|switch|p1a: Dipplin|Dipplin, M|100/100\n|-damage|p1a: Dipplin|88/100|[from] Spikes\n|turn|6\n|\n|t:|1695186733\n|move|p2a: Samurott|Ceaseless Edge|p1a: Dipplin|[miss]\n|-miss|p2a: Samurott|p1a: Dipplin\n|move|p1a: Dipplin|Giga Drain|p2a: Samurott\n|-supereffective|p2a: Samurott\n|-damage|p2a: Samurott|0 fnt\n|-heal|p1a: Dipplin|100/100|[from] drain|[of] p2a: Samurott\n|faint|p2a: Samurott\n|\n|upkeep\n|\n|t:|1695186743\n|switch|p2a: Iron Valiant|Iron Valiant|100/100\n|-enditem|p2a: Iron Valiant|Booster Energy\n|-activate|p2a: Iron Valiant|ability: Quark Drive|[fromitem]\n|-start|p2a: Iron Valiant|quarkdrivespe\n|turn|7\n|\n|t:|1695186760\n|switch|p1a: Yanmega|Yanmega, F|100/100\n|move|p2a: Iron Valiant|Calm Mind|p2a: Iron Valiant\n|-boost|p2a: Iron Valiant|spa|1\n|-boost|p2a: Iron Valiant|spd|1\n|\n|upkeep\n|turn|8\n|\n|t:|1695186772\n|move|p2a: Iron Valiant|Thunderbolt|p1a: Yanmega\n|-supereffective|p1a: Yanmega\n|-damage|p1a: Yanmega|0 fnt\n|faint|p1a: Yanmega\n|\n|upkeep\n|\n|t:|1695186780\n|switch|p1a: Dipplin|Dipplin, M|100/100\n|-damage|p1a: Dipplin|88/100|[from] Spikes\n|turn|9\n|\n|t:|1695186802\n|switch|p1a: Shiftry|Shiftry, F|100/100\n|-damage|p1a: Shiftry|88/100|[from] Spikes\n|move|p2a: Iron Valiant|Moonblast|p1a: Shiftry\n|-supereffective|p1a: Shiftry\n|-damage|p1a: Shiftry|0 fnt\n|faint|p1a: Shiftry\n|\n|upkeep\n|\n|t:|1695186808\n|switch|p1a: Dipplin|Dipplin, M|88/100\n|-damage|p1a: Dipplin|76/100|[from] Spikes\n|turn|10\n|\n|t:|1695186821\n|-terastallize|p1a: Dipplin|Poison\n|move|p2a: Iron Valiant|Moonblast|p1a: Dipplin\n|-resisted|p1a: Dipplin\n|-damage|p1a: Dipplin|41/100\n|move|p1a: Dipplin|Giga Drain|p2a: Iron Valiant\n|-damage|p2a: Iron Valiant|66/100\n|-heal|p1a: Dipplin|57/100|[from] drain|[of] p2a: Iron Valiant\n|\n|-heal|p1a: Dipplin|63/100|[from] item: Leftovers\n|upkeep\n|turn|11\n|\n|t:|1695186830\n|-terastallize|p2a: Iron Valiant|Electric\n|move|p2a: Iron Valiant|Thunderbolt|p1a: Dipplin\n|-damage|p1a: Dipplin|0 fnt\n|faint|p1a: Dipplin\n|\n|upkeep\n|\n|t:|1695186834\n|switch|p1a: Gliscor|Gliscor, F|100/100\n|turn|12\n|\n|t:|1695186838\n|move|p1a: Gliscor|Protect|p1a: Gliscor\n|-singleturn|p1a: Gliscor|Protect\n|move|p2a: Iron Valiant|Moonblast|p1a: Gliscor\n|-activate|p1a: Gliscor|move: Protect\n|\n|-status|p1a: Gliscor|tox|[from] item: Toxic Orb\n|upkeep\n|turn|13\n|\n|t:|1695186844\n|move|p2a: Iron Valiant|Encore|p1a: Gliscor\n|-start|p1a: Gliscor|Encore\n|move|p1a: Gliscor|Protect||[still]\n|-fail|p1a: Gliscor\n|\n|upkeep\n|turn|14\n|-message|AreeGeeF forfeited.\n|\n|win|dagrzekrom\n|raw|AreeGeeF's rating: 1029 &rarr; <strong>1018</strong><br />(-11 for losing)\n|raw|dagrzekrom's rating: 1112 &rarr; <strong>1131</strong><br />(+19 for winning)\n|l|\u2606AreeGeeF\n", "uploadtime": 1695186853, "views": 6, "p1id": "areegeef", "p2id": "dagrzekrom", "formatid": "gen9ou", "rating": 1018, "private": 0, "password": ""}