{"id": "gen9ou-1947697344", "p1": "nicolatk", "p2": "blazingfox4", "format": "gen9ou", "log": "|j|\u2606nicolatk\n|j|\u2606blazingfox4\n|t:|1695188679\n|gametype|singles\n|player|p1|nicolatk|2|1284\n|player|p2|blazingfox4|blackbelt-gen4dp|1304\n|teamsize|p1|6\n|teamsize|p2|6\n|gen|9\n|tier|[Gen 9] OU\n|rated|\n|rule|Sleep Clause Mod: Limit one foe put to sleep\n|rule|Species Clause: Limit one of each Pok\u00e9mon\n|rule|OHKO Clause: OHKO moves are banned\n|rule|Evasion Items Clause: Evasion items are banned\n|rule|Evasion Moves Clause: Evasion moves are banned\n|rule|Endless Battle Clause: Forcing endless battles is banned\n|rule|HP Percentage Mod: HP is shown in percentages\n|clearpoke\n|poke|p1|Dragapult, F|\n|poke|p1|Ogerpon, F|\n|poke|p1|Moltres-Galar|\n|poke|p1|Milotic, F|\n|poke|p1|Gliscor, M|\n|poke|p1|Iron Hands|\n|poke|p2|Torterra, F|\n|poke|p2|Slowking-Galar, M|\n|poke|p2|Ursaluna-Bloodmoon, M|\n|poke|p2|Landorus-Therian, M|\n|poke|p2|Great Tusk|\n|poke|p2|Iron Moth|\n|teampreview\n|inactive|Battle timer is ON: inactive players will automatically lose when time's up. (requested by blazingfox4)\n|inactive|nicolatk also wants the timer to be on.\n|\n|t:|1695188701\n|start\n|switch|p1a: Dragapult|Dragapult, F|100/100\n|switch|p2a: Ursaluna|Ursaluna-Bloodmoon, M|100/100\n|turn|1\n|\n|t:|1695188709\n|move|p1a: Dragapult|U-turn|p2a: Ursaluna\n|-damage|p2a: Ursaluna|85/100\n|\n|t:|1695188718\n|switch|p1a: Ogerpon|Ogerpon, F|100/100|[from] U-turn\n|move|p2a: Ursaluna|Calm Mind|p2a: Ursaluna\n|-boost|p2a: Ursaluna|spa|1\n|-boost|p2a: Ursaluna|spd|1\n|\n|-heal|p2a: Ursaluna|91/100|[from] item: Leftovers\n|upkeep\n|turn|2\n|\n|t:|1695188726\n|move|p1a: Ogerpon|Ivy Cudgel|p2a: Ursaluna\n|-supereffective|p2a: Ursaluna\n|-damage|p2a: Ursaluna|27/100\n|move|p2a: Ursaluna|Blood Moon|p1a: Ogerpon\n|-damage|p1a: Ogerpon|0 fnt\n|faint|p1a: Ogerpon\n|\n|-heal|p2a: Ursaluna|33/100|[from] item: Leftovers\n|upkeep\n|\n|t:|1695188739\n|switch|p1a: Dragapult|Dragapult, F|100/100\n|turn|3\n|\n|t:|1695188745\n|move|p1a: Dragapult|Dragon Darts|p2a: Ursaluna\n|-damage|p2a: Ursaluna|15/100\n|-anim|p1a: Dragapult|Dragon Darts|p2a: Ursaluna\n|-damage|p2a: Ursaluna|0 fnt\n|faint|p2a: Ursaluna\n|\n|upkeep\n|\n|t:|1695188752\n|switch|p2a: Landorus|Landorus-Therian, M|100/100\n|-ability|p2a: Landorus|Intimidate|boost\n|-unboost|p1a: Dragapult|atk|1\n|turn|4\n|\n|t:|1695188756\n|move|p1a: Dragapult|U-turn|p2a: Landorus\n|-resisted|p2a: Landorus\n|-damage|p2a: Landorus|93/100\n|-damage|p1a: Dragapult|84/100|[from] item: Rocky Helmet|[of] p2a: Landorus\n|\n|t:|1695188758\n|switch|p1a: Milotic|Milotic, F|100/100|[from] U-turn\n|move|p2a: Landorus|Stealth Rock|p1a: Milotic\n|-sidestart|p1: nicolatk|move: Stealth Rock\n|\n|upkeep\n|turn|5\n|\n|t:|1695188764\n|switch|p2a: Slowking|Slowking-Galar, M|100/100\n|move|p1a: Milotic|Scald|p2a: Slowking\n|-damage|p2a: Slowking|89/100\n|\n|upkeep\n|turn|6\n|\n|t:|1695188769\n|switch|p1a: Gliscor|Gliscor, M|100/100\n|-damage|p1a: Gliscor|88/100|[from] Stealth Rock\n|move|p2a: Slowking|Future Sight|p1a: Gliscor\n|-start|p2a: Slowking|move: Future Sight\n|\n|-status|p1a: Gliscor|tox|[from] item: Toxic Orb\n|upkeep\n|turn|7\n|\n|t:|1695188774\n|move|p1a: Gliscor|Knock Off|p2a: Slowking\n|-supereffective|p2a: Slowking\n|-damage|p2a: Slowking|43/100\n|-enditem|p2a: Slowking|Assault Vest|[from] move: Knock Off|[of] p1a: Gliscor\n|move|p2a: Slowking|Surf|p1a: Gliscor\n|-supereffective|p1a: Gliscor\n|-damage|p1a: Gliscor|46/100 tox\n|\n|-heal|p1a: Gliscor|59/100 tox|[from] ability: Poison Heal\n|upkeep\n|turn|8\n|\n|t:|1695188783\n|move|p1a: Gliscor|Stealth Rock|p2a: Slowking\n|-sidestart|p2: blazingfox4|move: Stealth Rock\n|move|p2a: Slowking|Surf|p1a: Gliscor\n|-supereffective|p1a: Gliscor\n|-damage|p1a: Gliscor|12/100 tox\n|\n|-end|p1a: Gliscor|move: Future Sight\n|-damage|p1a: Gliscor|0 fnt\n|faint|p1a: Gliscor\n|upkeep\n|\n|t:|1695188793\n|switch|p1a: Moltres|Moltres-Galar|100/100\n|-damage|p1a: Moltres|76/100|[from] Stealth Rock\n|turn|9\n|\n|t:|1695188802\n|switch|p2a: Landorus|Landorus-Therian, M|93/100\n|-damage|p2a: Landorus|81/100|[from] Stealth Rock\n|-ability|p2a: Landorus|Intimidate|boost\n|-unboost|p1a: Moltres|atk|1\n|move|p1a: Moltres|Agility|p1a: Moltres\n|-boost|p1a: Moltres|spe|2\n|\n|upkeep\n|turn|10\n|\n|t:|1695188807\n|move|p1a: Moltres|Fiery Wrath|p2a: Landorus\n|-damage|p2a: Landorus|36/100\n|-damage|p1a: Moltres|66/100|[from] item: Life Orb\n|move|p2a: Landorus|U-turn|p1a: Moltres\n|-crit|p1a: Moltres\n|-damage|p1a: Moltres|20/100\n|-ability|p1a: Moltres|Berserk|boost\n|-boost|p1a: Moltres|spa|1\n|\n|t:|1695188818\n|switch|p2a: Iron Moth|Iron Moth|100/100|[from] U-turn\n|-enditem|p2a: Iron Moth|Booster Energy\n|-activate|p2a: Iron Moth|ability: Quark Drive|[fromitem]\n|-start|p2a: Iron Moth|quarkdrivespe\n|-damage|p2a: Iron Moth|75/100|[from] Stealth Rock\n|\n|upkeep\n|turn|11\n|\n|t:|1695188823\n|move|p1a: Moltres|Air Slash|p2a: Iron Moth\n|-damage|p2a: Iron Moth|4/100\n|-damage|p1a: Moltres|10/100|[from] item: Life Orb\n|move|p2a: Iron Moth|Fiery Dance|p1a: Moltres\n|-damage|p1a: Moltres|0 fnt\n|faint|p1a: Moltres\n|\n|upkeep\n|\n|t:|1695188830\n|switch|p1a: Iron Hands|Iron Hands|100/100\n|-damage|p1a: Iron Hands|94/100|[from] Stealth Rock\n|turn|12\n|\n|t:|1695188835\n|-end|p2a: Iron Moth|Quark Drive|[silent]\n|switch|p2a: Landorus|Landorus-Therian, M|36/100\n|-damage|p2a: Landorus|24/100|[from] Stealth Rock\n|-ability|p2a: Landorus|Intimidate|boost\n|-unboost|p1a: Iron Hands|atk|1\n|move|p1a: Iron Hands|Fake Out|p2a: Landorus\n|-damage|p2a: Landorus|14/100\n|-damage|p1a: Iron Hands|78/100|[from] item: Rocky Helmet|[of] p2a: Landorus\n|\n|upkeep\n|turn|13\n|\n|t:|1695188839\n|-end|p1a: Iron Hands|Quark Drive|[silent]\n|switch|p1a: Milotic|Milotic, F|100/100\n|-damage|p1a: Milotic|88/100|[from] Stealth Rock\n|move|p2a: Landorus|Earthquake|p1a: Milotic\n|-damage|p1a: Milotic|56/100\n|\n|-heal|p1a: Milotic|62/100|[from] item: Leftovers\n|upkeep\n|turn|14\n|\n|t:|1695188845\n|move|p2a: Landorus|Earthquake|p1a: Milotic\n|-damage|p1a: Milotic|28/100\n|move|p1a: Milotic|Recover|p1a: Milotic\n|-heal|p1a: Milotic|78/100\n|\n|-heal|p1a: Milotic|84/100|[from] item: Leftovers\n|upkeep\n|turn|15\n|\n|t:|1695188849\n|move|p2a: Landorus|Taunt|p1a: Milotic\n|-start|p1a: Milotic|move: Taunt\n|cant|p1a: Milotic|move: Taunt|Recover\n|\n|-heal|p1a: Milotic|90/100|[from] item: Leftovers\n|upkeep\n|turn|16\n|\n|t:|1695188852\n|move|p2a: Landorus|Earthquake|p1a: Milotic\n|-damage|p1a: Milotic|57/100\n|move|p1a: Milotic|Scald|p2a: Landorus\n|-supereffective|p2a: Landorus\n|-damage|p2a: Landorus|0 fnt\n|faint|p2a: Landorus\n|\n|-heal|p1a: Milotic|63/100|[from] item: Leftovers\n|upkeep\n|\n|t:|1695188857\n|switch|p2a: Torterra|Torterra, F|100/100\n|-damage|p2a: Torterra|94/100|[from] Stealth Rock\n|turn|17\n|\n|t:|1695188863\n|switch|p1a: Dragapult|Dragapult, F|84/100\n|-damage|p1a: Dragapult|72/100|[from] Stealth Rock\n|-terastallize|p2a: Torterra|Ice\n|move|p2a: Torterra|Shell Smash|p2a: Torterra\n|-unboost|p2a: Torterra|def|1\n|-unboost|p2a: Torterra|spd|1\n|-boost|p2a: Torterra|atk|2\n|-boost|p2a: Torterra|spa|2\n|-boost|p2a: Torterra|spe|2\n|-enditem|p2a: Torterra|White Herb\n|-clearnegativeboost|p2a: Torterra|[silent]\n|\n|-heal|p1a: Dragapult|78/100|[from] item: Leftovers\n|upkeep\n|turn|18\n|\n|t:|1695188872\n|move|p2a: Torterra|Tera Blast|p1a: Dragapult\n|-supereffective|p1a: Dragapult\n|-damage|p1a: Dragapult|0 fnt\n|faint|p1a: Dragapult\n|\n|upkeep\n|\n|t:|1695188876\n|switch|p1a: Iron Hands|Iron Hands|78/100\n|-damage|p1a: Iron Hands|72/100|[from] Stealth Rock\n|turn|19\n|\n|t:|1695188881\n|move|p1a: Iron Hands|Fake Out|p2a: Torterra\n|-damage|p2a: Torterra|80/100\n|cant|p2a: Torterra|flinch\n|\n|upkeep\n|turn|20\n|\n|t:|1695188885\n|-terastallize|p1a: Iron Hands|Fighting\n|move|p2a: Torterra|Earthquake|p1a: Iron Hands\n|-damage|p1a: Iron Hands|22/100\n|move|p1a: Iron Hands|Drain Punch|p2a: Torterra\n|-supereffective|p2a: Torterra\n|-damage|p2a: Torterra|0 fnt\n|-heal|p1a: Iron Hands|50/100|[from] drain|[of] p2a: Torterra\n|faint|p2a: Torterra\n|\n|upkeep\n|\n|t:|1695188891\n|switch|p2a: Great Tusk|Great Tusk|100/100\n|-damage|p2a: Great Tusk|98/100|[from] Stealth Rock\n|turn|21\n|\n|t:|1695188896\n|move|p2a: Great Tusk|Rapid Spin|p1a: Iron Hands\n|-damage|p1a: Iron Hands|40/100\n|-boost|p2a: Great Tusk|spe|1\n|-sideend|p2: blazingfox4|Stealth Rock|[from] move: Rapid Spin|[of] p2a: Great Tusk\n|move|p1a: Iron Hands|Drain Punch|p2a: Great Tusk\n|-damage|p2a: Great Tusk|71/100\n|-heal|p1a: Iron Hands|52/100|[from] drain|[of] p2a: Great Tusk\n|\n|-heal|p2a: Great Tusk|77/100|[from] item: Leftovers\n|upkeep\n|turn|22\n|\n|t:|1695188903\n|move|p2a: Great Tusk|Body Press|p1a: Iron Hands\n|-damage|p1a: Iron Hands|23/100\n|move|p1a: Iron Hands|Drain Punch|p2a: Great Tusk\n|-damage|p2a: Great Tusk|48/100\n|-heal|p1a: Iron Hands|36/100|[from] drain|[of] p2a: Great Tusk\n|\n|-heal|p2a: Great Tusk|54/100|[from] item: Leftovers\n|upkeep\n|turn|23\n|\n|t:|1695188909\n|move|p2a: Great Tusk|Body Press|p1a: Iron Hands\n|-crit|p1a: Iron Hands\n|-damage|p1a: Iron Hands|0 fnt\n|faint|p1a: Iron Hands\n|-end|p1a: Iron Hands|Quark Drive|[silent]\n|\n|-heal|p2a: Great Tusk|60/100|[from] item: Leftovers\n|upkeep\n|\n|t:|1695188913\n|switch|p1a: Milotic|Milotic, F|63/100\n|-damage|p1a: Milotic|50/100|[from] Stealth Rock\n|turn|24\n|\n|t:|1695188920\n|move|p2a: Great Tusk|Body Press|p1a: Milotic\n|-damage|p1a: Milotic|16/100\n|move|p1a: Milotic|Scald|p2a: Great Tusk\n|-supereffective|p2a: Great Tusk\n|-damage|p2a: Great Tusk|0 fnt\n|faint|p2a: Great Tusk\n|-end|p2a: Great Tusk|Protosynthesis|[silent]\n|\n|-heal|p1a: Milotic|22/100|[from] item: Leftovers\n|upkeep\n|\n|t:|1695188923\n|switch|p2a: Iron Moth|Iron Moth|4/100\n|turn|25\n|\n|t:|1695188926\n|move|p2a: Iron Moth|Energy Ball|p1a: Milotic\n|-supereffective|p1a: Milotic\n|-damage|p1a: Milotic|0 fnt\n|faint|p1a: Milotic\n|\n|win|blazingfox4\n|raw|nicolatk's rating: 1284 &rarr; <strong>1260</strong><br />(-24 for losing)\n|raw|blazingfox4's rating: 1304 &rarr; <strong>1323</strong><br />(+19 for winning)\n|l|\u2606nicolatk\n", "uploadtime": 1695189949, "views": 2, "p1id": "nicolatk", "p2id": "blazingfox4", "formatid": "gen9ou", "rating": 1260, "private": 0, "password": ""}