{"id": "gen9ou-1947634753", "p1": "kom0do", "p2": "Pokex265", "format": "gen9ou", "log": "|j|\u2606kom0do\n|j|\u2606Pokex265\n|t:|1695180238\n|gametype|singles\n|player|p1|kom0do|265|1142\n|player|p2|Pokex265|ethan|1198\n|teamsize|p1|6\n|teamsize|p2|6\n|gen|9\n|tier|[Gen 9] OU\n|rated|\n|rule|Sleep Clause Mod: Limit one foe put to sleep\n|rule|Species Clause: Limit one of each Pok\u00e9mon\n|rule|OHKO Clause: OHKO moves are banned\n|rule|Evasion Items Clause: Evasion items are banned\n|rule|Evasion Moves Clause: Evasion moves are banned\n|rule|Endless Battle Clause: Forcing endless battles is banned\n|rule|HP Percentage Mod: HP is shown in percentages\n|clearpoke\n|poke|p1|Garchomp, M|\n|poke|p1|Ogerpon-Hearthflame, F|\n|poke|p1|Gholdengo|\n|poke|p1|Kingambit, F|\n|poke|p1|Ninetales-Alola, M|\n|poke|p1|Greninja-*, M|\n|poke|p2|Hatterene, F|\n|poke|p2|Mandibuzz, F|\n|poke|p2|Goodra-Hisui, M|\n|poke|p2|Okidogi, M|\n|poke|p2|Zoroark-Hisui, M|\n|poke|p2|Rotom-Wash|\n|teampreview\n|inactive|Battle timer is ON: inactive players will automatically lose when time's up. (requested by kom0do)\n|\n|t:|1695180255\n|start\n|switch|p1a: Ninetales|Ninetales-Alola, M|100/100\n|switch|p2a: HugeMilkers|Hatterene, F|100/100\n|-weather|Snow|[from] ability: Snow Warning|[of] p1a: Ninetales\n|turn|1\n|\n|t:|1695180260\n|move|p1a: Ninetales|Aurora Veil|p1a: Ninetales\n|-sidestart|p1: kom0do|move: Aurora Veil\n|move|p2a: HugeMilkers|Calm Mind|p2a: HugeMilkers\n|-boost|p2a: HugeMilkers|spa|1\n|-boost|p2a: HugeMilkers|spd|1\n|\n|-weather|Snow|[upkeep]\n|upkeep\n|turn|2\n|\n|t:|1695180264\n|move|p1a: Ninetales|Encore|p2a: HugeMilkers\n|move|p2a: HugeMilkers|Encore||[from]ability: Magic Bounce|[still]\n|-fail|p2a: HugeMilkers\n|move|p2a: HugeMilkers|Calm Mind|p2a: HugeMilkers\n|-boost|p2a: HugeMilkers|spa|1\n|-boost|p2a: HugeMilkers|spd|1\n|\n|-weather|Snow|[upkeep]\n|upkeep\n|turn|3\n|\n|t:|1695180269\n|switch|p1a: Gholdengo|Gholdengo|100/100\n|move|p2a: HugeMilkers|Mystical Fire|p1a: Gholdengo\n|-supereffective|p1a: Gholdengo\n|-damage|p1a: Gholdengo|49/100\n|-unboost|p1a: Gholdengo|spa|1\n|\n|-weather|Snow|[upkeep]\n|upkeep\n|turn|4\n|\n|t:|1695180280\n|move|p1a: Gholdengo|Make It Rain|p2a: HugeMilkers\n|-supereffective|p2a: HugeMilkers\n|-damage|p2a: HugeMilkers|55/100\n|-unboost|p1a: Gholdengo|spa|1\n|move|p2a: HugeMilkers|Mystical Fire|p1a: Gholdengo\n|-supereffective|p1a: Gholdengo\n|-damage|p1a: Gholdengo|0 fnt\n|faint|p1a: Gholdengo\n|\n|-weather|Snow|[upkeep]\n|-heal|p2a: HugeMilkers|61/100|[from] item: Leftovers\n|upkeep\n|\n|t:|1695180283\n|switch|p1a: Kingambit|Kingambit, F|100/100\n|-activate|p1a: Kingambit|ability: Supreme Overlord\n|-start|p1a: Kingambit|fallen1|[silent]\n|turn|5\n|\n|t:|1695180290\n|switch|p2a: Mandibuzz|Mandibuzz, F|100/100\n|move|p1a: Kingambit|Iron Head|p2a: Mandibuzz\n|-damage|p2a: Mandibuzz|72/100\n|\n|-weather|none\n|-heal|p2a: Mandibuzz|78/100|[from] item: Leftovers\n|upkeep\n|turn|6\n|\n|t:|1695180297\n|move|p2a: Mandibuzz|Defog|p1a: Kingambit\n|-unboost|p1a: Kingambit|evasion|1\n|-sideend|p1: kom0do|move: Aurora Veil\n|move|p1a: Kingambit|Kowtow Cleave|p2a: Mandibuzz\n|-resisted|p2a: Mandibuzz\n|-damage|p2a: Mandibuzz|64/100\n|\n|-heal|p2a: Mandibuzz|70/100|[from] item: Leftovers\n|upkeep\n|turn|7\n|\n|t:|1695180308\n|-end|p1a: Kingambit|fallen1|[silent]\n|switch|p1a: Ninetales|Ninetales-Alola, M|100/100\n|-weather|Snow|[from] ability: Snow Warning|[of] p1a: Ninetales\n|move|p2a: Mandibuzz|Foul Play|p1a: Ninetales\n|-resisted|p1a: Ninetales\n|-damage|p1a: Ninetales|93/100\n|\n|-weather|Snow|[upkeep]\n|-heal|p2a: Mandibuzz|76/100|[from] item: Leftovers\n|upkeep\n|turn|8\n|\n|t:|1695180312\n|move|p1a: Ninetales|Aurora Veil|p1a: Ninetales\n|-sidestart|p1: kom0do|move: Aurora Veil\n|move|p2a: Mandibuzz|Toxic|p1a: Ninetales\n|-status|p1a: Ninetales|tox\n|\n|-weather|Snow|[upkeep]\n|-heal|p2a: Mandibuzz|82/100|[from] item: Leftovers\n|-damage|p1a: Ninetales|87/100 tox|[from] psn\n|upkeep\n|turn|9\n|\n|t:|1695180322\n|switch|p2a: Goodra|Goodra-Hisui, M|100/100\n|move|p1a: Ninetales|Freeze-Dry|p2a: Goodra\n|-damage|p2a: Goodra|86/100\n|\n|-weather|Snow|[upkeep]\n|-heal|p2a: Goodra|93/100|[from] item: Leftovers\n|-damage|p1a: Ninetales|75/100 tox|[from] psn\n|upkeep\n|turn|10\n|\n|t:|1695180331\n|switch|p1a: Garchomp|Garchomp, M|100/100\n|move|p2a: Goodra|Acid Armor|p2a: Goodra\n|-boost|p2a: Goodra|def|2\n|\n|-weather|Snow|[upkeep]\n|-heal|p2a: Goodra|99/100|[from] item: Leftovers\n|upkeep\n|turn|11\n|\n|t:|1695180336\n|switch|p2a: HugeMilkers|Hatterene, F|61/100\n|move|p1a: Garchomp|Earthquake|p2a: HugeMilkers\n|-damage|p2a: HugeMilkers|13/100\n|-damage|p1a: Garchomp|91/100|[from] item: Life Orb\n|\n|-weather|none\n|-heal|p2a: HugeMilkers|19/100|[from] item: Leftovers\n|upkeep\n|turn|12\n|\n|t:|1695180343\n|switch|p2a: Mandibuzz|Mandibuzz, F|82/100\n|move|p1a: Garchomp|Earthquake|p2a: Mandibuzz\n|-immune|p2a: Mandibuzz\n|\n|-heal|p2a: Mandibuzz|88/100|[from] item: Leftovers\n|upkeep\n|turn|13\n|\n|t:|1695180348\n|move|p1a: Garchomp|Stealth Rock|p2a: Mandibuzz\n|-sidestart|p2: Pokex265|move: Stealth Rock\n|move|p2a: Mandibuzz|Toxic|p1a: Garchomp\n|-status|p1a: Garchomp|tox\n|\n|-heal|p2a: Mandibuzz|95/100|[from] item: Leftovers\n|-damage|p1a: Garchomp|85/100 tox|[from] psn\n|upkeep\n|turn|14\n|\n|t:|1695180353\n|move|p1a: Garchomp|Draco Meteor|p2a: Mandibuzz\n|-damage|p2a: Mandibuzz|33/100\n|-unboost|p1a: Garchomp|spa|2\n|-damage|p1a: Garchomp|75/100 tox|[from] item: Life Orb\n|move|p2a: Mandibuzz|Defog|p1a: Garchomp\n|-unboost|p1a: Garchomp|evasion|1\n|-sideend|p1: kom0do|move: Aurora Veil\n|-sideend|p2: Pokex265|Stealth Rock|[from] move: Defog|[of] p2a: Mandibuzz\n|\n|-heal|p2a: Mandibuzz|39/100|[from] item: Leftovers\n|-damage|p1a: Garchomp|62/100 tox|[from] psn\n|upkeep\n|turn|15\n|\n|t:|1695180358\n|switch|p1a: Greninja|Greninja, M|100/100\n|move|p2a: Mandibuzz|Roost|p2a: Mandibuzz\n|-heal|p2a: Mandibuzz|89/100\n|-singleturn|p2a: Mandibuzz|move: Roost\n|\n|-heal|p2a: Mandibuzz|95/100|[from] item: Leftovers\n|upkeep\n|turn|16\n|\n|t:|1695180362\n|switch|p2a: HugeMilkers|Hatterene, F|19/100\n|move|p1a: Greninja|Ice Beam|p2a: HugeMilkers\n|-damage|p2a: HugeMilkers|0 fnt\n|faint|p2a: HugeMilkers\n|-ability|p1a: Greninja|Battle Bond|boost\n|-boost|p1a: Greninja|atk|1\n|-boost|p1a: Greninja|spa|1\n|-boost|p1a: Greninja|spe|1\n|-activate|p1a: Greninja|ability: Battle Bond\n|-damage|p1a: Greninja|91/100|[from] item: Life Orb\n|\n|upkeep\n|\n|t:|1695180369\n|switch|p2a: Rotom|Rotom-Wash|100/100\n|turn|17\n|\n|t:|1695180373\n|move|p1a: Greninja|Dark Pulse|p2a: Rotom\n|-damage|p2a: Rotom|13/100\n|-damage|p1a: Greninja|81/100|[from] item: Life Orb\n|move|p2a: Rotom|Volt Switch|p1a: Greninja\n|-supereffective|p1a: Greninja\n|-damage|p1a: Greninja|0 fnt\n|faint|p1a: Greninja\n|\n|t:|1695180388\n|switch|p2a: Goodra|Goodra-Hisui, M|100/100|[from] Volt Switch\n|\n|upkeep\n|\n|t:|1695180398\n|switch|p1a: Ninetales|Ninetales-Alola, M|75/100 tox\n|-weather|Snow|[from] ability: Snow Warning|[of] p1a: Ninetales\n|turn|18\n|\n|t:|1695180404\n|move|p2a: Goodra|U-turn|p1a: Ninetales\n|-resisted|p1a: Ninetales\n|-damage|p1a: Ninetales|63/100 tox\n|\n|t:|1695180410\n|switch|p2a: Goodra|Goodra-Hisui, M|99/100|[from] U-turn\n|move|p1a: Ninetales|Aurora Veil|p1a: Ninetales\n|-sidestart|p1: kom0do|move: Aurora Veil\n|\n|-weather|Snow|[upkeep]\n|-heal|p2a: Goodra|100/100|[from] item: Leftovers\n|-damage|p1a: Ninetales|57/100 tox|[from] psn\n|upkeep\n|turn|19\n|\n|t:|1695180428\n|switch|p1a: Garchomp|Garchomp, M|62/100 tox\n|move|p2a: Goodra|Acid Armor|p2a: Goodra\n|-boost|p2a: Goodra|def|2\n|\n|-weather|Snow|[upkeep]\n|-damage|p1a: Garchomp|56/100 tox|[from] psn\n|upkeep\n|turn|20\n|\n|t:|1695180434\n|-terastallize|p2a: Goodra|Fairy\n|move|p1a: Garchomp|Draco Meteor|p2a: Goodra\n|-immune|p2a: Goodra\n|move|p2a: Goodra|Acid Armor|p2a: Goodra\n|-boost|p2a: Goodra|def|2\n|\n|-weather|Snow|[upkeep]\n|-damage|p1a: Garchomp|44/100 tox|[from] psn\n|upkeep\n|turn|21\n|\n|t:|1695180440\n|move|p1a: Garchomp|Stealth Rock|p2a: Goodra\n|-sidestart|p2: Pokex265|move: Stealth Rock\n|move|p2a: Goodra|Acid Armor|p2a: Goodra\n|-boost|p2a: Goodra|def|2\n|\n|-weather|Snow|[upkeep]\n|-damage|p1a: Garchomp|25/100 tox|[from] psn\n|upkeep\n|turn|22\n|\n|t:|1695180445\n|move|p1a: Garchomp|Earthquake|p2a: Goodra\n|-damage|p2a: Goodra|90/100\n|-damage|p1a: Garchomp|16/100 tox|[from] item: Life Orb\n|move|p2a: Goodra|Body Press|p1a: Garchomp\n|-damage|p1a: Garchomp|0 fnt\n|-damage|p2a: Goodra|77/100|[from] ability: Rough Skin|[of] p1a: Garchomp\n|faint|p1a: Garchomp\n|\n|-weather|none\n|-heal|p2a: Goodra|83/100|[from] item: Leftovers\n|upkeep\n|\n|t:|1695180453\n|switch|p1a: Kingambit|Kingambit, F|100/100\n|-activate|p1a: Kingambit|ability: Supreme Overlord\n|-start|p1a: Kingambit|fallen3|[silent]\n|turn|23\n|\n|t:|1695180457\n|move|p2a: Goodra|Body Press|p1a: Kingambit\n|-supereffective|p1a: Kingambit\n|-damage|p1a: Kingambit|0 fnt\n|faint|p1a: Kingambit\n|-end|p1a: Kingambit|fallen3|[silent]\n|\n|-heal|p2a: Goodra|89/100|[from] item: Leftovers\n|upkeep\n|\n|t:|1695180462\n|switch|p1a: Ogerpon|Ogerpon-Hearthflame, F|100/100\n|-ability|p1a: Ogerpon|Mold Breaker\n|turn|24\n|\n|t:|1695180472\n|-terastallize|p1a: Ogerpon|Fire\n|detailschange|p1a: Ogerpon|Ogerpon-Hearthflame-Tera, F, tera:Fire\n|-ability|p1a: Ogerpon|Embody Aspect (Hearthflame)|boost\n|-boost|p1a: Ogerpon|atk|1\n|move|p1a: Ogerpon|Swords Dance|p1a: Ogerpon\n|-boost|p1a: Ogerpon|atk|2\n|move|p2a: Goodra|Body Press|p1a: Ogerpon\n|-damage|p1a: Ogerpon|35/100\n|\n|-heal|p2a: Goodra|95/100|[from] item: Leftovers\n|upkeep\n|turn|25\n|\n|t:|1695180486\n|move|p1a: Ogerpon|Horn Leech|p2a: Goodra\n|-ability|p2a: Goodra|Sap Sipper|boost\n|-boost|p2a: Goodra|atk|1\n|move|p2a: Goodra|Body Press|p1a: Ogerpon\n|-damage|p1a: Ogerpon|0 fnt\n|faint|p1a: Ogerpon\n|\n|-heal|p2a: Goodra|100/100|[from] item: Leftovers\n|-sideend|p1: kom0do|move: Aurora Veil\n|upkeep\n|-message|kom0do forfeited.\n|\n|win|Pokex265\n|raw|kom0do's rating: 1142 &rarr; <strong>1121</strong><br />(-21 for losing)\n|raw|Pokex265's rating: 1198 &rarr; <strong>1219</strong><br />(+21 for winning)\n|l|\u2606kom0do\n", "uploadtime": 1695180499, "views": 3, "p1id": "kom0do", "p2id": "pokex265", "formatid": "gen9ou", "rating": 1121, "private": 0, "password": ""}