{"id": "gen9ou-1947640956", "p1": "malk tyme", "p2": "4war4e", "format": "gen9ou", "log": "|j|\u2606malk tyme\n|j|\u26064war4e\n|t:|1695180931\n|gametype|singles\n|player|p1|malk tyme|169|1563\n|player|p2|4war4e|1|1511\n|teamsize|p1|6\n|teamsize|p2|6\n|gen|9\n|tier|[Gen 9] OU\n|rated|\n|rule|Sleep Clause Mod: Limit one foe put to sleep\n|rule|Species Clause: Limit one of each Pok\u00e9mon\n|rule|OHKO Clause: OHKO moves are banned\n|rule|Evasion Items Clause: Evasion items are banned\n|rule|Evasion Moves Clause: Evasion moves are banned\n|rule|Endless Battle Clause: Forcing endless battles is banned\n|rule|HP Percentage Mod: HP is shown in percentages\n|clearpoke\n|poke|p1|Tyranitar, M|\n|poke|p1|Ogerpon-Cornerstone, F|\n|poke|p1|Mandibuzz, F|\n|poke|p1|Ursaluna-Bloodmoon, M|\n|poke|p1|Goodra-Hisui, F|\n|poke|p1|Gholdengo|\n|poke|p2|Mew|\n|poke|p2|Ursaluna-Bloodmoon, M|\n|poke|p2|Ogerpon-Hearthflame, F|\n|poke|p2|Walking Wake|\n|poke|p2|Ninetales, F|\n|poke|p2|Great Tusk|\n|teampreview\n|inactive|Battle timer is ON: inactive players will automatically lose when time's up. (requested by 4war4e)\n|l|\u2606malk tyme\n|inactive|malk tyme disconnected and has a minute to reconnect!\n|player|p1|\n|inactive|malk tyme has 30 seconds to reconnect!\n|j|\u2606malk tyme\n|inactive|malk tyme reconnected and has 115 seconds left.\n|player|p1|malk tyme|169\n|\n|t:|1695180989\n|start\n|switch|p1a: Gholdengo|Gholdengo|100/100\n|switch|p2a: Great Tusk|Great Tusk|100/100\n|turn|1\n|\n|t:|1695181011\n|move|p1a: Gholdengo|Make It Rain|p2a: Great Tusk\n|-damage|p2a: Great Tusk|23/100\n|-unboost|p1a: Gholdengo|spa|1\n|move|p2a: Great Tusk|Knock Off|p1a: Gholdengo\n|-supereffective|p1a: Gholdengo\n|-damage|p1a: Gholdengo|35/100\n|-enditem|p1a: Gholdengo|Choice Scarf|[from] move: Knock Off|[of] p2a: Great Tusk\n|\n|upkeep\n|turn|2\n|\n|t:|1695181018\n|move|p1a: Gholdengo|Make It Rain|p2a: Great Tusk\n|-damage|p2a: Great Tusk|0 fnt\n|-unboost|p1a: Gholdengo|spa|1\n|faint|p2a: Great Tusk\n|-end|p2a: Great Tusk|Protosynthesis|[silent]\n|\n|upkeep\n|\n|t:|1695181020\n|switch|p2a: Ogerpon|Ogerpon-Hearthflame, F|100/100\n|-ability|p2a: Ogerpon|Mold Breaker\n|turn|3\n|\n|t:|1695181025\n|switch|p1a: Mandibuzz|Mandibuzz, F|100/100\n|move|p2a: Ogerpon|Swords Dance|p2a: Ogerpon\n|-boost|p2a: Ogerpon|atk|2\n|\n|upkeep\n|turn|4\n|\n|t:|1695181030\n|move|p2a: Ogerpon|Ivy Cudgel|p1a: Mandibuzz\n|-damage|p1a: Mandibuzz|0 fnt\n|faint|p1a: Mandibuzz\n|\n|upkeep\n|\n|t:|1695181034\n|switch|p1a: Ogerpon|Ogerpon-Cornerstone, F|100/100\n|turn|5\n|\n|t:|1695181037\n|move|p1a: Ogerpon|Ivy Cudgel|p2a: Ogerpon\n|-supereffective|p2a: Ogerpon\n|-damage|p2a: Ogerpon|0 fnt\n|faint|p2a: Ogerpon\n|\n|upkeep\n|\n|t:|1695181041\n|switch|p2a: Ninetales|Ninetales, F|100/100\n|-weather|SunnyDay|[from] ability: Drought|[of] p2a: Ninetales\n|turn|6\n|\n|t:|1695181061\n|switch|p2a: Walking Wake|Walking Wake|100/100\n|-activate|p2a: Walking Wake|ability: Protosynthesis\n|-start|p2a: Walking Wake|protosynthesisspe\n|move|p1a: Ogerpon|Ivy Cudgel|p2a: Walking Wake\n|-damage|p2a: Walking Wake|38/100\n|\n|-weather|SunnyDay|[upkeep]\n|upkeep\n|turn|7\n|\n|t:|1695181071\n|move|p2a: Walking Wake|Hydro Steam|p1a: Ogerpon\n|-ability|p1a: Ogerpon|Sturdy\n|-damage|p1a: Ogerpon|1/100\n|move|p1a: Ogerpon|Trailblaze|p2a: Walking Wake\n|-damage|p2a: Walking Wake|8/100\n|-boost|p1a: Ogerpon|spe|1\n|\n|-weather|SunnyDay|[upkeep]\n|upkeep\n|turn|8\n|\n|t:|1695181079\n|move|p1a: Ogerpon|Trailblaze|p2a: Walking Wake\n|-damage|p2a: Walking Wake|0 fnt\n|-boost|p1a: Ogerpon|spe|1\n|faint|p2a: Walking Wake\n|-end|p2a: Walking Wake|Protosynthesis|[silent]\n|\n|-weather|SunnyDay|[upkeep]\n|upkeep\n|\n|t:|1695181081\n|switch|p2a: Ursaluna|Ursaluna-Bloodmoon, M|100/100\n|turn|9\n|\n|t:|1695181083\n|move|p2a: Ursaluna|Vacuum Wave|p1a: Ogerpon\n|-supereffective|p1a: Ogerpon\n|-damage|p1a: Ogerpon|0 fnt\n|faint|p1a: Ogerpon\n|\n|-weather|SunnyDay|[upkeep]\n|upkeep\n|\n|t:|1695181099\n|switch|p1a: Tyranitar|Tyranitar, M|100/100\n|-weather|Sandstorm|[from] ability: Sand Stream|[of] p1a: Tyranitar\n|turn|10\n|\n|t:|1695181107\n|-terastallize|p1a: Tyranitar|Flying\n|move|p1a: Tyranitar|Tera Blast|p2a: Ursaluna\n|-damage|p2a: Ursaluna|57/100\n|move|p2a: Ursaluna|Calm Mind|p2a: Ursaluna\n|-boost|p2a: Ursaluna|spa|1\n|-boost|p2a: Ursaluna|spd|1\n|\n|-weather|Sandstorm|[upkeep]\n|-damage|p1a: Tyranitar|94/100|[from] Sandstorm\n|upkeep\n|turn|11\n|\n|t:|1695181116\n|switch|p1a: Goodra|Goodra-Hisui, F|100/100\n|move|p2a: Ursaluna|Blood Moon|p1a: Goodra\n|-resisted|p1a: Goodra\n|-damage|p1a: Goodra|75/100\n|\n|-weather|Sandstorm|[upkeep]\n|upkeep\n|turn|12\n|\n|t:|1695181124\n|move|p1a: Goodra|Dragon Pulse|p2a: Ursaluna\n|-damage|p2a: Ursaluna|24/100\n|-enditem|p2a: Ursaluna|Aguav Berry|[eat]\n|-heal|p2a: Ursaluna|57/100|[from] item: Aguav Berry\n|move|p2a: Ursaluna|Earth Power|p1a: Goodra\n|-supereffective|p1a: Goodra\n|-damage|p1a: Goodra|6/100\n|\n|-weather|Sandstorm|[upkeep]\n|upkeep\n|turn|13\n|\n|t:|1695181133\n|switch|p1a: Tyranitar|Tyranitar, M, tera:Flying|94/100\n|move|p2a: Ursaluna|Vacuum Wave|p1a: Tyranitar\n|-resisted|p1a: Tyranitar\n|-damage|p1a: Tyranitar|85/100\n|\n|-weather|Sandstorm|[upkeep]\n|-damage|p1a: Tyranitar|78/100|[from] Sandstorm\n|upkeep\n|turn|14\n|\n|t:|1695181143\n|move|p1a: Tyranitar|Tera Blast|p2a: Ursaluna\n|-damage|p2a: Ursaluna|7/100\n|move|p2a: Ursaluna|Blood Moon|p1a: Tyranitar\n|-damage|p1a: Tyranitar|0 fnt\n|faint|p1a: Tyranitar\n|\n|-weather|none\n|upkeep\n|\n|t:|1695181147\n|switch|p1a: Ursaluna|Ursaluna-Bloodmoon, M|100/100\n|turn|15\n|\n|t:|1695181152\n|move|p2a: Ursaluna|Vacuum Wave|p1a: Ursaluna\n|-supereffective|p1a: Ursaluna\n|-damage|p1a: Ursaluna|43/100\n|move|p1a: Ursaluna|Hyper Voice|p2a: Ursaluna\n|-damage|p2a: Ursaluna|0 fnt\n|faint|p2a: Ursaluna\n|\n|-heal|p1a: Ursaluna|49/100|[from] item: Leftovers\n|upkeep\n|\n|t:|1695181156\n|switch|p2a: Ninetales|Ninetales, F|100/100\n|-weather|SunnyDay|[from] ability: Drought|[of] p2a: Ninetales\n|turn|16\n|\n|t:|1695181161\n|move|p2a: Ninetales|Energy Ball|p1a: Ursaluna\n|-supereffective|p1a: Ursaluna\n|-damage|p1a: Ursaluna|0 fnt\n|faint|p1a: Ursaluna\n|\n|-weather|SunnyDay|[upkeep]\n|upkeep\n|\n|t:|1695181164\n|switch|p1a: Goodra|Goodra-Hisui, F|6/100\n|turn|17\n|\n|t:|1695181167\n|move|p2a: Ninetales|Flamethrower|p1a: Goodra\n|-damage|p1a: Goodra|0 fnt\n|faint|p1a: Goodra\n|\n|-weather|SunnyDay|[upkeep]\n|upkeep\n|\n|t:|1695181169\n|switch|p1a: Gholdengo|Gholdengo|35/100\n|turn|18\n|\n|t:|1695181172\n|move|p2a: Ninetales|Flamethrower|p1a: Gholdengo\n|-supereffective|p1a: Gholdengo\n|-damage|p1a: Gholdengo|0 fnt\n|faint|p1a: Gholdengo\n|\n|win|4war4e\n|raw|malk tyme's rating: 1563 &rarr; <strong>1540</strong><br />(-23 for losing)\n|raw|4war4e's rating: 1511 &rarr; <strong>1534</strong><br />(+23 for winning)\n|l|\u2606malk tyme\n", "uploadtime": 1695181175, "views": 3, "p1id": "malktyme", "p2id": "4war4e", "formatid": "gen9ou", "rating": 1534, "private": 0, "password": ""}