{"id": "gen9ou-1947609019", "p1": "techn0_404", "p2": "adios volcarona", "format": "gen9ou", "log": "|j|\u2606techn0_404\n|j|\u2606adios volcarona\n|t:|1695177487\n|gametype|singles\n|player|p1|techn0_404|2|1261\n|player|p2|adios volcarona|170|1240\n|teamsize|p1|6\n|teamsize|p2|6\n|gen|9\n|tier|[Gen 9] OU\n|rated|\n|rule|Sleep Clause Mod: Limit one foe put to sleep\n|rule|Species Clause: Limit one of each Pok\u00e9mon\n|rule|OHKO Clause: OHKO moves are banned\n|rule|Evasion Items Clause: Evasion items are banned\n|rule|Evasion Moves Clause: Evasion moves are banned\n|rule|Endless Battle Clause: Forcing endless battles is banned\n|rule|HP Percentage Mod: HP is shown in percentages\n|clearpoke\n|poke|p1|Manaphy|\n|poke|p1|Pelipper, M|\n|poke|p1|Basculegion-F, F|\n|poke|p1|Samurott-Hisui, F|\n|poke|p1|Corviknight, M|\n|poke|p1|Gliscor, M|\n|poke|p2|Ribombee, M|\n|poke|p2|Ursaluna-Bloodmoon, M|\n|poke|p2|Gholdengo|\n|poke|p2|Grimmsnarl, M|\n|poke|p2|Ogerpon-Wellspring, F|\n|poke|p2|Iron Moth|\n|teampreview\n|\n|t:|1695177534\n|start\n|switch|p1a: Samurott|Samurott-Hisui, F|100/100\n|switch|p2a: Ribombee|Ribombee, M|100/100\n|turn|1\n|\n|t:|1695177547\n|move|p2a: Ribombee|Moonblast|p1a: Samurott\n|-supereffective|p1a: Samurott\n|-damage|p1a: Samurott|5/100\n|move|p1a: Samurott|Razor Shell|p2a: Ribombee\n|-damage|p2a: Ribombee|21/100\n|\n|upkeep\n|turn|2\n|\n|t:|1695177557\n|switch|p2a: Ogerpon|Ogerpon-Wellspring, F|100/100\n|move|p1a: Samurott|Aqua Jet|p2a: Ogerpon\n|-immune|p2a: Ogerpon|[from] ability: Water Absorb\n|\n|upkeep\n|turn|3\n|\n|t:|1695177573\n|move|p2a: Ogerpon|Ivy Cudgel|p1a: Samurott\n|-resisted|p1a: Samurott\n|-damage|p1a: Samurott|0 fnt\n|faint|p1a: Samurott\n|\n|upkeep\n|\n|t:|1695177575\n|switch|p1a: Corviknight|Corviknight, M, shiny|100/100\n|-ability|p1a: Corviknight|Pressure\n|turn|4\n|\n|t:|1695177601\n|switch|p2a: Gholdengo|Gholdengo|100/100\n|-item|p2a: Gholdengo|Air Balloon\n|move|p1a: Corviknight|Brave Bird|p2a: Gholdengo\n|-resisted|p2a: Gholdengo\n|-damage|p2a: Gholdengo|79/100\n|-enditem|p2a: Gholdengo|Air Balloon\n|-damage|p1a: Corviknight|95/100|[from] Recoil\n|\n|-heal|p1a: Corviknight|100/100|[from] item: Leftovers\n|upkeep\n|turn|5\n|inactive|Battle timer is ON: inactive players will automatically lose when time's up. (requested by adios volcarona)\n|\n|t:|1695177613\n|move|p2a: Gholdengo|Shadow Ball|p1a: Corviknight\n|-damage|p1a: Corviknight|62/100\n|move|p1a: Corviknight|U-turn|p2a: Gholdengo\n|-resisted|p2a: Gholdengo\n|-damage|p2a: Gholdengo|75/100\n|\n|t:|1695177617\n|switch|p1a: Pelipper|Pelipper, M, shiny|100/100|[from] U-turn\n|-weather|RainDance|[from] ability: Drizzle|[of] p1a: Pelipper\n|\n|-weather|RainDance|[upkeep]\n|upkeep\n|turn|6\n|\n|t:|1695177644\n|move|p2a: Gholdengo|Shadow Ball|p1a: Pelipper\n|-damage|p1a: Pelipper|38/100\n|move|p1a: Pelipper|U-turn|p2a: Gholdengo\n|-resisted|p2a: Gholdengo\n|-damage|p2a: Gholdengo|73/100\n|\n|t:|1695177651\n|switch|p1a: Basculegion|Basculegion-F, F|100/100|[from] U-turn\n|\n|-weather|RainDance|[upkeep]\n|upkeep\n|turn|7\n|\n|t:|1695177659\n|switch|p2a: Ribombee|Ribombee, M|21/100\n|-terastallize|p1a: Basculegion|Water\n|move|p1a: Basculegion|Surf|p2a: Ribombee\n|-damage|p2a: Ribombee|0 fnt\n|faint|p2a: Ribombee\n|\n|-weather|RainDance|[upkeep]\n|upkeep\n|\n|t:|1695177667\n|switch|p2a: Ogerpon|Ogerpon-Wellspring, F|100/100\n|turn|8\n|\n|t:|1695177702\n|switch|p1a: Corviknight|Corviknight, M, shiny|62/100\n|-ability|p1a: Corviknight|Pressure\n|-terastallize|p2a: Ogerpon|Water\n|detailschange|p2a: Ogerpon|Ogerpon-Wellspring-Tera, F, tera:Water\n|-ability|p2a: Ogerpon|Embody Aspect (Wellspring)|boost\n|-boost|p2a: Ogerpon|spd|1\n|move|p2a: Ogerpon|Trailblaze|p1a: Corviknight\n|-resisted|p1a: Corviknight\n|-damage|p1a: Corviknight|58/100\n|-boost|p2a: Ogerpon|spe|1\n|\n|-weather|RainDance|[upkeep]\n|-heal|p1a: Corviknight|64/100|[from] item: Leftovers\n|upkeep\n|turn|9\n|\n|t:|1695177719\n|move|p2a: Ogerpon|Ivy Cudgel|p1a: Corviknight\n|-damage|p1a: Corviknight|0 fnt\n|faint|p1a: Corviknight\n|\n|-weather|RainDance|[upkeep]\n|upkeep\n|inactive|techn0_404 has 120 seconds left.\n|\n|t:|1695177756\n|switch|p1a: Basculegion|Basculegion-F, F, tera:Water|100/100\n|turn|10\n|\n|t:|1695177764\n|move|p2a: Ogerpon|Trailblaze|p1a: Basculegion\n|-supereffective|p1a: Basculegion\n|-damage|p1a: Basculegion|25/100\n|-boost|p2a: Ogerpon|spe|1\n|move|p1a: Basculegion|Shadow Ball|p2a: Ogerpon\n|-damage|p2a: Ogerpon|55/100\n|\n|-weather|RainDance|[upkeep]\n|upkeep\n|turn|11\n|\n|t:|1695177776\n|switch|p1a: Gliscor|Gliscor, M|100/100\n|move|p2a: Ogerpon|Ivy Cudgel|p1a: Gliscor\n|-supereffective|p1a: Gliscor\n|-damage|p1a: Gliscor|0 fnt\n|faint|p1a: Gliscor\n|\n|-weather|RainDance|[upkeep]\n|upkeep\n|\n|t:|1695177779\n|switch|p1a: Manaphy|Manaphy, shiny|100/100\n|turn|12\n|\n|t:|1695177783\n|move|p2a: Ogerpon|Trailblaze|p1a: Manaphy\n|-supereffective|p1a: Manaphy\n|-damage|p1a: Manaphy|37/100\n|-boost|p2a: Ogerpon|spe|1\n|move|p1a: Manaphy|Energy Ball|p2a: Ogerpon\n|-supereffective|p2a: Ogerpon\n|-damage|p2a: Ogerpon|15/100\n|\n|-weather|none\n|-heal|p1a: Manaphy|43/100|[from] item: Leftovers\n|upkeep\n|turn|13\n|inactive|techn0_404 has 120 seconds left.\n|\n|t:|1695177791\n|move|p2a: Ogerpon|Trailblaze|p1a: Manaphy\n|-supereffective|p1a: Manaphy\n|-damage|p1a: Manaphy|0 fnt\n|-boost|p2a: Ogerpon|spe|1\n|faint|p1a: Manaphy\n|\n|upkeep\n|inactive|techn0_404 has 120 seconds left.\n|-message|techn0_404 forfeited.\n|\n|win|adios volcarona\n|raw|techn0_404's rating: 1261 &rarr; <strong>1234</strong><br />(-27 for losing)\n|raw|adios volcarona's rating: 1240 &rarr; <strong>1267</strong><br />(+27 for winning)\n|l|\u2606techn0_404\n", "uploadtime": 1695177799, "views": 6, "p1id": "techn0404", "p2id": "adiosvolcarona", "formatid": "gen9ou", "rating": 1234, "private": 0, "password": ""}