{"id": "gen9ou-1947671256", "p1": "yuwentai", "p2": "Cubielubie", "format": "gen9ou", "log": "|j|\u2606yuwentai\n|j|\u203dCubielubie\n|t:|1695184841\n|gametype|singles\n|player|p1|yuwentai|102|1565\n|player|p2|Cubielubie|265|1550\n|teamsize|p1|6\n|teamsize|p2|6\n|gen|9\n|tier|[Gen 9] OU\n|rated|\n|rule|Sleep Clause Mod: Limit one foe put to sleep\n|rule|Species Clause: Limit one of each Pok\u00e9mon\n|rule|OHKO Clause: OHKO moves are banned\n|rule|Evasion Items Clause: Evasion items are banned\n|rule|Evasion Moves Clause: Evasion moves are banned\n|rule|Endless Battle Clause: Forcing endless battles is banned\n|rule|HP Percentage Mod: HP is shown in percentages\n|clearpoke\n|poke|p1|Gholdengo|\n|poke|p1|Great Tusk|\n|poke|p1|Empoleon, F|\n|poke|p1|Ursaluna-Bloodmoon, M|\n|poke|p1|Tauros-Paldea-Blaze, M|\n|poke|p1|Meowscarada, F|\n|poke|p2|Manaphy|\n|poke|p2|Ninetales-Alola, F|\n|poke|p2|Azelf|\n|poke|p2|Kommo-o, M|\n|poke|p2|Tyranitar, M|\n|poke|p2|Iron Treads|\n|teampreview\n|inactive|Battle timer is ON: inactive players will automatically lose when time's up. (requested by yuwentai)\n|\n|t:|1695184872\n|start\n|switch|p1a: Empoleon|Empoleon, F|100/100\n|switch|p2a: Azelf|Azelf, shiny|100/100\n|turn|1\n|\n|t:|1695184884\n|move|p2a: Azelf|Taunt|p1a: Empoleon\n|-start|p1a: Empoleon|move: Taunt\n|move|p1a: Empoleon|Flip Turn|p2a: Azelf\n|-damage|p2a: Azelf|73/100\n|\n|t:|1695184890\n|switch|p1a: Meowscarada|Meowscarada, F|100/100|[from] Flip Turn\n|\n|upkeep\n|turn|2\n|\n|t:|1695184902\n|switch|p2a: Iron Treads|Iron Treads|100/100\n|move|p1a: Meowscarada|Knock Off|p2a: Iron Treads\n|-start|p1a: Meowscarada|typechange|Dark|[from] ability: Protean\n|-damage|p2a: Iron Treads|57/100\n|-enditem|p2a: Iron Treads|Assault Vest|[from] move: Knock Off|[of] p1a: Meowscarada\n|\n|upkeep\n|turn|3\n|\n|t:|1695184917\n|move|p1a: Meowscarada|Knock Off|p2a: Iron Treads\n|-damage|p2a: Iron Treads|31/100\n|move|p2a: Iron Treads|Earthquake|p1a: Meowscarada\n|-damage|p1a: Meowscarada|29/100\n|\n|upkeep\n|turn|4\n|\n|t:|1695184938\n|switch|p1a: Great Tusk|Great Tusk|100/100\n|move|p2a: Iron Treads|Earthquake|p1a: Great Tusk\n|-damage|p1a: Great Tusk|66/100\n|\n|-heal|p1a: Great Tusk|72/100|[from] item: Leftovers\n|upkeep\n|turn|5\n|\n|t:|1695184947\n|-end|p2a: Iron Treads|Quark Drive|[silent]\n|switch|p2a: Ninetales|Ninetales-Alola, F, shiny|100/100\n|-weather|Snow|[from] ability: Snow Warning|[of] p2a: Ninetales\n|move|p1a: Great Tusk|Rapid Spin|p2a: Ninetales\n|-damage|p2a: Ninetales|86/100\n|-boost|p1a: Great Tusk|spe|1\n|\n|-weather|Snow|[upkeep]\n|-heal|p1a: Great Tusk|79/100|[from] item: Leftovers\n|upkeep\n|turn|6\n|inactive|Cubielubie has 120 seconds left.\n|\n|t:|1695184985\n|-end|p1a: Great Tusk|Protosynthesis|[silent]\n|switch|p1a: Empoleon|Empoleon, F|100/100\n|move|p2a: Ninetales|Aurora Veil|p2a: Ninetales\n|-sidestart|p2: Cubielubie|move: Aurora Veil\n|\n|-weather|Snow|[upkeep]\n|upkeep\n|turn|7\n|inactive|Cubielubie has 120 seconds left.\n|\n|t:|1695184996\n|switch|p2a: Azelf|Azelf, shiny|73/100\n|move|p1a: Empoleon|Stealth Rock|p2a: Azelf\n|-sidestart|p2: Cubielubie|move: Stealth Rock\n|\n|-weather|Snow|[upkeep]\n|upkeep\n|turn|8\n|\n|t:|1695185004\n|move|p2a: Azelf|Stealth Rock|p1a: Empoleon\n|-sidestart|p1: yuwentai|move: Stealth Rock\n|move|p1a: Empoleon|Flip Turn|p2a: Azelf\n|-damage|p2a: Azelf|60/100\n|\n|t:|1695185013\n|switch|p1a: Tauros|Tauros-Paldea-Blaze, M|100/100|[from] Flip Turn\n|-damage|p1a: Tauros|88/100|[from] Stealth Rock\n|-ability|p1a: Tauros|Intimidate|boost\n|-unboost|p2a: Azelf|atk|1\n|\n|-weather|Snow|[upkeep]\n|-heal|p1a: Tauros|94/100|[from] item: Leftovers\n|upkeep\n|turn|9\n|\n|t:|1695185024\n|move|p2a: Azelf|Explosion|p1a: Tauros\n|-damage|p1a: Tauros|58/100\n|faint|p2a: Azelf\n|move|p1a: Tauros|Raging Bull|p2: Azelf|[notarget]\n|-fail|p1a: Tauros\n|\n|-weather|none\n|-heal|p1a: Tauros|65/100|[from] item: Leftovers\n|upkeep\n|\n|t:|1695185033\n|switch|p2a: Manaphy|Manaphy|100/100\n|-damage|p2a: Manaphy|88/100|[from] Stealth Rock\n|turn|10\n|\n|t:|1695185038\n|switch|p1a: Meowscarada|Meowscarada, F|29/100\n|-damage|p1a: Meowscarada|17/100|[from] Stealth Rock\n|move|p2a: Manaphy|Scald|p1a: Meowscarada\n|-resisted|p1a: Meowscarada\n|-crit|p1a: Meowscarada\n|-damage|p1a: Meowscarada|0 fnt\n|faint|p1a: Meowscarada\n|\n|-heal|p2a: Manaphy|94/100|[from] item: Leftovers\n|upkeep\n|\n|t:|1695185059\n|switch|p1a: Gholdengo|Gholdengo|100/100\n|-damage|p1a: Gholdengo|94/100|[from] Stealth Rock\n|turn|11\n|\n|t:|1695185067\n|switch|p2a: Iron Treads|Iron Treads|31/100\n|-damage|p2a: Iron Treads|28/100|[from] Stealth Rock\n|move|p1a: Gholdengo|Nasty Plot|p1a: Gholdengo\n|-boost|p1a: Gholdengo|spa|2\n|\n|upkeep\n|turn|12\n|\n|t:|1695185075\n|switch|p1a: Great Tusk|Great Tusk|79/100\n|-damage|p1a: Great Tusk|76/100|[from] Stealth Rock\n|move|p2a: Iron Treads|Earthquake|p1a: Great Tusk\n|-damage|p1a: Great Tusk|40/100\n|\n|-heal|p1a: Great Tusk|46/100|[from] item: Leftovers\n|upkeep\n|turn|13\n|\n|t:|1695185088\n|move|p2a: Iron Treads|Rapid Spin|p1a: Great Tusk\n|-damage|p1a: Great Tusk|35/100\n|-boost|p2a: Iron Treads|spe|1\n|-sideend|p2: Cubielubie|Stealth Rock|[from] move: Rapid Spin|[of] p2a: Iron Treads\n|move|p1a: Great Tusk|Rapid Spin|p2a: Iron Treads\n|-resisted|p2a: Iron Treads\n|-damage|p2a: Iron Treads|24/100\n|-boost|p1a: Great Tusk|spe|1\n|-sideend|p1: yuwentai|Stealth Rock|[from] move: Rapid Spin|[of] p1a: Great Tusk\n|\n|-heal|p1a: Great Tusk|41/100|[from] item: Leftovers\n|-sideend|p2: Cubielubie|move: Aurora Veil\n|upkeep\n|turn|14\n|\n|t:|1695185100\n|move|p2a: Iron Treads|Ice Spinner|p1a: Great Tusk\n|-supereffective|p1a: Great Tusk\n|-damage|p1a: Great Tusk|1/100\n|move|p1a: Great Tusk|Rapid Spin|p2a: Iron Treads\n|-resisted|p2a: Iron Treads\n|-damage|p2a: Iron Treads|16/100\n|-boost|p1a: Great Tusk|spe|1\n|\n|-heal|p1a: Great Tusk|7/100|[from] item: Leftovers\n|upkeep\n|turn|15\n|\n|t:|1695185113\n|move|p2a: Iron Treads|Rapid Spin|p1a: Great Tusk\n|-damage|p1a: Great Tusk|0 fnt\n|-boost|p2a: Iron Treads|spe|1\n|faint|p1a: Great Tusk\n|-end|p1a: Great Tusk|Protosynthesis|[silent]\n|\n|upkeep\n|\n|t:|1695185119\n|switch|p1a: Ursaluna|Ursaluna-Bloodmoon, M|100/100\n|turn|16\n|\n|t:|1695185124\n|move|p1a: Ursaluna|Vacuum Wave|p2a: Iron Treads\n|-supereffective|p2a: Iron Treads\n|-damage|p2a: Iron Treads|0 fnt\n|faint|p2a: Iron Treads\n|-end|p2a: Iron Treads|Quark Drive|[silent]\n|\n|upkeep\n|\n|t:|1695185126\n|switch|p2a: Ninetales|Ninetales-Alola, F, shiny|86/100\n|-weather|Snow|[from] ability: Snow Warning|[of] p2a: Ninetales\n|turn|17\n|\n|t:|1695185136\n|switch|p1a: Tauros|Tauros-Paldea-Blaze, M|65/100\n|-ability|p1a: Tauros|Intimidate|boost\n|-unboost|p2a: Ninetales|atk|1\n|move|p2a: Ninetales|Aurora Veil|p2a: Ninetales\n|-sidestart|p2: Cubielubie|move: Aurora Veil\n|\n|-weather|Snow|[upkeep]\n|-heal|p1a: Tauros|71/100|[from] item: Leftovers\n|upkeep\n|turn|18\n|\n|t:|1695185146\n|switch|p2a: Manaphy|Manaphy|94/100\n|move|p1a: Tauros|Raging Bull|p2a: Manaphy\n|-sideend|p2: Cubielubie|move: Aurora Veil\n|-resisted|p2a: Manaphy\n|-damage|p2a: Manaphy|81/100\n|\n|-weather|Snow|[upkeep]\n|-heal|p2a: Manaphy|87/100|[from] item: Leftovers\n|-heal|p1a: Tauros|77/100|[from] item: Leftovers\n|upkeep\n|turn|19\n|j| Wer223\n|\n|t:|1695185157\n|switch|p1a: Ursaluna|Ursaluna-Bloodmoon, M|100/100\n|move|p2a: Manaphy|Scald|p1a: Ursaluna\n|-supereffective|p1a: Ursaluna\n|-damage|p1a: Ursaluna|64/100\n|\n|-weather|Snow|[upkeep]\n|-heal|p2a: Manaphy|93/100|[from] item: Leftovers\n|upkeep\n|turn|20\n|\n|t:|1695185170\n|-terastallize|p1a: Ursaluna|Fairy\n|move|p2a: Manaphy|Take Heart|p2a: Manaphy\n|-boost|p2a: Manaphy|spa|1\n|-boost|p2a: Manaphy|spd|1\n|move|p1a: Ursaluna|Blood Moon|p2a: Manaphy\n|-damage|p2a: Manaphy|45/100\n|\n|-weather|Snow|[upkeep]\n|-heal|p2a: Manaphy|51/100|[from] item: Leftovers\n|upkeep\n|turn|21\n|\n|t:|1695185181\n|move|p2a: Manaphy|Scald|p1a: Ursaluna\n|-damage|p1a: Ursaluna|32/100\n|move|p1a: Ursaluna|Moonblast|p2a: Manaphy\n|-damage|p2a: Manaphy|21/100\n|\n|-weather|none\n|-heal|p2a: Manaphy|27/100|[from] item: Leftovers\n|upkeep\n|turn|22\n|\n|t:|1695185192\n|move|p2a: Manaphy|Scald|p1a: Ursaluna\n|-damage|p1a: Ursaluna|0 fnt\n|faint|p1a: Ursaluna\n|\n|-heal|p2a: Manaphy|33/100|[from] item: Leftovers\n|upkeep\n|\n|t:|1695185202\n|switch|p1a: Gholdengo|Gholdengo|94/100\n|turn|23\n|\n|t:|1695185206\n|move|p2a: Manaphy|Scald|p1a: Gholdengo\n|-damage|p1a: Gholdengo|53/100\n|move|p1a: Gholdengo|Nasty Plot|p1a: Gholdengo\n|-boost|p1a: Gholdengo|spa|2\n|\n|-heal|p2a: Manaphy|40/100|[from] item: Leftovers\n|upkeep\n|turn|24\n|\n|t:|1695185215\n|move|p2a: Manaphy|Scald|p1a: Gholdengo\n|-damage|p1a: Gholdengo|15/100\n|move|p1a: Gholdengo|Shadow Ball|p2a: Manaphy\n|-damage|p2a: Manaphy|0 fnt\n|faint|p2a: Manaphy\n|\n|upkeep\n|l| Wer223\n|\n|t:|1695185225\n|switch|p2a: Ninetales|Ninetales-Alola, F, shiny|86/100\n|-weather|Snow|[from] ability: Snow Warning|[of] p2a: Ninetales\n|turn|25\n|\n|t:|1695185233\n|move|p2a: Ninetales|Encore|p1a: Gholdengo\n|-immune|p1a: Gholdengo|[from] ability: Good as Gold\n|move|p1a: Gholdengo|Recover|p1a: Gholdengo\n|-heal|p1a: Gholdengo|65/100\n|\n|-weather|Snow|[upkeep]\n|upkeep\n|turn|26\n|\n|t:|1695185248\n|switch|p1a: Tauros|Tauros-Paldea-Blaze, M|77/100\n|-ability|p1a: Tauros|Intimidate|boost\n|-unboost|p2a: Ninetales|atk|1\n|move|p2a: Ninetales|Aurora Veil|p2a: Ninetales\n|-sidestart|p2: Cubielubie|move: Aurora Veil\n|\n|-weather|Snow|[upkeep]\n|-heal|p1a: Tauros|83/100|[from] item: Leftovers\n|upkeep\n|turn|27\n|\n|t:|1695185258\n|move|p2a: Ninetales|Freeze-Dry|p1a: Tauros\n|-resisted|p1a: Tauros\n|-damage|p1a: Tauros|71/100\n|move|p1a: Tauros|Raging Bull|p2a: Ninetales\n|-sideend|p2: Cubielubie|move: Aurora Veil\n|-supereffective|p2a: Ninetales\n|-damage|p2a: Ninetales|30/100\n|\n|-weather|Snow|[upkeep]\n|-heal|p1a: Tauros|78/100|[from] item: Leftovers\n|upkeep\n|turn|28\n|\n|t:|1695185273\n|move|p2a: Ninetales|Freeze-Dry|p1a: Tauros\n|-resisted|p1a: Tauros\n|-damage|p1a: Tauros|64/100\n|move|p1a: Tauros|Will-O-Wisp|p2a: Ninetales\n|-status|p2a: Ninetales|brn\n|\n|-weather|Snow|[upkeep]\n|-heal|p1a: Tauros|70/100|[from] item: Leftovers\n|-damage|p2a: Ninetales|24/100 brn|[from] brn\n|upkeep\n|turn|29\n|\n|t:|1695185284\n|move|p2a: Ninetales|Encore|p1a: Tauros\n|-start|p1a: Tauros|Encore\n|move|p1a: Tauros|Will-O-Wisp|p2a: Ninetales\n|-fail|p2a: Ninetales|brn\n|\n|-weather|none\n|-heal|p1a: Tauros|76/100|[from] item: Leftovers\n|-damage|p2a: Ninetales|18/100 brn|[from] brn\n|upkeep\n|turn|30\n|inactive|yuwentai has 120 seconds left.\n|\n|t:|1695185324\n|switch|p1a: Empoleon|Empoleon, F|100/100\n|move|p2a: Ninetales|Freeze-Dry|p1a: Empoleon\n|-damage|p1a: Empoleon|86/100\n|\n|-heal|p1a: Empoleon|93/100|[from] item: Leftovers\n|-damage|p2a: Ninetales|12/100 brn|[from] brn\n|upkeep\n|turn|31\n|\n|t:|1695185340\n|switch|p2a: Kommo-o|Kommo-o, M|100/100\n|move|p1a: Empoleon|Flip Turn|p2a: Kommo-o\n|-resisted|p2a: Kommo-o\n|-damage|p2a: Kommo-o|93/100\n|\n|t:|1695185348\n|switch|p1a: Tauros|Tauros-Paldea-Blaze, M|76/100|[from] Flip Turn\n|-ability|p1a: Tauros|Intimidate|boost\n|-unboost|p2a: Kommo-o|atk|1\n|\n|-heal|p1a: Tauros|83/100|[from] item: Leftovers\n|upkeep\n|turn|32\n|\n|t:|1695185366\n|move|p2a: Kommo-o|Drain Punch|p1a: Tauros\n|-damage|p1a: Tauros|67/100\n|-heal|p2a: Kommo-o|100/100|[from] drain|[of] p1a: Tauros\n|move|p1a: Tauros|Will-O-Wisp|p2a: Kommo-o\n|-status|p2a: Kommo-o|brn\n|\n|-heal|p1a: Tauros|73/100|[from] item: Leftovers\n|-damage|p2a: Kommo-o|94/100 brn|[from] brn\n|upkeep\n|turn|33\n|inactive|yuwentai has 120 seconds left.\n|\n|t:|1695185381\n|switch|p1a: Gholdengo|Gholdengo|65/100\n|move|p2a: Kommo-o|Drain Punch|p1a: Gholdengo\n|-immune|p1a: Gholdengo\n|\n|-damage|p2a: Kommo-o|88/100 brn|[from] brn\n|upkeep\n|turn|34\n|inactive|yuwentai has 120 seconds left.\n|\n|t:|1695185392\n|move|p2a: Kommo-o|Thunder Punch|p1a: Gholdengo\n|-damage|p1a: Gholdengo|59/100\n|move|p1a: Gholdengo|Make It Rain|p2a: Kommo-o\n|-damage|p2a: Kommo-o|25/100 brn\n|-unboost|p1a: Gholdengo|spa|1\n|-enditem|p2a: Kommo-o|Salac Berry|[eat]\n|-boost|p2a: Kommo-o|spe|1|[from] item: Salac Berry\n|\n|-damage|p2a: Kommo-o|19/100 brn|[from] brn\n|upkeep\n|turn|35\n|inactive|yuwentai has 120 seconds left.\n|\n|t:|1695185405\n|move|p2a: Kommo-o|Thunder Punch|p1a: Gholdengo\n|-damage|p1a: Gholdengo|53/100\n|move|p1a: Gholdengo|Recover|p1a: Gholdengo\n|-heal|p1a: Gholdengo|100/100\n|\n|-damage|p2a: Kommo-o|13/100 brn|[from] brn\n|upkeep\n|turn|36\n|\n|t:|1695185414\n|move|p2a: Kommo-o|Thunder Punch|p1a: Gholdengo\n|-damage|p1a: Gholdengo|95/100\n|move|p1a: Gholdengo|Nasty Plot|p1a: Gholdengo\n|-boost|p1a: Gholdengo|spa|2\n|\n|-damage|p2a: Kommo-o|7/100 brn|[from] brn\n|upkeep\n|turn|37\n|\n|t:|1695185427\n|move|p2a: Kommo-o|Thunder Punch|p1a: Gholdengo\n|-damage|p1a: Gholdengo|89/100\n|move|p1a: Gholdengo|Nasty Plot|p1a: Gholdengo\n|-boost|p1a: Gholdengo|spa|2\n|\n|-damage|p2a: Kommo-o|0 fnt|[from] brn\n|faint|p2a: Kommo-o\n|upkeep\n|\n|t:|1695185431\n|switch|p2a: Ninetales|Ninetales-Alola, F, shiny|12/100 brn\n|-weather|Snow|[from] ability: Snow Warning|[of] p2a: Ninetales\n|turn|38\n|\n|t:|1695185441\n|switch|p1a: Tauros|Tauros-Paldea-Blaze, M|73/100\n|-ability|p1a: Tauros|Intimidate|boost\n|-unboost|p2a: Ninetales|atk|1\n|move|p2a: Ninetales|Aurora Veil|p2a: Ninetales\n|-sidestart|p2: Cubielubie|move: Aurora Veil\n|\n|-weather|Snow|[upkeep]\n|-heal|p1a: Tauros|79/100|[from] item: Leftovers\n|-damage|p2a: Ninetales|5/100 brn|[from] brn\n|upkeep\n|turn|39\n|inactive|Cubielubie has 120 seconds left.\n|j| Sinnoh Souls\n|\n|t:|1695185491\n|switch|p2a: Tyranitar|Tyranitar, M, shiny|100/100\n|-weather|Sandstorm|[from] ability: Sand Stream|[of] p2a: Tyranitar\n|move|p1a: Tauros|Raging Bull|p2a: Tyranitar\n|-sideend|p2: Cubielubie|move: Aurora Veil\n|-resisted|p2a: Tyranitar\n|-damage|p2a: Tyranitar|84/100\n|\n|-weather|Sandstorm|[upkeep]\n|-damage|p1a: Tauros|73/100|[from] Sandstorm\n|-heal|p1a: Tauros|79/100|[from] item: Leftovers\n|upkeep\n|turn|40\n|\n|t:|1695185505\n|-terastallize|p2a: Tyranitar|Ghost\n|move|p2a: Tyranitar|Dragon Dance|p2a: Tyranitar\n|-boost|p2a: Tyranitar|atk|1\n|-boost|p2a: Tyranitar|spe|1\n|move|p1a: Tauros|Body Press|p2a: Tyranitar\n|-immune|p2a: Tyranitar\n|\n|-weather|Sandstorm|[upkeep]\n|-damage|p2a: Tyranitar|78/100|[from] Sandstorm\n|-damage|p1a: Tauros|73/100|[from] Sandstorm\n|-heal|p1a: Tauros|79/100|[from] item: Leftovers\n|upkeep\n|turn|41\n|\n|t:|1695185517\n|move|p2a: Tyranitar|Earthquake|p1a: Tauros\n|-supereffective|p1a: Tauros\n|-crit|p1a: Tauros\n|-damage|p1a: Tauros|0 fnt\n|faint|p1a: Tauros\n|\n|-weather|Sandstorm|[upkeep]\n|-damage|p2a: Tyranitar|72/100|[from] Sandstorm\n|upkeep\n|\n|t:|1695185525\n|switch|p1a: Gholdengo|Gholdengo|89/100\n|turn|42\n|inactive|Cubielubie has 120 seconds left.\n|inactive|Cubielubie has 90 seconds left.\n|\n|t:|1695185565\n|move|p2a: Tyranitar|Knock Off|p1a: Gholdengo\n|-supereffective|p1a: Gholdengo\n|-damage|p1a: Gholdengo|0 fnt\n|-enditem|p1a: Gholdengo|Covert Cloak|[from] move: Knock Off|[of] p2a: Tyranitar\n|faint|p1a: Gholdengo\n|\n|-weather|Sandstorm|[upkeep]\n|-damage|p2a: Tyranitar|66/100|[from] Sandstorm\n|upkeep\n|\n|t:|1695185573\n|switch|p1a: Empoleon|Empoleon, F|93/100\n|turn|43\n|\n|t:|1695185581\n|move|p2a: Tyranitar|Earthquake|p1a: Empoleon\n|-supereffective|p1a: Empoleon\n|-damage|p1a: Empoleon|0 fnt\n|faint|p1a: Empoleon\n|\n|win|Cubielubie\n|raw|yuwentai's rating: 1565 &rarr; <strong>1544</strong><br />(-21 for losing)\n|raw|Cubielubie's rating: 1546 &rarr; <strong>1567</strong><br />(+21 for winning)\n|l|\u2606yuwentai\n|l| Sinnoh Souls\n", "uploadtime": 1695185643, "views": 3, "p1id": "yuwentai", "p2id": "cubielubie", "formatid": "gen9ou", "rating": 1544, "private": 0, "password": ""}