{"id": "gen9ou-1947702446", "p1": "nomyface", "p2": "blombo", "format": "gen9ou", "log": "|j|\u2606nomyface\n|j|\u2606blombo\n|t:|1695189496\n|gametype|singles\n|player|p1|nomyface|dawn|1014\n|player|p2|blombo|cameraman|1020\n|teamsize|p1|6\n|teamsize|p2|6\n|gen|9\n|tier|[Gen 9] OU\n|rated|\n|rule|Sleep Clause Mod: Limit one foe put to sleep\n|rule|Species Clause: Limit one of each Pok\u00e9mon\n|rule|OHKO Clause: OHKO moves are banned\n|rule|Evasion Items Clause: Evasion items are banned\n|rule|Evasion Moves Clause: Evasion moves are banned\n|rule|Endless Battle Clause: Forcing endless battles is banned\n|rule|HP Percentage Mod: HP is shown in percentages\n|clearpoke\n|poke|p1|Ogerpon-Hearthflame, F|\n|poke|p1|Ninetales, F|\n|poke|p1|Heatran, F|\n|poke|p1|Moltres|\n|poke|p1|Cinderace, F|\n|poke|p1|Garganacl, M|\n|poke|p2|Rotom-Wash|\n|poke|p2|Pelipper, M|\n|poke|p2|Meowscarada, F|\n|poke|p2|Qwilfish-Hisui, F|\n|poke|p2|Cinderace, M|\n|poke|p2|Klefki, F|\n|teampreview\n|inactive|Battle timer is ON: inactive players will automatically lose when time's up. (requested by blombo)\n|c|\u2606blombo|you missed one\n|inactive|nomyface has 120 seconds left.\n|\n|t:|1695189529\n|start\n|switch|p1a: Cinderace|Cinderace, F|100/100\n|switch|p2a: meow :3|Meowscarada, F, shiny|100/100\n|turn|1\n|\n|t:|1695189543\n|move|p2a: meow :3|U-turn|p1a: Cinderace\n|-start|p2a: meow :3|typechange|Bug|[from] ability: Protean\n|-resisted|p1a: Cinderace\n|-damage|p1a: Cinderace|78/100\n|\n|t:|1695189547\n|switch|p2a: ._.|Pelipper, M, shiny|100/100|[from] U-turn\n|-weather|RainDance|[from] ability: Drizzle|[of] p2a: ._.\n|move|p1a: Cinderace|U-turn|p2a: ._.\n|-start|p1a: Cinderace|typechange|Bug|[from] ability: Libero\n|-resisted|p2a: ._.\n|-damage|p2a: ._.|88/100\n|\n|t:|1695189564\n|switch|p1a: Ninetales|Ninetales, F|100/100|[from] U-turn\n|-weather|SunnyDay|[from] ability: Drought|[of] p1a: Ninetales\n|\n|-weather|SunnyDay|[upkeep]\n|-heal|p2a: ._.|94/100|[from] item: Leftovers\n|upkeep\n|turn|2\n|\n|t:|1695189572\n|move|p1a: Ninetales|Fire Blast|p2a: ._.\n|-resisted|p2a: ._.\n|-damage|p2a: ._.|48/100\n|-status|p2a: ._.|brn\n|move|p2a: ._.|Tailwind|p2a: ._.\n|-sidestart|p2: blombo|move: Tailwind\n|\n|-weather|SunnyDay|[upkeep]\n|-heal|p2a: ._.|54/100 brn|[from] item: Leftovers\n|-damage|p2a: ._.|48/100 brn|[from] brn\n|upkeep\n|turn|3\n|\n|t:|1695189589\n|switch|p2a: my laundry|Rotom-Wash, shiny|100/100\n|move|p1a: Ninetales|Hypnosis|p2a: my laundry\n|-status|p2a: my laundry|slp|[from] move: Hypnosis\n|\n|-weather|SunnyDay|[upkeep]\n|upkeep\n|turn|4\n|\n|t:|1695189597\n|switch|p1a: Garganacl|Garganacl, M|100/100\n|cant|p2a: my laundry|slp\n|\n|-weather|SunnyDay|[upkeep]\n|upkeep\n|turn|5\n|\n|t:|1695189605\n|switch|p2a: Cinderace|Cinderace, M|100/100\n|move|p1a: Garganacl|Rock Polish|p1a: Garganacl\n|-boost|p1a: Garganacl|spe|2\n|\n|-weather|none\n|-sideend|p2: blombo|move: Tailwind\n|upkeep\n|turn|6\n|\n|t:|1695189621\n|move|p1a: Garganacl|Stone Edge|p2a: Cinderace\n|-supereffective|p2a: Cinderace\n|-damage|p2a: Cinderace|0 fnt\n|faint|p2a: Cinderace\n|\n|upkeep\n|\n|t:|1695189625\n|switch|p2a: meow :3|Meowscarada, F, shiny|100/100\n|turn|7\n|\n|t:|1695189643\n|switch|p1a: Ogerpon|Ogerpon-Hearthflame, F|100/100\n|-ability|p1a: Ogerpon|Mold Breaker\n|move|p2a: meow :3|Flower Trick|p1a: Ogerpon\n|-start|p2a: meow :3|typechange|Grass|[from] ability: Protean\n|-resisted|p1a: Ogerpon\n|-crit|p1a: Ogerpon\n|-damage|p1a: Ogerpon|85/100\n|\n|upkeep\n|turn|8\n|\n|t:|1695189657\n|switch|p2a: ._.|Pelipper, M, shiny|48/100 brn\n|-weather|RainDance|[from] ability: Drizzle|[of] p2a: ._.\n|move|p1a: Ogerpon|Swords Dance|p1a: Ogerpon\n|-boost|p1a: Ogerpon|atk|2\n|\n|-weather|RainDance|[upkeep]\n|-heal|p2a: ._.|54/100 brn|[from] item: Leftovers\n|-damage|p2a: ._.|48/100 brn|[from] brn\n|upkeep\n|turn|9\n|\n|t:|1695189663\n|move|p1a: Ogerpon|Horn Leech|p2a: ._.\n|-damage|p2a: ._.|0 fnt\n|-heal|p1a: Ogerpon|100/100|[from] drain|[of] p2a: ._.\n|faint|p2a: ._.\n|\n|-weather|RainDance|[upkeep]\n|upkeep\n|\n|t:|1695189669\n|switch|p2a: Ms. Puff|Qwilfish-Hisui, F|100/100\n|turn|10\n|\n|t:|1695189687\n|switch|p1a: Garganacl|Garganacl, M|100/100\n|move|p2a: Ms. Puff|Swords Dance|p2a: Ms. Puff\n|-boost|p2a: Ms. Puff|atk|2\n|\n|-weather|RainDance|[upkeep]\n|upkeep\n|turn|11\n|\n|t:|1695189695\n|-terastallize|p2a: Ms. Puff|Water\n|move|p2a: Ms. Puff|Swords Dance|p2a: Ms. Puff\n|-boost|p2a: Ms. Puff|atk|2\n|move|p1a: Garganacl|Earthquake|p2a: Ms. Puff\n|-damage|p2a: Ms. Puff|73/100\n|\n|-weather|RainDance|[upkeep]\n|upkeep\n|turn|12\n|\n|t:|1695189710\n|move|p2a: Ms. Puff|Swords Dance|p2a: Ms. Puff\n|-boost|p2a: Ms. Puff|atk|2\n|move|p1a: Garganacl|Explosion|p2a: Ms. Puff\n|-damage|p2a: Ms. Puff|6/100\n|faint|p1a: Garganacl\n|\n|-weather|none\n|upkeep\n|\n|t:|1695189720\n|switch|p1a: Cinderace|Cinderace, F|78/100\n|turn|13\n|\n|t:|1695189722\n|move|p2a: Ms. Puff|Aqua Jet|p1a: Cinderace\n|-supereffective|p1a: Cinderace\n|-damage|p1a: Cinderace|0 fnt\n|faint|p1a: Cinderace\n|\n|upkeep\n|\n|t:|1695189729\n|switch|p1a: Ninetales|Ninetales, F|100/100\n|-weather|SunnyDay|[from] ability: Drought|[of] p1a: Ninetales\n|turn|14\n|\n|t:|1695189735\n|move|p2a: Ms. Puff|Aqua Jet|p1a: Ninetales\n|-supereffective|p1a: Ninetales\n|-damage|p1a: Ninetales|0 fnt\n|faint|p1a: Ninetales\n|\n|-weather|SunnyDay|[upkeep]\n|upkeep\n|\n|t:|1695189738\n|switch|p1a: Ogerpon|Ogerpon-Hearthflame, F|100/100\n|-ability|p1a: Ogerpon|Mold Breaker\n|turn|15\n|\n|t:|1695189745\n|move|p2a: Ms. Puff|Aqua Jet|p1a: Ogerpon\n|-damage|p1a: Ogerpon|53/100\n|move|p1a: Ogerpon|Horn Leech|p2a: Ms. Puff\n|-supereffective|p2a: Ms. Puff\n|-damage|p2a: Ms. Puff|0 fnt\n|-heal|p1a: Ogerpon|56/100|[from] drain|[of] p2a: Ms. Puff\n|faint|p2a: Ms. Puff\n|\n|-weather|SunnyDay|[upkeep]\n|upkeep\n|\n|t:|1695189754\n|switch|p2a: meow :3|Meowscarada, F, shiny|100/100\n|turn|16\n|\n|t:|1695189767\n|move|p2a: meow :3|U-turn|p1a: Ogerpon\n|-start|p2a: meow :3|typechange|Bug|[from] ability: Protean\n|-damage|p1a: Ogerpon|15/100\n|\n|t:|1695189772\n|switch|p2a: my laundry|Rotom-Wash, shiny|100/100 slp|[from] U-turn\n|move|p1a: Ogerpon|Ivy Cudgel|p2a: my laundry\n|-resisted|p2a: my laundry\n|-damage|p2a: my laundry|38/100 slp\n|\n|-weather|SunnyDay|[upkeep]\n|upkeep\n|turn|17\n|\n|t:|1695189782\n|move|p1a: Ogerpon|Horn Leech|p2a: my laundry\n|-supereffective|p2a: my laundry\n|-damage|p2a: my laundry|0 fnt\n|-heal|p1a: Ogerpon|30/100|[from] drain|[of] p2a: my laundry\n|faint|p2a: my laundry\n|\n|-weather|SunnyDay|[upkeep]\n|upkeep\n|\n|t:|1695189790\n|switch|p2a: meow :3|Meowscarada, F, shiny|100/100\n|turn|18\n|\n|t:|1695189795\n|switch|p1a: Moltres|Moltres|100/100\n|move|p2a: meow :3|U-turn|p1a: Moltres\n|-start|p2a: meow :3|typechange|Bug|[from] ability: Protean\n|-resisted|p1a: Moltres\n|-damage|p1a: Moltres|95/100\n|\n|t:|1695189799\n|switch|p2a: my car keys|Klefki, F, shiny|100/100|[from] U-turn\n|\n|-weather|none\n|upkeep\n|turn|19\n|\n|t:|1695189806\n|move|p2a: my car keys|Thunder Wave|p1a: Moltres\n|-status|p1a: Moltres|par\n|move|p1a: Moltres|Fire Blast|p2a: my car keys\n|-supereffective|p2a: my car keys\n|-damage|p2a: my car keys|0 fnt\n|faint|p2a: my car keys\n|\n|upkeep\n|\n|t:|1695189809\n|switch|p2a: meow :3|Meowscarada, F, shiny|100/100\n|turn|20\n|\n|t:|1695189818\n|move|p2a: meow :3|Shadow Claw|p1a: Moltres\n|-start|p2a: meow :3|typechange|Ghost|[from] ability: Protean\n|-damage|p1a: Moltres|70/100 par\n|cant|p1a: Moltres|par\n|\n|upkeep\n|turn|21\n|\n|t:|1695189828\n|move|p2a: meow :3|Shadow Claw|p1a: Moltres\n|-damage|p1a: Moltres|46/100 par\n|cant|p1a: Moltres|par\n|\n|upkeep\n|turn|22\n|\n|t:|1695189833\n|move|p2a: meow :3|Shadow Claw|p1a: Moltres\n|-damage|p1a: Moltres|23/100 par\n|move|p1a: Moltres|Roost|p1a: Moltres\n|-heal|p1a: Moltres|74/100 par\n|-singleturn|p1a: Moltres|move: Roost\n|\n|upkeep\n|turn|23\n|\n|t:|1695189838\n|move|p2a: meow :3|Shadow Claw|p1a: Moltres\n|-damage|p1a: Moltres|52/100 par\n|move|p1a: Moltres|Roost|p1a: Moltres\n|-heal|p1a: Moltres|100/100 par\n|-singleturn|p1a: Moltres|move: Roost\n|\n|upkeep\n|turn|24\n|\n|t:|1695189844\n|move|p2a: meow :3|Shadow Claw|p1a: Moltres\n|-damage|p1a: Moltres|78/100 par\n|move|p1a: Moltres|Air Slash|p2a: meow :3|[miss]\n|-miss|p1a: Moltres|p2a: meow :3\n|\n|upkeep\n|turn|25\n|\n|t:|1695189861\n|move|p2a: meow :3|Shadow Claw|p1a: Moltres\n|-damage|p1a: Moltres|54/100 par\n|move|p1a: Moltres|Fire Blast|p2a: meow :3\n|-damage|p2a: meow :3|34/100\n|\n|upkeep\n|turn|26\n|\n|t:|1695189867\n|move|p2a: meow :3|Shadow Claw|p1a: Moltres\n|-damage|p1a: Moltres|32/100 par\n|-status|p2a: meow :3|brn|[from] ability: Flame Body|[of] p1a: Moltres\n|move|p1a: Moltres|Roost|p1a: Moltres\n|-heal|p1a: Moltres|82/100 par\n|-singleturn|p1a: Moltres|move: Roost\n|\n|-damage|p2a: meow :3|27/100 brn|[from] brn\n|upkeep\n|turn|27\n|\n|t:|1695189876\n|move|p2a: meow :3|Shadow Claw|p1a: Moltres\n|-damage|p1a: Moltres|70/100 par\n|move|p1a: Moltres|Air Slash|p2a: meow :3\n|-damage|p2a: meow :3|0 fnt\n|faint|p2a: meow :3\n|\n|win|nomyface\n|raw|nomyface's rating: 1014 &rarr; <strong>1053</strong><br />(+39 for winning)\n|raw|blombo's rating: 1020 &rarr; <strong>1007</strong><br />(-13 for losing)\n", "uploadtime": 1695189880, "views": 5, "p1id": "nomyface", "p2id": "blombo", "formatid": "gen9ou", "rating": 1007, "private": 0, "password": ""}