{"id": "gen9ou-1947603512", "p1": "lug out", "p2": "XViGames0", "format": "gen9ou", "log": "|j|\u2606lug out\n|j|\u2606XViGames0\n|t:|1695176919\n|gametype|singles\n|player|p1|lug out|1|1109\n|player|p2|XViGames0|winona|1039\n|teamsize|p1|6\n|teamsize|p2|6\n|gen|9\n|tier|[Gen 9] OU\n|rated|\n|rule|Sleep Clause Mod: Limit one foe put to sleep\n|rule|Species Clause: Limit one of each Pok\u00e9mon\n|rule|OHKO Clause: OHKO moves are banned\n|rule|Evasion Items Clause: Evasion items are banned\n|rule|Evasion Moves Clause: Evasion moves are banned\n|rule|Endless Battle Clause: Forcing endless battles is banned\n|rule|HP Percentage Mod: HP is shown in percentages\n|clearpoke\n|poke|p1|Sinistcha-Masterpiece|\n|poke|p1|Dragonite, M|\n|poke|p1|Heatran, F|\n|poke|p1|Ursaluna-Bloodmoon, M|\n|poke|p1|Rotom-Wash|\n|poke|p1|Ogerpon-Hearthflame, F|\n|poke|p2|Chimecho, M|\n|poke|p2|Enamorus, F|\n|poke|p2|Scizor, F|\n|poke|p2|Regidrago|\n|poke|p2|Lilligant-Hisui, F|\n|poke|p2|Zamazenta-*|\n|teampreview\n|\n|t:|1695176928\n|start\n|switch|p1a: Heatran|Heatran, F|100/100\n|switch|p2a: Chime|Chimecho, M|100/100\n|turn|1\n|\n|t:|1695176935\n|move|p1a: Heatran|Magma Storm|p2a: Chime\n|-damage|p2a: Chime|51/100\n|-activate|p2a: Chime|move: Magma Storm|[of] p1a: Heatran\n|move|p2a: Chime|Cosmic Power|p2a: Chime\n|-boost|p2a: Chime|def|1\n|-boost|p2a: Chime|spd|1\n|\n|-damage|p2a: Chime|39/100|[from] move: Magma Storm|[partiallytrapped]\n|upkeep\n|turn|2\n|inactive|Battle timer is ON: inactive players will automatically lose when time's up. (requested by XViGames0)\n|\n|t:|1695176974\n|move|p1a: Heatran|Stealth Rock|p2a: Chime\n|-sidestart|p2: XViGames0|move: Stealth Rock\n|move|p2a: Chime|Recover|p2a: Chime\n|-heal|p2a: Chime|89/100\n|\n|-damage|p2a: Chime|76/100|[from] move: Magma Storm|[partiallytrapped]\n|upkeep\n|turn|3\n|\n|t:|1695176986\n|switch|p1a: Ogerpon|Ogerpon-Hearthflame, F|100/100\n|-ability|p1a: Ogerpon|Mold Breaker\n|move|p2a: Chime|Cosmic Power|p2a: Chime\n|-boost|p2a: Chime|def|1\n|-boost|p2a: Chime|spd|1\n|\n|-end|p2a: Chime|Magma Storm|[partiallytrapped]|[silent]\n|upkeep\n|turn|4\n|\n|t:|1695176999\n|-terastallize|p2a: Chime|Fairy\n|move|p1a: Ogerpon|Focus Energy|p1a: Ogerpon\n|-start|p1a: Ogerpon|move: Focus Energy\n|move|p2a: Chime|Stored Power|p1a: Ogerpon\n|-damage|p1a: Ogerpon|64/100\n|\n|upkeep\n|turn|5\n|\n|t:|1695177005\n|move|p1a: Ogerpon|Trailblaze|p2a: Chime\n|-crit|p2a: Chime\n|-damage|p2a: Chime|30/100\n|-boost|p1a: Ogerpon|spe|1\n|move|p2a: Chime|Cosmic Power|p2a: Chime\n|-boost|p2a: Chime|def|1\n|-boost|p2a: Chime|spd|1\n|\n|upkeep\n|turn|6\n|\n|t:|1695177014\n|-terastallize|p1a: Ogerpon|Fire\n|detailschange|p1a: Ogerpon|Ogerpon-Hearthflame-Tera, F, tera:Fire\n|-ability|p1a: Ogerpon|Embody Aspect (Hearthflame)|boost\n|-boost|p1a: Ogerpon|atk|1\n|move|p1a: Ogerpon|Ivy Cudgel|p2a: Chime\n|-crit|p2a: Chime\n|-damage|p2a: Chime|0 fnt\n|faint|p2a: Chime\n|\n|upkeep\n|c|\u2606lug out|SWEEP\n|\n|t:|1695177025\n|switch|p2a: Draco|Regidrago|100/100\n|-damage|p2a: Draco|88/100|[from] Stealth Rock\n|turn|7\n|\n|t:|1695177031\n|move|p1a: Ogerpon|Ivy Cudgel|p2a: Draco\n|-resisted|p2a: Draco\n|-crit|p2a: Draco\n|-damage|p2a: Draco|0 fnt\n|faint|p2a: Draco\n|\n|upkeep\n|\n|t:|1695177037\n|switch|p2a: King|Zamazenta|100/100\n|-damage|p2a: King|94/100|[from] Stealth Rock\n|-ability|p2a: King|Dauntless Shield|boost\n|-boost|p2a: King|def|1\n|turn|8\n|\n|t:|1695177042\n|move|p1a: Ogerpon|Ivy Cudgel|p2a: King\n|-crit|p2a: King\n|-damage|p2a: King|0 fnt\n|faint|p2a: King\n|\n|upkeep\n|c|\u2606XViGames0|stop\n|\n|t:|1695177051\n|switch|p2a: Mantis|Scizor, F, shiny|100/100\n|-damage|p2a: Mantis|88/100|[from] Stealth Rock\n|turn|9\n|\n|t:|1695177055\n|move|p2a: Mantis|Bullet Punch|p1a: Ogerpon\n|-resisted|p1a: Ogerpon\n|-damage|p1a: Ogerpon|37/100\n|move|p1a: Ogerpon|Ivy Cudgel|p2a: Mantis\n|-supereffective|p2a: Mantis\n|-crit|p2a: Mantis\n|-damage|p2a: Mantis|0 fnt\n|faint|p2a: Mantis\n|\n|upkeep\n|\n|t:|1695177063\n|switch|p2a: Boa|Enamorus, F|100/100\n|-damage|p2a: Boa|76/100|[from] Stealth Rock\n|turn|10\n|\n|t:|1695177071\n|move|p1a: Ogerpon|Ivy Cudgel|p2a: Boa\n|-crit|p2a: Boa\n|-damage|p2a: Boa|0 fnt\n|faint|p2a: Boa\n|\n|upkeep\n|\n|t:|1695177075\n|switch|p2a: Fern|Lilligant-Hisui, F, shiny|100/100\n|-damage|p2a: Fern|94/100|[from] Stealth Rock\n|turn|11\n|c|\u2606lug out|gg\n|\n|t:|1695177087\n|move|p1a: Ogerpon|Ivy Cudgel|p2a: Fern\n|-supereffective|p2a: Fern\n|-crit|p2a: Fern\n|-damage|p2a: Fern|0 fnt\n|faint|p2a: Fern\n|\n|win|lug out\n|raw|lug out's rating: 1109 &rarr; <strong>1129</strong><br />(+20 for winning)\n|raw|XViGames0's rating: 1039 &rarr; <strong>1026</strong><br />(-13 for losing)\n|l|\u2606XViGames0\n|c|\u2606lug out|gg\n", "uploadtime": 1695177099, "views": 3, "p1id": "lugout", "p2id": "xvigames0", "formatid": "gen9ou", "rating": 1026, "private": 0, "password": ""}