{"id": "gen9ou-1947622105", "p1": "sodiumnitride", "p2": "Amungusaurio", "format": "gen9ou", "log": "|j|\u2606sodiumnitride\n|j|\u2606Amungusaurio\n|t:|1695178850\n|gametype|singles\n|player|p1|sodiumnitride|lance-gen2|1072\n|player|p2|Amungusaurio|roxie|1000\n|teamsize|p1|6\n|teamsize|p2|6\n|gen|9\n|tier|[Gen 9] OU\n|rated|\n|rule|Sleep Clause Mod: Limit one foe put to sleep\n|rule|Species Clause: Limit one of each Pok\u00e9mon\n|rule|OHKO Clause: OHKO moves are banned\n|rule|Evasion Items Clause: Evasion items are banned\n|rule|Evasion Moves Clause: Evasion moves are banned\n|rule|Endless Battle Clause: Forcing endless battles is banned\n|rule|HP Percentage Mod: HP is shown in percentages\n|clearpoke\n|poke|p1|Dipplin, F|\n|poke|p1|Ogerpon-Hearthflame, F|\n|poke|p1|Greninja-*, M|\n|poke|p1|Fezandipiti, M|\n|poke|p1|Tyranitar, M|\n|poke|p1|Great Tusk|\n|poke|p2|Slither Wing|\n|poke|p2|Gholdengo|\n|poke|p2|Rotom-Wash|\n|poke|p2|Ting-Lu|\n|poke|p2|Sneasler, M|\n|poke|p2|Maushold-Four|\n|teampreview\n|\n|t:|1695178863\n|start\n|switch|p1a: The Beast|Tyranitar, M|100/100\n|switch|p2a: Gholdengo|Gholdengo|100/100\n|-weather|Sandstorm|[from] ability: Sand Stream|[of] p1a: The Beast\n|turn|1\n|\n|t:|1695178871\n|move|p2a: Gholdengo|Make It Rain|p1a: The Beast\n|-supereffective|p1a: The Beast\n|-damage|p1a: The Beast|35/100\n|-unboost|p2a: Gholdengo|spa|1\n|-enditem|p1a: The Beast|Weakness Policy\n|-boost|p1a: The Beast|atk|2|[from] item: Weakness Policy\n|-boost|p1a: The Beast|spa|2|[from] item: Weakness Policy\n|move|p1a: The Beast|Dragon Dance|p1a: The Beast\n|-boost|p1a: The Beast|atk|1\n|-boost|p1a: The Beast|spe|1\n|\n|-weather|Sandstorm|[upkeep]\n|upkeep\n|turn|2\n|\n|t:|1695178893\n|move|p2a: Gholdengo|Make It Rain|p1a: The Beast\n|-supereffective|p1a: The Beast\n|-damage|p1a: The Beast|0 fnt\n|-unboost|p2a: Gholdengo|spa|1\n|faint|p1a: The Beast\n|\n|-weather|Sandstorm|[upkeep]\n|upkeep\n|\n|t:|1695178905\n|switch|p1a: The Oni|Ogerpon-Hearthflame, F|100/100\n|-ability|p1a: The Oni|Mold Breaker\n|turn|3\n|\n|t:|1695178924\n|switch|p2a: Sneasler|Sneasler, M, shiny|100/100\n|move|p1a: The Oni|Swords Dance|p1a: The Oni\n|-boost|p1a: The Oni|atk|2\n|\n|-weather|Sandstorm|[upkeep]\n|-damage|p2a: Sneasler|95/100|[from] Sandstorm\n|-damage|p1a: The Oni|95/100|[from] Sandstorm\n|upkeep\n|turn|4\n|\n|t:|1695178934\n|-terastallize|p1a: The Oni|Fire\n|detailschange|p1a: The Oni|Ogerpon-Hearthflame-Tera, F, tera:Fire\n|-ability|p1a: The Oni|Embody Aspect (Hearthflame)|boost\n|-boost|p1a: The Oni|atk|1\n|move|p2a: Sneasler|Close Combat|p1a: The Oni\n|-damage|p1a: The Oni|7/100\n|-unboost|p2a: Sneasler|def|1\n|-unboost|p2a: Sneasler|spd|1\n|-enditem|p2a: Sneasler|White Herb\n|-clearnegativeboost|p2a: Sneasler|[silent]\n|move|p1a: The Oni|Ivy Cudgel|p2a: Sneasler\n|-damage|p2a: Sneasler|0 fnt\n|faint|p2a: Sneasler\n|\n|-weather|Sandstorm|[upkeep]\n|-damage|p1a: The Oni|1/100|[from] Sandstorm\n|upkeep\n|\n|t:|1695178952\n|switch|p2a: Rotom|Rotom-Wash, shiny|100/100\n|turn|5\n|\n|t:|1695178959\n|move|p1a: The Oni|Horn Leech|p2a: Rotom\n|-supereffective|p2a: Rotom\n|-damage|p2a: Rotom|0 fnt\n|-heal|p1a: The Oni|52/100|[from] drain|[of] p2a: Rotom\n|faint|p2a: Rotom\n|\n|-weather|none\n|upkeep\n|-message|Amungusaurio forfeited.\n|\n|win|sodiumnitride\n|raw|sodiumnitride's rating: 1072 &rarr; <strong>1095</strong><br />(+23 for winning)\n|raw|Amungusaurio's rating: 1000 &rarr; <strong>1000</strong><br />(+0 for losing)\n|l|\u2606Amungusaurio\n", "uploadtime": 1695178970, "views": 2, "p1id": "sodiumnitride", "p2id": "amungusaurio", "formatid": "gen9ou", "rating": 1000, "private": 0, "password": ""}