{"id": "gen9ou-1947661190", "p1": "AveragePvpEnjoyer", "p2": "HitachiinHikaruKun", "format": "gen9ou", "log": "|j|\u2606AveragePvpEnjoyer\n|j|\u2606HitachiinHikaruKun\n|t:|1695183465\n|gametype|singles\n|player|p1|AveragePvpEnjoyer|1|1242\n|player|p2|HitachiinHikaruKun|caitlin|1296\n|teamsize|p1|6\n|teamsize|p2|6\n|gen|9\n|tier|[Gen 9] OU\n|rated|\n|rule|Sleep Clause Mod: Limit one foe put to sleep\n|rule|Species Clause: Limit one of each Pok\u00e9mon\n|rule|OHKO Clause: OHKO moves are banned\n|rule|Evasion Items Clause: Evasion items are banned\n|rule|Evasion Moves Clause: Evasion moves are banned\n|rule|Endless Battle Clause: Forcing endless battles is banned\n|rule|HP Percentage Mod: HP is shown in percentages\n|clearpoke\n|poke|p1|Rotom-Frost|\n|poke|p1|Ninetales-Alola, M|\n|poke|p1|Corviknight, M|\n|poke|p1|Tauros-Paldea-Blaze, M|\n|poke|p1|Garchomp, F|\n|poke|p1|Slowking-Galar, M|\n|poke|p2|Hatterene, F|\n|poke|p2|Conkeldurr, F|\n|poke|p2|Empoleon, F|\n|poke|p2|Slowking-Galar, M|\n|poke|p2|Scizor, M|\n|poke|p2|Chandelure, M|\n|teampreview\n|j| CoopIzCool\n|l| CoopIzCool\n|inactive|Battle timer is ON: inactive players will automatically lose when time's up. (requested by HitachiinHikaruKun)\n|\n|t:|1695183477\n|start\n|switch|p1a: Slowking|Slowking-Galar, M|100/100\n|switch|p2a: SUPAHOTFIRE|Chandelure, M, shiny|100/100\n|turn|1\n|\n|t:|1695183489\n|move|p2a: SUPAHOTFIRE|Shadow Ball|p1a: Slowking\n|-supereffective|p1a: Slowking\n|-damage|p1a: Slowking|17/100\n|-unboost|p1a: Slowking|spd|1\n|move|p1a: Slowking|Thunder Wave|p2a: SUPAHOTFIRE|[miss]\n|-miss|p1a: Slowking|p2a: SUPAHOTFIRE\n|\n|upkeep\n|turn|2\n|\n|t:|1695183502\n|switch|p1a: Corviknight|Corviknight, M|100/100\n|-ability|p1a: Corviknight|Pressure\n|move|p2a: SUPAHOTFIRE|Shadow Ball|p1a: Corviknight\n|-damage|p1a: Corviknight|52/100\n|\n|-heal|p1a: Corviknight|58/100|[from] item: Leftovers\n|upkeep\n|turn|3\n|\n|t:|1695183523\n|move|p1a: Corviknight|U-turn|p2a: SUPAHOTFIRE\n|-resisted|p2a: SUPAHOTFIRE\n|-damage|p2a: SUPAHOTFIRE|96/100\n|\n|t:|1695183527\n|switch|p1a: Garchomp|Garchomp, F|100/100|[from] U-turn\n|move|p2a: SUPAHOTFIRE|Fire Blast|p1a: Garchomp\n|-resisted|p1a: Garchomp\n|-damage|p1a: Garchomp|64/100\n|\n|-heal|p1a: Garchomp|70/100|[from] item: Leftovers\n|upkeep\n|turn|4\n|\n|t:|1695183545\n|move|p1a: Garchomp|Earthquake|p2a: SUPAHOTFIRE\n|-supereffective|p2a: SUPAHOTFIRE\n|-damage|p2a: SUPAHOTFIRE|0 fnt\n|faint|p2a: SUPAHOTFIRE\n|\n|-heal|p1a: Garchomp|76/100|[from] item: Leftovers\n|upkeep\n|\n|t:|1695183552\n|switch|p2a: Hatterene|Hatterene, F|100/100\n|turn|5\n|\n|t:|1695183557\n|move|p1a: Garchomp|Stealth Rock|p2a: Hatterene\n|move|p2a: Hatterene|Stealth Rock|p1a: Garchomp|[from]ability: Magic Bounce\n|-sidestart|p1: AveragePvpEnjoyer|move: Stealth Rock\n|move|p2a: Hatterene|Trick Room|p2a: Hatterene\n|-fieldstart|move: Trick Room|[of] p2a: Hatterene\n|\n|-heal|p1a: Garchomp|82/100|[from] item: Leftovers\n|upkeep\n|turn|6\n|\n|t:|1695183567\n|switch|p1a: Slowking|Slowking-Galar, M|50/100\n|move|p2a: Hatterene|Draining Kiss|p1a: Slowking\n|-resisted|p1a: Slowking\n|-damage|p1a: Slowking|40/100\n|\n|upkeep\n|turn|7\n|\n|t:|1695183576\n|move|p2a: Hatterene|Psyshock|p1a: Slowking\n|-damage|p1a: Slowking|14/100\n|move|p1a: Slowking|Chilly Reception|p1a: Slowking\n|-weather|Snow\n|\n|t:|1695183593\n|switch|p1a: Corviknight|Corviknight, M|58/100|[from] Chilly Reception\n|-damage|p1a: Corviknight|46/100|[from] Stealth Rock\n|-ability|p1a: Corviknight|Pressure\n|\n|-weather|Snow|[upkeep]\n|-heal|p1a: Corviknight|52/100|[from] item: Leftovers\n|upkeep\n|turn|8\n|\n|t:|1695183603\n|switch|p2a: Empoleon|Empoleon, F|100/100\n|move|p1a: Corviknight|Roost|p1a: Corviknight\n|-heal|p1a: Corviknight|100/100\n|-singleturn|p1a: Corviknight|move: Roost\n|\n|-weather|Snow|[upkeep]\n|upkeep\n|turn|9\n|\n|t:|1695183612\n|move|p2a: Empoleon|Hydro Pump|p1a: Corviknight|[miss]\n|-miss|p2a: Empoleon|p1a: Corviknight\n|move|p1a: Corviknight|Defog|p2a: Empoleon\n|-unboost|p2a: Empoleon|evasion|1\n|-ability|p2a: Empoleon|Competitive|boost\n|-boost|p2a: Empoleon|spa|2\n|-sideend|p1: AveragePvpEnjoyer|Stealth Rock|[from] move: Defog|[of] p1a: Corviknight\n|\n|-weather|Snow|[upkeep]\n|-fieldend|move: Trick Room\n|upkeep\n|turn|10\n|\n|t:|1695183633\n|switch|p1a: Dezi|Rotom-Frost|100/100\n|move|p2a: Empoleon|Stealth Rock|p1a: Dezi\n|-sidestart|p1: AveragePvpEnjoyer|move: Stealth Rock\n|\n|-weather|Snow|[upkeep]\n|upkeep\n|turn|11\n|\n|t:|1695183641\n|switch|p2a: Slowking|Slowking-Galar, M|100/100\n|move|p1a: Dezi|Substitute|p1a: Dezi\n|-start|p1a: Dezi|Substitute\n|-damage|p1a: Dezi|76/100\n|\n|-weather|none\n|-heal|p1a: Dezi|82/100|[from] item: Leftovers\n|upkeep\n|turn|12\n|\n|t:|1695183647\n|move|p1a: Dezi|Nasty Plot|p1a: Dezi\n|-boost|p1a: Dezi|spa|2\n|move|p2a: Slowking|Trick Room|p2a: Slowking\n|-fieldstart|move: Trick Room|[of] p2a: Slowking\n|\n|-heal|p1a: Dezi|88/100|[from] item: Leftovers\n|upkeep\n|turn|13\n|\n|t:|1695183655\n|move|p2a: Slowking|Sludge Bomb|p1a: Dezi\n|-end|p1a: Dezi|Substitute\n|move|p1a: Dezi|Blizzard|p2a: Slowking\n|-damage|p2a: Slowking|36/100\n|\n|-heal|p1a: Dezi|94/100|[from] item: Leftovers\n|upkeep\n|turn|14\n|\n|t:|1695183664\n|move|p2a: Slowking|Focus Blast|p1a: Dezi\n|-supereffective|p1a: Dezi\n|-damage|p1a: Dezi|13/100\n|move|p1a: Dezi|Discharge|p2a: Slowking\n|-damage|p2a: Slowking|0 fnt\n|faint|p2a: Slowking\n|\n|-heal|p1a: Dezi|19/100|[from] item: Leftovers\n|upkeep\n|\n|t:|1695183667\n|switch|p2a: Scizor|Scizor, M|100/100\n|turn|15\n|\n|t:|1695183679\n|switch|p1a: Corviknight|Corviknight, M|100/100\n|-damage|p1a: Corviknight|88/100|[from] Stealth Rock\n|-ability|p1a: Corviknight|Pressure\n|move|p2a: Scizor|U-turn|p1a: Corviknight\n|-resisted|p1a: Corviknight\n|-damage|p1a: Corviknight|79/100\n|\n|t:|1695183683\n|switch|p2a: BigBuff|Conkeldurr, F|100/100|[from] U-turn\n|\n|-heal|p1a: Corviknight|85/100|[from] item: Leftovers\n|-status|p2a: BigBuff|brn|[from] item: Flame Orb\n|upkeep\n|turn|16\n|\n|t:|1695183692\n|move|p2a: BigBuff|Bulk Up|p2a: BigBuff\n|-boost|p2a: BigBuff|atk|1\n|-boost|p2a: BigBuff|def|1\n|move|p1a: Corviknight|Defog|p2a: BigBuff\n|-unboost|p2a: BigBuff|evasion|1\n|-sideend|p1: AveragePvpEnjoyer|Stealth Rock|[from] move: Defog|[of] p1a: Corviknight\n|\n|-heal|p1a: Corviknight|91/100|[from] item: Leftovers\n|-damage|p2a: BigBuff|94/100 brn|[from] brn\n|-fieldend|move: Trick Room\n|upkeep\n|turn|17\n|\n|t:|1695183705\n|-terastallize|p2a: BigBuff|Fighting\n|move|p1a: Corviknight|Brave Bird|p2a: BigBuff\n|-supereffective|p2a: BigBuff\n|-damage|p2a: BigBuff|50/100 brn\n|-damage|p1a: Corviknight|75/100|[from] Recoil\n|move|p2a: BigBuff|Drain Punch|p1a: Corviknight\n|-crit|p1a: Corviknight\n|-damage|p1a: Corviknight|0 fnt\n|-heal|p2a: BigBuff|86/100 brn|[from] drain|[of] p1a: Corviknight\n|faint|p1a: Corviknight\n|\n|-damage|p2a: BigBuff|80/100 brn|[from] brn\n|upkeep\n|\n|t:|1695183717\n|switch|p1a: Slowking|Slowking-Galar, M|48/100\n|turn|18\n|\n|t:|1695183723\n|move|p2a: BigBuff|Knock Off|p1a: Slowking\n|-supereffective|p1a: Slowking\n|-damage|p1a: Slowking|0 fnt\n|-enditem|p1a: Slowking|Heavy-Duty Boots|[from] move: Knock Off|[of] p2a: BigBuff\n|faint|p1a: Slowking\n|\n|-damage|p2a: BigBuff|74/100 brn|[from] brn\n|upkeep\n|\n|t:|1695183731\n|switch|p1a: Ninetales|Ninetales-Alola, M|100/100\n|-weather|Snow|[from] ability: Snow Warning|[of] p1a: Ninetales\n|turn|19\n|\n|t:|1695183735\n|move|p2a: BigBuff|Mach Punch|p1a: Ninetales\n|-damage|p1a: Ninetales|40/100\n|move|p1a: Ninetales|Moonblast|p2a: BigBuff\n|-supereffective|p2a: BigBuff\n|-damage|p2a: BigBuff|8/100 brn\n|\n|-weather|Snow|[upkeep]\n|-damage|p2a: BigBuff|2/100 brn|[from] brn\n|upkeep\n|turn|20\n|\n|t:|1695183751\n|switch|p1a: Garchomp|Garchomp, F|82/100\n|switch|p2a: Scizor|Scizor, M|100/100\n|\n|-weather|Snow|[upkeep]\n|-heal|p1a: Garchomp|88/100|[from] item: Leftovers\n|upkeep\n|turn|21\n|\n|t:|1695183758\n|switch|p2a: Empoleon|Empoleon, F|100/100\n|move|p1a: Garchomp|Swords Dance|p1a: Garchomp\n|-boost|p1a: Garchomp|atk|2\n|\n|-weather|Snow|[upkeep]\n|-heal|p1a: Garchomp|95/100|[from] item: Leftovers\n|upkeep\n|turn|22\n|\n|t:|1695183765\n|move|p1a: Garchomp|Earthquake|p2a: Empoleon\n|-supereffective|p2a: Empoleon\n|-damage|p2a: Empoleon|0 fnt\n|faint|p2a: Empoleon\n|\n|-weather|Snow|[upkeep]\n|-heal|p1a: Garchomp|100/100|[from] item: Leftovers\n|upkeep\n|\n|t:|1695183767\n|switch|p2a: Hatterene|Hatterene, F|100/100\n|turn|23\n|\n|t:|1695183772\n|move|p1a: Garchomp|Earthquake|p2a: Hatterene\n|-damage|p2a: Hatterene|13/100\n|move|p2a: Hatterene|Trick Room|p2a: Hatterene\n|-fieldstart|move: Trick Room|[of] p2a: Hatterene\n|\n|-weather|Snow|[upkeep]\n|-heal|p2a: Hatterene|19/100|[from] item: Leftovers\n|upkeep\n|turn|24\n|\n|t:|1695183780\n|switch|p1a: Ninetales|Ninetales-Alola, M|40/100\n|move|p2a: Hatterene|Healing Wish|p2a: Hatterene\n|faint|p2a: Hatterene\n|\n|-weather|Snow|[upkeep]\n|upkeep\n|\n|t:|1695183784\n|switch|p2a: BigBuff|Conkeldurr, F, tera:Fighting|2/100 brn\n|-heal|p2a: BigBuff|100/100|[from] move: Healing Wish\n|turn|25\n|\n|t:|1695183809\n|move|p2a: BigBuff|Bulk Up|p2a: BigBuff\n|-boost|p2a: BigBuff|atk|1\n|-boost|p2a: BigBuff|def|1\n|move|p1a: Ninetales|Hypnosis|p2a: BigBuff\n|-status|p2a: BigBuff|slp|[from] move: Hypnosis\n|\n|-weather|Snow|[upkeep]\n|upkeep\n|turn|26\n|\n|t:|1695183818\n|cant|p2a: BigBuff|slp\n|move|p1a: Ninetales|Encore|p2a: BigBuff\n|-start|p2a: BigBuff|Encore\n|\n|-weather|none\n|upkeep\n|turn|27\n|\n|t:|1695183826\n|switch|p2a: Scizor|Scizor, M|100/100\n|move|p1a: Ninetales|Aurora Veil||[still]\n|-fail|p1a: Ninetales\n|\n|-fieldend|move: Trick Room\n|upkeep\n|turn|28\n|\n|t:|1695183836\n|switch|p1a: Tauros|Tauros-Paldea-Blaze, M|100/100\n|-ability|p1a: Tauros|Intimidate|boost\n|-unboost|p2a: Scizor|atk|1\n|move|p2a: Scizor|Bullet Punch|p1a: Tauros\n|-resisted|p1a: Tauros\n|-damage|p1a: Tauros|80/100\n|\n|upkeep\n|turn|29\n|\n|t:|1695183847\n|switch|p2a: BigBuff|Conkeldurr, F, tera:Fighting|100/100 slp\n|move|p1a: Tauros|Close Combat|p2a: BigBuff\n|-damage|p2a: BigBuff|26/100 slp\n|-unboost|p1a: Tauros|def|1\n|-unboost|p1a: Tauros|spd|1\n|\n|upkeep\n|turn|30\n|\n|t:|1695183854\n|cant|p2a: BigBuff|slp\n|move|p1a: Tauros|Close Combat|p2a: BigBuff\n|-damage|p2a: BigBuff|0 fnt\n|-unboost|p1a: Tauros|def|1\n|-unboost|p1a: Tauros|spd|1\n|faint|p2a: BigBuff\n|\n|upkeep\n|\n|t:|1695183856\n|switch|p2a: Scizor|Scizor, M|100/100\n|turn|31\n|\n|t:|1695183864\n|switch|p1a: Garchomp|Garchomp, F|100/100\n|move|p2a: Scizor|Bullet Punch|p1a: Garchomp\n|-damage|p1a: Garchomp|48/100\n|-damage|p2a: Scizor|88/100|[from] ability: Rough Skin|[of] p1a: Garchomp\n|\n|-heal|p1a: Garchomp|54/100|[from] item: Leftovers\n|upkeep\n|turn|32\n|-message|HitachiinHikaruKun forfeited.\n|\n|win|AveragePvpEnjoyer\n|raw|AveragePvpEnjoyer's rating: 1242 &rarr; <strong>1271</strong><br />(+29 for winning)\n|raw|HitachiinHikaruKun's rating: 1296 &rarr; <strong>1267</strong><br />(-29 for losing)\n|l|\u2606HitachiinHikaruKun\n", "uploadtime": 1695183874, "views": 4, "p1id": "averagepvpenjoyer", "p2id": "hitachiinhikarukun", "formatid": "gen9ou", "rating": 1267, "private": 0, "password": ""}