{"id": "gen9ou-1947596267", "p1": "Changuich", "p2": "shaka brah 2", "format": "gen9ou", "log": "|j|\u2606Changuich\n|j|\u203dshaka brah 2\n|t:|1695176177\n|gametype|singles\n|player|p1|Changuich|169|1085\n|player|p2|shaka brah 2|266|1138\n|teamsize|p1|6\n|teamsize|p2|6\n|gen|9\n|tier|[Gen 9] OU\n|rated|\n|rule|Sleep Clause Mod: Limit one foe put to sleep\n|rule|Species Clause: Limit one of each Pok\u00e9mon\n|rule|OHKO Clause: OHKO moves are banned\n|rule|Evasion Items Clause: Evasion items are banned\n|rule|Evasion Moves Clause: Evasion moves are banned\n|rule|Endless Battle Clause: Forcing endless battles is banned\n|rule|HP Percentage Mod: HP is shown in percentages\n|clearpoke\n|poke|p1|Ninetales-Alola, F|\n|poke|p1|Dragapult, F|\n|poke|p1|Empoleon, F|\n|poke|p1|Great Tusk|\n|poke|p1|Kingambit, F|\n|poke|p1|Arcanine-Hisui, F|\n|poke|p2|Garchomp, F|\n|poke|p2|Empoleon, F|\n|poke|p2|Infernape, M|\n|poke|p2|Torterra, M|\n|poke|p2|Zapdos|\n|poke|p2|Glimmora, M|\n|teampreview\n|\n|t:|1695176200\n|start\n|switch|p1a: Great Tusk|Great Tusk|100/100\n|switch|p2a: Infernape|Infernape, M|100/100\n|turn|1\n|\n|t:|1695176206\n|switch|p2a: Zapdos|Zapdos|100/100\n|move|p1a: Great Tusk|Rapid Spin|p2a: Zapdos\n|-damage|p2a: Zapdos|81/100\n|-boost|p1a: Great Tusk|spe|1\n|\n|upkeep\n|turn|2\n|\n|t:|1695176213\n|move|p1a: Great Tusk|Stealth Rock|p2a: Zapdos\n|-sidestart|p2: shaka brah 2|move: Stealth Rock\n|move|p2a: Zapdos|Hurricane|p1a: Great Tusk|[miss]\n|-miss|p2a: Zapdos|p1a: Great Tusk\n|\n|upkeep\n|turn|3\n|\n|t:|1695176218\n|move|p1a: Great Tusk|Knock Off|p2a: Zapdos\n|-damage|p2a: Zapdos|45/100\n|-enditem|p2a: Zapdos|Heavy-Duty Boots|[from] move: Knock Off|[of] p1a: Great Tusk\n|move|p2a: Zapdos|Hurricane|p1a: Great Tusk\n|-supereffective|p1a: Great Tusk\n|-damage|p1a: Great Tusk|0 fnt\n|faint|p1a: Great Tusk\n|-end|p1a: Great Tusk|Protosynthesis|[silent]\n|\n|upkeep\n|\n|t:|1695176227\n|switch|p1a: Ninetales|Ninetales-Alola, F|100/100\n|-weather|Snow|[from] ability: Snow Warning|[of] p1a: Ninetales\n|turn|4\n|\n|t:|1695176234\n|move|p1a: Ninetales|Aurora Veil|p1a: Ninetales\n|-sidestart|p1: Changuich|move: Aurora Veil\n|move|p2a: Zapdos|Roost|p2a: Zapdos\n|-heal|p2a: Zapdos|95/100\n|-singleturn|p2a: Zapdos|move: Roost\n|\n|-weather|Snow|[upkeep]\n|upkeep\n|turn|5\n|\n|t:|1695176242\n|switch|p2a: Glimmora|Glimmora, M|100/100\n|-damage|p2a: Glimmora|88/100|[from] Stealth Rock\n|move|p1a: Ninetales|Encore||[still]\n|-fail|p1a: Ninetales\n|\n|-weather|Snow|[upkeep]\n|upkeep\n|turn|6\n|\n|t:|1695176245\n|switch|p1a: Kingambit|Kingambit, F|100/100\n|-activate|p1a: Kingambit|ability: Supreme Overlord\n|-start|p1a: Kingambit|fallen1|[silent]\n|move|p2a: Glimmora|Mortal Spin|p1a: Kingambit\n|-immune|p1a: Kingambit\n|\n|-weather|Snow|[upkeep]\n|upkeep\n|turn|7\n|\n|t:|1695176249\n|move|p2a: Glimmora|Stealth Rock|p1a: Kingambit\n|-sidestart|p1: Changuich|move: Stealth Rock\n|move|p1a: Kingambit|Swords Dance|p1a: Kingambit\n|-boost|p1a: Kingambit|atk|2\n|\n|-weather|Snow|[upkeep]\n|upkeep\n|turn|8\n|\n|t:|1695176255\n|move|p2a: Glimmora|Power Gem|p1a: Kingambit\n|-resisted|p1a: Kingambit\n|-damage|p1a: Kingambit|90/100\n|move|p1a: Kingambit|Swords Dance|p1a: Kingambit\n|-boost|p1a: Kingambit|atk|2\n|\n|-weather|none\n|upkeep\n|turn|9\n|\n|t:|1695176265\n|switch|p2a: Torterra|Torterra, M|100/100\n|-damage|p2a: Torterra|94/100|[from] Stealth Rock\n|move|p1a: Kingambit|Kowtow Cleave|p2a: Torterra\n|-damage|p2a: Torterra|0 fnt\n|faint|p2a: Torterra\n|\n|upkeep\n|\n|t:|1695176273\n|switch|p2a: Glimmora|Glimmora, M|88/100\n|-damage|p2a: Glimmora|76/100|[from] Stealth Rock\n|turn|10\n|\n|t:|1695176277\n|move|p2a: Glimmora|Power Gem|p1a: Kingambit\n|-resisted|p1a: Kingambit\n|-damage|p1a: Kingambit|79/100\n|move|p1a: Kingambit|Kowtow Cleave|p2a: Glimmora\n|-damage|p2a: Glimmora|0 fnt\n|-activate|p2a: Glimmora|ability: Toxic Debris\n|-sidestart|p1: Changuich|move: Toxic Spikes\n|faint|p2a: Glimmora\n|\n|upkeep\n|\n|t:|1695176292\n|switch|p2a: Zapdos|Zapdos|95/100\n|-damage|p2a: Zapdos|70/100|[from] Stealth Rock\n|turn|11\n|\n|t:|1695176298\n|move|p2a: Zapdos|Roost|p2a: Zapdos\n|-heal|p2a: Zapdos|100/100\n|-singleturn|p2a: Zapdos|move: Roost\n|move|p1a: Kingambit|Kowtow Cleave|p2a: Zapdos\n|-damage|p2a: Zapdos|0 fnt\n|faint|p2a: Zapdos\n|\n|-sideend|p1: Changuich|move: Aurora Veil\n|upkeep\n|\n|t:|1695176302\n|switch|p2a: Infernape|Infernape, M|100/100\n|-damage|p2a: Infernape|88/100|[from] Stealth Rock\n|turn|12\n|\n|t:|1695176306\n|-terastallize|p1a: Kingambit|Dark\n|move|p1a: Kingambit|Sucker Punch|p2a: Infernape\n|-resisted|p2a: Infernape\n|-damage|p2a: Infernape|0 fnt\n|faint|p2a: Infernape\n|\n|upkeep\n|\n|t:|1695176313\n|switch|p2a: Garchomp|Garchomp, F|100/100\n|-damage|p2a: Garchomp|94/100|[from] Stealth Rock\n|turn|13\n|\n|t:|1695176315\n|move|p2a: Garchomp|Earthquake|p1a: Kingambit\n|-damage|p1a: Kingambit|33/100\n|move|p1a: Kingambit|Kowtow Cleave|p2a: Garchomp\n|-damage|p2a: Garchomp|0 fnt\n|-damage|p1a: Kingambit|21/100|[from] ability: Rough Skin|[of] p2a: Garchomp\n|faint|p2a: Garchomp\n|\n|upkeep\n|\n|t:|1695176322\n|switch|p2a: Empoleon|Empoleon, F|100/100\n|-damage|p2a: Empoleon|94/100|[from] Stealth Rock\n|turn|14\n|\n|t:|1695176325\n|move|p1a: Kingambit|Kowtow Cleave|p2a: Empoleon\n|-damage|p2a: Empoleon|0 fnt\n|faint|p2a: Empoleon\n|\n|win|Changuich\n|raw|Changuich's rating: 1085 &rarr; <strong>1116</strong><br />(+31 for winning)\n|raw|shaka brah 2's rating: 1138 &rarr; <strong>1109</strong><br />(-29 for losing)\n|l|\u203dshaka brah 2\n", "uploadtime": 1695176343, "views": 1, "p1id": "changuich", "p2id": "shakabrah2", "formatid": "gen9ou", "rating": 1109, "private": 0, "password": ""}