{"id": "gen9ou-1947669770", "p1": "greendude44", "p2": "wifebeatershirt", "format": "gen9ou", "log": "|j|\u2606greendude44\n|j|\u2606wifebeatershirt\n|t:|1695184633\n|gametype|singles\n|player|p1|greendude44|acetrainer-gen4dp|1185\n|player|p2|wifebeatershirt|doctor|1213\n|teamsize|p1|6\n|teamsize|p2|6\n|gen|9\n|tier|[Gen 9] OU\n|rated|\n|rule|Sleep Clause Mod: Limit one foe put to sleep\n|rule|Species Clause: Limit one of each Pok\u00e9mon\n|rule|OHKO Clause: OHKO moves are banned\n|rule|Evasion Items Clause: Evasion items are banned\n|rule|Evasion Moves Clause: Evasion moves are banned\n|rule|Endless Battle Clause: Forcing endless battles is banned\n|rule|HP Percentage Mod: HP is shown in percentages\n|clearpoke\n|poke|p1|Crawdaunt, M|\n|poke|p1|Sinistcha-Masterpiece|\n|poke|p1|Sandy Shocks|\n|poke|p1|Ursaluna-Bloodmoon, M|\n|poke|p1|Kingambit, M|\n|poke|p1|Glimmora, M|\n|poke|p2|Alomomola, F|\n|poke|p2|Ursaluna-Bloodmoon, M|\n|poke|p2|Ninetales-Alola, F|\n|poke|p2|Cinderace, F|\n|poke|p2|Corviknight, F|\n|poke|p2|Cresselia, F|\n|teampreview\n|inactive|Battle timer is ON: inactive players will automatically lose when time's up. (requested by greendude44)\n|\n|t:|1695184652\n|start\n|switch|p1a: Glimmora|Glimmora, M|100/100\n|switch|p2a: Alomomola|Alomomola, F|100/100\n|turn|1\n|\n|t:|1695184659\n|move|p1a: Glimmora|Stealth Rock|p2a: Alomomola\n|-sidestart|p2: wifebeatershirt|move: Stealth Rock\n|move|p2a: Alomomola|Whirlpool|p1a: Glimmora\n|-supereffective|p1a: Glimmora\n|-damage|p1a: Glimmora|83/100\n|-activate|p1a: Glimmora|move: Whirlpool|[of] p2a: Alomomola\n|\n|-damage|p1a: Glimmora|71/100|[from] move: Whirlpool|[partiallytrapped]\n|upkeep\n|turn|2\n|\n|t:|1695184669\n|move|p1a: Glimmora|Mortal Spin|p2a: Alomomola\n|-damage|p2a: Alomomola|97/100\n|-status|p2a: Alomomola|psn\n|-end|p1a: Glimmora|Whirlpool|[partiallytrapped]\n|move|p2a: Alomomola|Flip Turn|p1a: Glimmora\n|-supereffective|p1a: Glimmora\n|-damage|p1a: Glimmora|35/100\n|-activate|p1a: Glimmora|ability: Toxic Debris\n|-sidestart|p2: wifebeatershirt|move: Toxic Spikes\n|\n|t:|1695184672\n|switch|p2a: Corviknight|Corviknight, F|100/100|[from] Flip Turn\n|-damage|p2a: Corviknight|88/100|[from] Stealth Rock\n|-ability|p2a: Corviknight|Pressure\n|\n|-heal|p2a: Corviknight|94/100|[from] item: Leftovers\n|upkeep\n|turn|3\n|\n|t:|1695184685\n|switch|p1a: Sandy Shocks|Sandy Shocks|100/100\n|move|p2a: Corviknight|Defog|p1a: Sandy Shocks\n|-unboost|p1a: Sandy Shocks|evasion|1\n|-sideend|p2: wifebeatershirt|Toxic Spikes|[from] move: Defog|[of] p2a: Corviknight\n|-sideend|p2: wifebeatershirt|Stealth Rock|[from] move: Defog|[of] p2a: Corviknight\n|\n|-heal|p2a: Corviknight|99/100|[from] item: Leftovers\n|upkeep\n|turn|4\n|\n|t:|1695184699\n|switch|p2a: Ursaluna|Ursaluna-Bloodmoon, M|100/100\n|move|p1a: Sandy Shocks|Earth Power|p2a: Ursaluna\n|-damage|p2a: Ursaluna|60/100\n|\n|-heal|p2a: Ursaluna|66/100|[from] item: Leftovers\n|upkeep\n|turn|5\n|\n|t:|1695184713\n|-terastallize|p1a: Sandy Shocks|Ice\n|move|p1a: Sandy Shocks|Tera Blast|p2a: Ursaluna\n|-supereffective|p2a: Ursaluna\n|-crit|p2a: Ursaluna\n|-damage|p2a: Ursaluna|0 fnt\n|faint|p2a: Ursaluna\n|\n|upkeep\n|\n|t:|1695184719\n|switch|p2a: Cinderace|Cinderace, F|100/100\n|turn|6\n|\n|t:|1695184725\n|-end|p1a: Sandy Shocks|Protosynthesis|[silent]\n|switch|p1a: Glimmora|Glimmora, M|35/100\n|move|p2a: Cinderace|High Jump Kick|p1a: Glimmora\n|-damage|p1a: Glimmora|0 fnt\n|-activate|p1a: Glimmora|ability: Toxic Debris\n|-sidestart|p2: wifebeatershirt|move: Toxic Spikes\n|faint|p1a: Glimmora\n|\n|upkeep\n|\n|t:|1695184733\n|switch|p1a: Crawdaunt|Crawdaunt, M, shiny|100/100\n|turn|7\n|\n|t:|1695184743\n|switch|p2a: Alomomola|Alomomola, F|100/100 psn\n|move|p1a: Crawdaunt|Aqua Jet|p2a: Alomomola\n|-resisted|p2a: Alomomola\n|-damage|p2a: Alomomola|88/100 psn\n|\n|-damage|p2a: Alomomola|76/100 psn|[from] psn\n|upkeep\n|turn|8\n|\n|t:|1695184751\n|switch|p1a: Sinistcha|Sinistcha-Masterpiece|100/100\n|move|p2a: Alomomola|Whirlpool|p1a: Sinistcha\n|-resisted|p1a: Sinistcha\n|-damage|p1a: Sinistcha|97/100\n|-activate|p1a: Sinistcha|move: Whirlpool|[of] p2a: Alomomola\n|\n|-heal|p1a: Sinistcha|100/100|[from] item: Leftovers\n|-damage|p2a: Alomomola|64/100 psn|[from] psn\n|-damage|p1a: Sinistcha|88/100|[from] move: Whirlpool|[partiallytrapped]\n|upkeep\n|turn|9\n|\n|t:|1695184764\n|switch|p2a: Ninetales|Ninetales-Alola, F|100/100\n|-status|p2a: Ninetales|psn\n|-weather|Snow|[from] ability: Snow Warning|[of] p2a: Ninetales\n|move|p1a: Sinistcha|Calm Mind|p1a: Sinistcha\n|-boost|p1a: Sinistcha|spa|1\n|-boost|p1a: Sinistcha|spd|1\n|\n|-weather|Snow|[upkeep]\n|-heal|p1a: Sinistcha|94/100|[from] item: Leftovers\n|-damage|p2a: Ninetales|88/100 psn|[from] psn\n|-end|p1a: Sinistcha|Whirlpool|[partiallytrapped]|[silent]\n|upkeep\n|turn|10\n|\n|t:|1695184773\n|move|p2a: Ninetales|Encore|p1a: Sinistcha\n|-start|p1a: Sinistcha|Encore\n|move|p1a: Sinistcha|Calm Mind|p1a: Sinistcha\n|-boost|p1a: Sinistcha|spa|1\n|-boost|p1a: Sinistcha|spd|1\n|\n|-weather|Snow|[upkeep]\n|-heal|p1a: Sinistcha|99/100|[from] item: Leftovers\n|-damage|p2a: Ninetales|76/100 psn|[from] psn\n|upkeep\n|turn|11\n|inactive|greendude44 has 120 seconds left.\n|inactive|greendude44 has 90 seconds left.\n|\n|t:|1695184837\n|switch|p2a: Cinderace|Cinderace, F|100/100\n|move|p1a: Sinistcha|Calm Mind|p1a: Sinistcha\n|-boost|p1a: Sinistcha|spa|1\n|-boost|p1a: Sinistcha|spd|1\n|\n|-weather|Snow|[upkeep]\n|-heal|p1a: Sinistcha|100/100|[from] item: Leftovers\n|upkeep\n|turn|12\n|\n|t:|1695184843\n|move|p2a: Cinderace|Pyro Ball|p1a: Sinistcha\n|-supereffective|p1a: Sinistcha\n|-damage|p1a: Sinistcha|60/100\n|move|p1a: Sinistcha|Calm Mind|p1a: Sinistcha\n|-boost|p1a: Sinistcha|spa|1\n|-boost|p1a: Sinistcha|spd|1\n|\n|-weather|Snow|[upkeep]\n|-heal|p1a: Sinistcha|66/100|[from] item: Leftovers\n|-end|p1a: Sinistcha|Encore\n|upkeep\n|turn|13\n|inactive|greendude44 has 90 seconds left.\n|\n|t:|1695184864\n|-terastallize|p2a: Cinderace|Fire\n|move|p2a: Cinderace|Pyro Ball|p1a: Sinistcha\n|-supereffective|p1a: Sinistcha\n|-damage|p1a: Sinistcha|14/100\n|move|p1a: Sinistcha|Shadow Ball|p2a: Cinderace\n|-damage|p2a: Cinderace|0 fnt\n|faint|p2a: Cinderace\n|\n|-weather|none\n|-heal|p1a: Sinistcha|20/100|[from] item: Leftovers\n|upkeep\n|inactive|wifebeatershirt has 120 seconds left.\n|inactive|wifebeatershirt has 90 seconds left.\n|\n|t:|1695184952\n|switch|p2a: Corviknight|Corviknight, F|99/100\n|-ability|p2a: Corviknight|Pressure\n|turn|14\n|\n|t:|1695184956\n|move|p1a: Sinistcha|Strength Sap|p2a: Corviknight\n|-unboost|p2a: Corviknight|atk|1\n|-heal|p1a: Sinistcha|81/100\n|move|p2a: Corviknight|U-turn|p1a: Sinistcha\n|-damage|p1a: Sinistcha|74/100\n|-message|wifebeatershirt forfeited.\n|\n|win|greendude44\n|raw|greendude44's rating: 1185 &rarr; <strong>1212</strong><br />(+27 for winning)\n|raw|wifebeatershirt's rating: 1213 &rarr; <strong>1186</strong><br />(-27 for losing)\n|l|\u2606wifebeatershirt\n|c|\u2606greendude44|ggs\n", "uploadtime": 1695184973, "views": 3, "p1id": "greendude44", "p2id": "wifebeatershirt", "formatid": "gen9ou", "rating": 1186, "private": 0, "password": ""}