{"id": "gen9ou-1947639791", "p1": "Katyqueen", "p2": "pooppie", "format": "gen9ou", "log": "|j|\u2606Katyqueen\n|j|\u2606pooppie\n|t:|1695180800\n|gametype|singles\n|player|p1|Katyqueen|shauntal|1122\n|player|p2|pooppie|102|1046\n|teamsize|p1|6\n|teamsize|p2|6\n|gen|9\n|tier|[Gen 9] OU\n|rated|\n|rule|Sleep Clause Mod: Limit one foe put to sleep\n|rule|Species Clause: Limit one of each Pok\u00e9mon\n|rule|OHKO Clause: OHKO moves are banned\n|rule|Evasion Items Clause: Evasion items are banned\n|rule|Evasion Moves Clause: Evasion moves are banned\n|rule|Endless Battle Clause: Forcing endless battles is banned\n|rule|HP Percentage Mod: HP is shown in percentages\n|clearpoke\n|poke|p1|Ninetales-Alola, F|\n|poke|p1|Sandslash-Alola, F|\n|poke|p1|Frosmoth, F|\n|poke|p1|Landorus-Therian, M|\n|poke|p1|Manaphy|\n|poke|p1|Kingambit, M|\n|poke|p2|Infernape, M|\n|poke|p2|Corviknight, M|\n|poke|p2|Tauros-Paldea-Blaze, M|\n|poke|p2|Kingambit, M|\n|poke|p2|Ninetales-Alola, M|\n|poke|p2|Dragapult, M|\n|teampreview\n|\n|t:|1695180823\n|start\n|switch|p1a: Sandslash|Sandslash-Alola, F|100/100\n|switch|p2a: Kingambit|Kingambit, M|100/100\n|turn|1\n|\n|t:|1695180839\n|move|p1a: Sandslash|Earthquake|p2a: Kingambit\n|-supereffective|p2a: Kingambit\n|-damage|p2a: Kingambit|31/100\n|move|p2a: Kingambit|Iron Head|p1a: Sandslash\n|-damage|p1a: Sandslash|37/100\n|-damage|p2a: Kingambit|21/100|[from] item: Life Orb\n|\n|upkeep\n|turn|2\n|\n|t:|1695180846\n|move|p2a: Kingambit|Sucker Punch|p1a: Sandslash\n|-damage|p1a: Sandslash|0 fnt\n|faint|p1a: Sandslash\n|-damage|p2a: Kingambit|11/100|[from] item: Life Orb\n|\n|upkeep\n|\n|t:|1695180850\n|switch|p1a: Ninetales|Ninetales-Alola, F|100/100\n|-weather|Snow|[from] ability: Snow Warning|[of] p1a: Ninetales\n|turn|3\n|\n|t:|1695180859\n|move|p1a: Ninetales|Aurora Veil|p1a: Ninetales\n|-sidestart|p1: Katyqueen|move: Aurora Veil\n|move|p2a: Kingambit|Iron Head|p1a: Ninetales\n|-supereffective|p1a: Ninetales\n|-damage|p1a: Ninetales|0 fnt\n|faint|p1a: Ninetales\n|-damage|p2a: Kingambit|1/100|[from] item: Life Orb\n|\n|-weather|Snow|[upkeep]\n|upkeep\n|\n|t:|1695180863\n|switch|p1a: Frosmoth|Frosmoth, F|100/100\n|turn|4\n|\n|t:|1695180878\n|move|p1a: Frosmoth|Substitute|p1a: Frosmoth\n|-start|p1a: Frosmoth|Substitute\n|-damage|p1a: Frosmoth|76/100\n|move|p2a: Kingambit|Iron Head|p1a: Frosmoth\n|-supereffective|p1a: Frosmoth\n|-end|p1a: Frosmoth|Substitute\n|-damage|p2a: Kingambit|0 fnt|[from] item: Life Orb\n|faint|p2a: Kingambit\n|-end|p2a: Kingambit|fallenundefined|[silent]\n|\n|-weather|Snow|[upkeep]\n|upkeep\n|inactive|Battle timer is ON: inactive players will automatically lose when time's up. (requested by Katyqueen)\n|\n|t:|1695180888\n|switch|p2a: Ninetales|Ninetales-Alola, M|100/100\n|turn|5\n|\n|t:|1695180891\n|move|p2a: Ninetales|Aurora Veil|p2a: Ninetales\n|-sidestart|p2: pooppie|move: Aurora Veil\n|move|p1a: Frosmoth|Quiver Dance|p1a: Frosmoth\n|-boost|p1a: Frosmoth|spa|1\n|-boost|p1a: Frosmoth|spd|1\n|-boost|p1a: Frosmoth|spe|1\n|\n|-weather|Snow|[upkeep]\n|upkeep\n|turn|6\n|\n|t:|1695180899\n|move|p1a: Frosmoth|Quiver Dance|p1a: Frosmoth\n|-boost|p1a: Frosmoth|spa|1\n|-boost|p1a: Frosmoth|spd|1\n|-boost|p1a: Frosmoth|spe|1\n|move|p2a: Ninetales|Moonblast|p1a: Frosmoth\n|-damage|p1a: Frosmoth|70/100\n|-unboost|p1a: Frosmoth|spa|1\n|\n|-weather|Snow|[upkeep]\n|upkeep\n|turn|7\n|\n|t:|1695180905\n|move|p1a: Frosmoth|Quiver Dance|p1a: Frosmoth\n|-boost|p1a: Frosmoth|spa|1\n|-boost|p1a: Frosmoth|spd|1\n|-boost|p1a: Frosmoth|spe|1\n|move|p2a: Ninetales|Moonblast|p1a: Frosmoth\n|-damage|p1a: Frosmoth|65/100\n|-unboost|p1a: Frosmoth|spa|1\n|\n|-weather|none\n|upkeep\n|turn|8\n|\n|t:|1695180911\n|move|p1a: Frosmoth|Quiver Dance|p1a: Frosmoth\n|-boost|p1a: Frosmoth|spa|1\n|-boost|p1a: Frosmoth|spd|1\n|-boost|p1a: Frosmoth|spe|1\n|move|p2a: Ninetales|Moonblast|p1a: Frosmoth\n|-damage|p1a: Frosmoth|61/100\n|\n|upkeep\n|turn|9\n|\n|t:|1695180930\n|move|p1a: Frosmoth|Quiver Dance|p1a: Frosmoth\n|-boost|p1a: Frosmoth|spa|1\n|-boost|p1a: Frosmoth|spd|1\n|-boost|p1a: Frosmoth|spe|1\n|move|p2a: Ninetales|Moonblast|p1a: Frosmoth\n|-damage|p1a: Frosmoth|57/100\n|\n|upkeep\n|turn|10\n|\n|t:|1695180937\n|move|p1a: Frosmoth|Quiver Dance|p1a: Frosmoth\n|-boost|p1a: Frosmoth|spa|1\n|-boost|p1a: Frosmoth|spd|1\n|-boost|p1a: Frosmoth|spe|1\n|move|p2a: Ninetales|Moonblast|p1a: Frosmoth\n|-damage|p1a: Frosmoth|54/100\n|-unboost|p1a: Frosmoth|spa|1\n|\n|-sideend|p1: Katyqueen|move: Aurora Veil\n|upkeep\n|turn|11\n|\n|t:|1695180942\n|move|p1a: Frosmoth|Quiver Dance|p1a: Frosmoth\n|-boost|p1a: Frosmoth|spa|1\n|-boost|p1a: Frosmoth|spd|0\n|-boost|p1a: Frosmoth|spe|0\n|move|p2a: Ninetales|Moonblast|p1a: Frosmoth\n|-damage|p1a: Frosmoth|49/100\n|\n|upkeep\n|turn|12\n|\n|t:|1695180945\n|move|p1a: Frosmoth|Quiver Dance|p1a: Frosmoth\n|-boost|p1a: Frosmoth|spa|1\n|-boost|p1a: Frosmoth|spd|0\n|-boost|p1a: Frosmoth|spe|0\n|move|p2a: Ninetales|Moonblast|p1a: Frosmoth\n|-damage|p1a: Frosmoth|42/100\n|-unboost|p1a: Frosmoth|spa|1\n|\n|-sideend|p2: pooppie|move: Aurora Veil\n|upkeep\n|turn|13\n|\n|t:|1695180952\n|-terastallize|p1a: Frosmoth|Ground\n|move|p1a: Frosmoth|Tera Blast|p2a: Ninetales\n|-damage|p2a: Ninetales|0 fnt\n|faint|p2a: Ninetales\n|\n|upkeep\n|\n|t:|1695180958\n|switch|p2a: Infernape|Infernape, M|100/100\n|turn|14\n|\n|t:|1695180963\n|move|p1a: Frosmoth|Tera Blast|p2a: Infernape\n|-supereffective|p2a: Infernape\n|-damage|p2a: Infernape|0 fnt\n|faint|p2a: Infernape\n|\n|upkeep\n|\n|t:|1695180965\n|switch|p2a: Tauros|Tauros-Paldea-Blaze, M|100/100\n|-ability|p2a: Tauros|Intimidate|boost\n|-unboost|p1a: Frosmoth|atk|1\n|turn|15\n|\n|t:|1695180971\n|move|p1a: Frosmoth|Tera Blast|p2a: Tauros\n|-supereffective|p2a: Tauros\n|-damage|p2a: Tauros|0 fnt\n|faint|p2a: Tauros\n|\n|upkeep\n|-message|pooppie forfeited.\n|\n|win|Katyqueen\n|raw|Katyqueen's rating: 1122 &rarr; <strong>1142</strong><br />(+20 for winning)\n|raw|pooppie's rating: 1046 &rarr; <strong>1033</strong><br />(-13 for losing)\n|l|\u2606pooppie\n", "uploadtime": 1695180985, "views": 3, "p1id": "katyqueen", "p2id": "pooppie", "formatid": "gen9ou", "rating": 1033, "private": 0, "password": ""}