{"id": "gen9ou-1947694502", "p1": "drain gang jr.", "p2": "Neutralist", "format": "gen9ou", "log": "|j|\u203ddrain gang jr.\n|j|\u2606Neutralist\n|t:|1695188235\n|gametype|singles\n|player|p1|drain gang jr.|ghetsis|1729\n|player|p2|Neutralist|265|1627\n|teamsize|p1|6\n|teamsize|p2|6\n|gen|9\n|tier|[Gen 9] OU\n|rated|\n|rule|Sleep Clause Mod: Limit one foe put to sleep\n|rule|Species Clause: Limit one of each Pok\u00e9mon\n|rule|OHKO Clause: OHKO moves are banned\n|rule|Evasion Items Clause: Evasion items are banned\n|rule|Evasion Moves Clause: Evasion moves are banned\n|rule|Endless Battle Clause: Forcing endless battles is banned\n|rule|HP Percentage Mod: HP is shown in percentages\n|clearpoke\n|poke|p1|Torterra, M|\n|poke|p1|Walking Wake|\n|poke|p1|Ursaluna-Bloodmoon, M|\n|poke|p1|Cinderace, M|\n|poke|p1|Kingambit, M|\n|poke|p1|Iron Valiant|\n|poke|p2|Ursaluna-Bloodmoon, M|\n|poke|p2|Ninetales-Alola, F|\n|poke|p2|Kommo-o, F|\n|poke|p2|Ogerpon, F|\n|poke|p2|Great Tusk|\n|poke|p2|Iron Valiant|\n|teampreview\n|\n|t:|1695188246\n|start\n|switch|p1a: Walking Wake|Walking Wake|100/100\n|switch|p2a: Antiqua|Ninetales-Alola, F|100/100\n|-weather|Snow|[from] ability: Snow Warning|[of] p2a: Antiqua\n|-enditem|p1a: Walking Wake|Booster Energy\n|-activate|p1a: Walking Wake|ability: Protosynthesis|[fromitem]\n|-start|p1a: Walking Wake|protosynthesisspa\n|turn|1\n|\n|t:|1695188251\n|-end|p1a: Walking Wake|Protosynthesis|[silent]\n|switch|p1a: Cinderace|Cinderace, M|100/100\n|move|p2a: Antiqua|Freeze-Dry|p1a: Cinderace\n|-resisted|p1a: Cinderace\n|-crit|p1a: Cinderace\n|-damage|p1a: Cinderace|83/100\n|\n|-weather|Snow|[upkeep]\n|upkeep\n|turn|2\n|\n|t:|1695188257\n|switch|p2a: \u5782\u6b7b\u4e00\u751f|Great Tusk|100/100\n|move|p1a: Cinderace|U-turn|p2a: \u5782\u6b7b\u4e00\u751f\n|-resisted|p2a: \u5782\u6b7b\u4e00\u751f\n|-damage|p2a: \u5782\u6b7b\u4e00\u751f|96/100\n|\n|t:|1695188273\n|switch|p1a: Walking Wake|Walking Wake|100/100|[from] U-turn\n|\n|-weather|Snow|[upkeep]\n|upkeep\n|turn|3\n|j| sgaah\n|\n|t:|1695188277\n|-end|p2a: \u5782\u6b7b\u4e00\u751f|Protosynthesis|[silent]\n|switch|p2a: Antiqua|Ninetales-Alola, F|100/100\n|move|p1a: Walking Wake|Agility|p1a: Walking Wake\n|-boost|p1a: Walking Wake|spe|2\n|\n|-weather|Snow|[upkeep]\n|upkeep\n|turn|4\n|\n|t:|1695188299\n|move|p1a: Walking Wake|Flamethrower|p2a: Antiqua\n|-supereffective|p2a: Antiqua\n|-damage|p2a: Antiqua|38/100\n|move|p2a: Antiqua|Freeze-Dry|p1a: Walking Wake\n|-supereffective|p1a: Walking Wake\n|-damage|p1a: Walking Wake|9/100\n|\n|-weather|Snow|[upkeep]\n|upkeep\n|turn|5\n|\n|t:|1695188359\n|switch|p2a: ABAASY|Ursaluna-Bloodmoon, M|100/100\n|move|p1a: Walking Wake|Flamethrower|p2a: ABAASY\n|-damage|p2a: ABAASY|63/100\n|\n|-weather|none\n|-heal|p2a: ABAASY|69/100|[from] item: Leftovers\n|upkeep\n|turn|6\n|\n|t:|1695188364\n|move|p2a: ABAASY|Vacuum Wave|p1a: Walking Wake\n|-damage|p1a: Walking Wake|0 fnt\n|faint|p1a: Walking Wake\n|-end|p1a: Walking Wake|Protosynthesis|[silent]\n|\n|-heal|p2a: ABAASY|75/100|[from] item: Leftovers\n|upkeep\n|\n|t:|1695188371\n|switch|p1a: Torterra|Torterra, M|100/100\n|turn|7\n|\n|t:|1695188376\n|switch|p2a: \u7d42\u6975\u5341\u5b57|Iron Valiant|100/100\n|-enditem|p2a: \u7d42\u6975\u5341\u5b57|Booster Energy\n|-activate|p2a: \u7d42\u6975\u5341\u5b57|ability: Quark Drive|[fromitem]\n|-start|p2a: \u7d42\u6975\u5341\u5b57|quarkdrivespe\n|move|p1a: Torterra|Wood Hammer|p2a: \u7d42\u6975\u5341\u5b57\n|-damage|p2a: \u7d42\u6975\u5341\u5b57|30/100\n|-damage|p1a: Torterra|80/100|[from] Recoil\n|\n|upkeep\n|turn|8\n|\n|t:|1695188381\n|switch|p1a: Cinderace|Cinderace, M|83/100\n|move|p2a: \u7d42\u6975\u5341\u5b57|Moonblast|p1a: Cinderace\n|-resisted|p1a: Cinderace\n|-damage|p1a: Cinderace|58/100\n|\n|upkeep\n|turn|9\n|\n|t:|1695188384\n|move|p2a: \u7d42\u6975\u5341\u5b57|Thunderbolt|p1a: Cinderace\n|-damage|p1a: Cinderace|27/100\n|move|p1a: Cinderace|Pyro Ball|p2a: \u7d42\u6975\u5341\u5b57\n|-damage|p2a: \u7d42\u6975\u5341\u5b57|0 fnt\n|faint|p2a: \u7d42\u6975\u5341\u5b57\n|-end|p2a: \u7d42\u6975\u5341\u5b57|Quark Drive|[silent]\n|\n|upkeep\n|\n|t:|1695188401\n|switch|p2a: Wailing Corn|Kommo-o, F|100/100\n|turn|10\n|\n|t:|1695188403\n|switch|p1a: Iron Valiant|Iron Valiant|100/100\n|-enditem|p1a: Iron Valiant|Booster Energy\n|-activate|p1a: Iron Valiant|ability: Quark Drive|[fromitem]\n|-start|p1a: Iron Valiant|quarkdrivespe\n|move|p2a: Wailing Corn|Clangorous Soul|p2a: Wailing Corn\n|-boost|p2a: Wailing Corn|atk|1\n|-boost|p2a: Wailing Corn|def|1\n|-boost|p2a: Wailing Corn|spa|1\n|-boost|p2a: Wailing Corn|spd|1\n|-boost|p2a: Wailing Corn|spe|1\n|-damage|p2a: Wailing Corn|68/100\n|-enditem|p2a: Wailing Corn|Throat Spray\n|-boost|p2a: Wailing Corn|spa|1|[from] item: Throat Spray\n|\n|upkeep\n|turn|11\n|\n|t:|1695188407\n|-terastallize|p2a: Wailing Corn|Normal\n|move|p1a: Iron Valiant|Encore|p2a: Wailing Corn\n|-start|p2a: Wailing Corn|Encore\n|move|p2a: Wailing Corn|Clangorous Soul|p2a: Wailing Corn\n|-boost|p2a: Wailing Corn|atk|1\n|-boost|p2a: Wailing Corn|def|1\n|-boost|p2a: Wailing Corn|spa|1\n|-boost|p2a: Wailing Corn|spd|1\n|-boost|p2a: Wailing Corn|spe|1\n|-damage|p2a: Wailing Corn|35/100\n|\n|upkeep\n|turn|12\n|\n|t:|1695188418\n|switch|p2a: Antiqua|Ninetales-Alola, F|38/100\n|-weather|Snow|[from] ability: Snow Warning|[of] p2a: Antiqua\n|move|p1a: Iron Valiant|Encore||[still]\n|-fail|p1a: Iron Valiant\n|\n|-weather|Snow|[upkeep]\n|upkeep\n|turn|13\n|\n|t:|1695188422\n|move|p1a: Iron Valiant|Close Combat|p2a: Antiqua\n|-damage|p2a: Antiqua|0 fnt\n|-unboost|p1a: Iron Valiant|def|1\n|-unboost|p1a: Iron Valiant|spd|1\n|faint|p2a: Antiqua\n|\n|-weather|Snow|[upkeep]\n|upkeep\n|\n|t:|1695188430\n|switch|p2a: HEROPON|Ogerpon, F|100/100\n|turn|14\n|\n|t:|1695188439\n|move|p1a: Iron Valiant|Close Combat|p2a: HEROPON\n|-damage|p2a: HEROPON|25/100\n|-unboost|p1a: Iron Valiant|def|1\n|-unboost|p1a: Iron Valiant|spd|1\n|move|p2a: HEROPON|Ivy Cudgel|p1a: Iron Valiant\n|-crit|p1a: Iron Valiant\n|-damage|p1a: Iron Valiant|0 fnt\n|faint|p1a: Iron Valiant\n|-end|p1a: Iron Valiant|Quark Drive|[silent]\n|\n|-weather|Snow|[upkeep]\n|upkeep\n|\n|t:|1695188445\n|switch|p1a: Cinderace|Cinderace, M|27/100\n|turn|15\n|\n|t:|1695188450\n|switch|p2a: Wailing Corn|Kommo-o, F, tera:Normal|35/100\n|move|p1a: Cinderace|U-turn|p2a: Wailing Corn\n|-damage|p2a: Wailing Corn|17/100\n|\n|t:|1695188458\n|switch|p1a: Ursaluna|Ursaluna-Bloodmoon, M|100/100|[from] U-turn\n|\n|-weather|Snow|[upkeep]\n|upkeep\n|turn|16\n|\n|t:|1695188462\n|switch|p2a: \u5782\u6b7b\u4e00\u751f|Great Tusk|96/100\n|move|p1a: Ursaluna|Vacuum Wave|p2a: \u5782\u6b7b\u4e00\u751f\n|-damage|p2a: \u5782\u6b7b\u4e00\u751f|83/100\n|\n|-weather|none\n|upkeep\n|turn|17\n|\n|t:|1695188470\n|-terastallize|p1a: Ursaluna|Fighting\n|move|p2a: \u5782\u6b7b\u4e00\u751f|Knock Off|p1a: Ursaluna\n|-resisted|p1a: Ursaluna\n|-damage|p1a: Ursaluna|91/100\n|-enditem|p1a: Ursaluna|Leftovers|[from] move: Knock Off|[of] p2a: \u5782\u6b7b\u4e00\u751f\n|move|p1a: Ursaluna|Blood Moon|p2a: \u5782\u6b7b\u4e00\u751f\n|-damage|p2a: \u5782\u6b7b\u4e00\u751f|5/100\n|\n|upkeep\n|turn|18\n|\n|t:|1695188476\n|move|p2a: \u5782\u6b7b\u4e00\u751f|Body Press|p1a: Ursaluna\n|-damage|p1a: Ursaluna|58/100\n|move|p1a: Ursaluna|Calm Mind|p1a: Ursaluna\n|-boost|p1a: Ursaluna|spa|1\n|-boost|p1a: Ursaluna|spd|1\n|\n|upkeep\n|turn|19\n|\n|t:|1695188478\n|move|p1a: Ursaluna|Vacuum Wave|p2a: \u5782\u6b7b\u4e00\u751f\n|-damage|p2a: \u5782\u6b7b\u4e00\u751f|0 fnt\n|faint|p2a: \u5782\u6b7b\u4e00\u751f\n|-end|p2a: \u5782\u6b7b\u4e00\u751f|Protosynthesis|[silent]\n|\n|upkeep\n|\n|t:|1695188481\n|switch|p2a: ABAASY|Ursaluna-Bloodmoon, M|75/100\n|turn|20\n|\n|t:|1695188483\n|move|p1a: Ursaluna|Vacuum Wave|p2a: ABAASY\n|-supereffective|p2a: ABAASY\n|-damage|p2a: ABAASY|0 fnt\n|faint|p2a: ABAASY\n|\n|upkeep\n|-message|Neutralist forfeited.\n|\n|win|drain gang jr.\n|raw|drain gang jr.'s rating: 1748 &rarr; <strong>1761</strong><br />(+13 for winning)\n|raw|Neutralist's rating: 1627 &rarr; <strong>1614</strong><br />(-13 for losing)\n|l|\u2606Neutralist\n|l| sgaah\n", "uploadtime": 1695188497, "views": 6, "p1id": "draingangjr", "p2id": "neutralist", "formatid": "gen9ou", "rating": 1614, "private": 0, "password": ""}