{"id": "gen9ou-1947653850", "p1": "chordoverstreet", "p2": "Skirmishist", "format": "gen9ou", "log": "|j|\u2606chordoverstreet\n|j|\u2606Skirmishist\n|t:|1695182497\n|gametype|singles\n|player|p1|chordoverstreet|2|1555\n|player|p2|Skirmishist|koga|1476\n|teamsize|p1|6\n|teamsize|p2|6\n|gen|9\n|tier|[Gen 9] OU\n|rated|\n|rule|Sleep Clause Mod: Limit one foe put to sleep\n|rule|Species Clause: Limit one of each Pok\u00e9mon\n|rule|OHKO Clause: OHKO moves are banned\n|rule|Evasion Items Clause: Evasion items are banned\n|rule|Evasion Moves Clause: Evasion moves are banned\n|rule|Endless Battle Clause: Forcing endless battles is banned\n|rule|HP Percentage Mod: HP is shown in percentages\n|clearpoke\n|poke|p1|Iron Moth|\n|poke|p1|Ursaluna-Bloodmoon, M|\n|poke|p1|Great Tusk|\n|poke|p1|Kingambit, M|\n|poke|p1|Dragonite, M|\n|poke|p1|Iron Valiant|\n|poke|p2|Ninetales-Alola, M|\n|poke|p2|Great Tusk|\n|poke|p2|Gholdengo|\n|poke|p2|Enamorus, F|\n|poke|p2|Kingambit, F|\n|poke|p2|Garchomp, M|\n|teampreview\n|\n|t:|1695182511\n|start\n|switch|p1a: Ursaluna|Ursaluna-Bloodmoon, M|100/100\n|switch|p2a: Enamorus|Enamorus, F|100/100\n|turn|1\n|\n|t:|1695182531\n|move|p2a: Enamorus|Mystical Fire|p1a: Ursaluna\n|-damage|p1a: Ursaluna|72/100\n|-unboost|p1a: Ursaluna|spa|1\n|move|p1a: Ursaluna|Blood Moon|p2a: Enamorus\n|-crit|p2a: Enamorus\n|-damage|p2a: Enamorus|0 fnt\n|faint|p2a: Enamorus\n|\n|-heal|p1a: Ursaluna|78/100|[from] item: Leftovers\n|upkeep\n|c|\u2606Skirmishist|nice\n|\n|t:|1695182556\n|switch|p2a: Great Tusk|Great Tusk|100/100\n|turn|2\n|\n|t:|1695182573\n|switch|p1a: Great Tusk|Great Tusk|100/100\n|move|p2a: Great Tusk|Stealth Rock|p1a: Great Tusk\n|-sidestart|p1: chordoverstreet|move: Stealth Rock\n|\n|upkeep\n|turn|3\n|\n|t:|1695182584\n|-end|p2a: Great Tusk|Protosynthesis|[silent]\n|switch|p2a: Gholdengo|Gholdengo|100/100\n|-item|p2a: Gholdengo|Air Balloon\n|move|p1a: Great Tusk|Knock Off|p2a: Gholdengo\n|-supereffective|p2a: Gholdengo\n|-damage|p2a: Gholdengo|45/100\n|-enditem|p2a: Gholdengo|Air Balloon\n|\n|upkeep\n|turn|4\n|\n|t:|1695182590\n|move|p1a: Great Tusk|Earthquake|p2a: Gholdengo\n|-supereffective|p2a: Gholdengo\n|-damage|p2a: Gholdengo|0 fnt\n|faint|p2a: Gholdengo\n|\n|upkeep\n|\n|t:|1695182595\n|switch|p2a: Ninetales|Ninetales-Alola, M|100/100\n|-weather|Snow|[from] ability: Snow Warning|[of] p2a: Ninetales\n|turn|5\n|\n|t:|1695182610\n|move|p2a: Ninetales|Aurora Veil|p2a: Ninetales\n|-sidestart|p2: Skirmishist|move: Aurora Veil\n|move|p1a: Great Tusk|Rapid Spin|p2a: Ninetales\n|-damage|p2a: Ninetales|95/100\n|-boost|p1a: Great Tusk|spe|1\n|-sideend|p1: chordoverstreet|Stealth Rock|[from] move: Rapid Spin|[of] p1a: Great Tusk\n|\n|-weather|Snow|[upkeep]\n|upkeep\n|turn|6\n|\n|t:|1695182623\n|-end|p1a: Great Tusk|Protosynthesis|[silent]\n|switch|p1a: Iron Moth|Iron Moth|100/100\n|-enditem|p1a: Iron Moth|Booster Energy\n|-activate|p1a: Iron Moth|ability: Quark Drive|[fromitem]\n|-start|p1a: Iron Moth|quarkdrivespe\n|switch|p2a: Garchomp|Garchomp, M|100/100\n|\n|-weather|Snow|[upkeep]\n|upkeep\n|turn|7\n|\n|t:|1695182628\n|-terastallize|p1a: Iron Moth|Fairy\n|move|p1a: Iron Moth|Dazzling Gleam|p2a: Garchomp\n|-supereffective|p2a: Garchomp\n|-damage|p2a: Garchomp|52/100\n|move|p2a: Garchomp|Swords Dance|p2a: Garchomp\n|-boost|p2a: Garchomp|atk|2\n|\n|-weather|Snow|[upkeep]\n|upkeep\n|turn|8\n|\n|t:|1695182645\n|-terastallize|p2a: Garchomp|Fire\n|move|p1a: Iron Moth|Dazzling Gleam|p2a: Garchomp\n|-resisted|p2a: Garchomp\n|-damage|p2a: Garchomp|41/100\n|move|p2a: Garchomp|Earthquake|p1a: Iron Moth\n|-damage|p1a: Iron Moth|0 fnt\n|faint|p1a: Iron Moth\n|-end|p1a: Iron Moth|Quark Drive|[silent]\n|\n|-weather|Snow|[upkeep]\n|upkeep\n|\n|t:|1695182655\n|switch|p1a: Ursaluna|Ursaluna-Bloodmoon, M|78/100\n|turn|9\n|\n|t:|1695182666\n|move|p2a: Garchomp|Scale Shot|p1a: Ursaluna\n|-damage|p1a: Ursaluna|57/100\n|-damage|p1a: Ursaluna|38/100\n|-damage|p1a: Ursaluna|19/100\n|-damage|p1a: Ursaluna|0 fnt\n|faint|p1a: Ursaluna\n|-hitcount|p1: Ursaluna|4\n|-unboost|p2a: Garchomp|def|1\n|-boost|p2a: Garchomp|spe|1\n|\n|-weather|none\n|upkeep\n|\n|t:|1695182680\n|switch|p1a: Great Tusk|Great Tusk|100/100\n|turn|10\n|\n|t:|1695182696\n|move|p2a: Garchomp|Scale Shot|p1a: Great Tusk\n|-damage|p1a: Great Tusk|83/100\n|-damage|p1a: Great Tusk|65/100\n|-damage|p1a: Great Tusk|46/100\n|-damage|p1a: Great Tusk|30/100\n|-damage|p1a: Great Tusk|12/100\n|-hitcount|p1a: Great Tusk|5\n|-unboost|p2a: Garchomp|def|1\n|-boost|p2a: Garchomp|spe|1\n|move|p1a: Great Tusk|Earthquake|p2a: Garchomp\n|-supereffective|p2a: Garchomp\n|-damage|p2a: Garchomp|0 fnt\n|faint|p2a: Garchomp\n|\n|upkeep\n|\n|t:|1695182711\n|switch|p2a: Ninetales|Ninetales-Alola, M|95/100\n|-weather|Snow|[from] ability: Snow Warning|[of] p2a: Ninetales\n|turn|11\n|\n|t:|1695182716\n|move|p2a: Ninetales|Freeze-Dry|p1a: Great Tusk\n|-supereffective|p1a: Great Tusk\n|-damage|p1a: Great Tusk|0 fnt\n|faint|p1a: Great Tusk\n|-end|p1a: Great Tusk|Protosynthesis|[silent]\n|\n|-weather|Snow|[upkeep]\n|upkeep\n|\n|t:|1695182721\n|switch|p1a: Kingambit|Kingambit, M|100/100\n|-activate|p1a: Kingambit|ability: Supreme Overlord\n|-start|p1a: Kingambit|fallen3|[silent]\n|-item|p1a: Kingambit|Air Balloon\n|turn|12\n|\n|t:|1695182727\n|-end|p1a: Kingambit|fallen3|[silent]\n|switch|p1a: Iron Valiant|Iron Valiant|100/100\n|-enditem|p1a: Iron Valiant|Booster Energy\n|-activate|p1a: Iron Valiant|ability: Quark Drive|[fromitem]\n|-start|p1a: Iron Valiant|quarkdrivespe\n|move|p2a: Ninetales|Freeze-Dry|p1a: Iron Valiant\n|-damage|p1a: Iron Valiant|62/100\n|\n|-weather|Snow|[upkeep]\n|-sideend|p2: Skirmishist|move: Aurora Veil\n|upkeep\n|turn|13\n|\n|t:|1695182734\n|move|p1a: Iron Valiant|Calm Mind|p1a: Iron Valiant\n|-boost|p1a: Iron Valiant|spa|1\n|-boost|p1a: Iron Valiant|spd|1\n|move|p2a: Ninetales|Aurora Veil|p2a: Ninetales\n|-sidestart|p2: Skirmishist|move: Aurora Veil\n|\n|-weather|Snow|[upkeep]\n|upkeep\n|turn|14\n|\n|t:|1695182736\n|move|p1a: Iron Valiant|Encore|p2a: Ninetales\n|-start|p2a: Ninetales|Encore\n|move|p2a: Ninetales|Aurora Veil||[still]\n|-fail|p2a: Ninetales\n|\n|-weather|Snow|[upkeep]\n|upkeep\n|turn|15\n|\n|t:|1695182743\n|switch|p2a: Great Tusk|Great Tusk|100/100\n|move|p1a: Iron Valiant|Calm Mind|p1a: Iron Valiant\n|-boost|p1a: Iron Valiant|spa|1\n|-boost|p1a: Iron Valiant|spd|1\n|\n|-weather|none\n|upkeep\n|turn|16\n|\n|t:|1695182748\n|move|p1a: Iron Valiant|Moonblast|p2a: Great Tusk\n|-supereffective|p2a: Great Tusk\n|-damage|p2a: Great Tusk|0 fnt\n|faint|p2a: Great Tusk\n|-end|p2a: Great Tusk|Protosynthesis|[silent]\n|\n|upkeep\n|\n|t:|1695182749\n|switch|p2a: Ninetales|Ninetales-Alola, M|95/100\n|-weather|Snow|[from] ability: Snow Warning|[of] p2a: Ninetales\n|turn|17\n|\n|t:|1695182766\n|move|p1a: Iron Valiant|Moonblast|p2a: Ninetales\n|-damage|p2a: Ninetales|50/100\n|-unboost|p2a: Ninetales|spa|1\n|move|p2a: Ninetales|Encore|p1a: Iron Valiant\n|-start|p1a: Iron Valiant|Encore\n|\n|-weather|Snow|[upkeep]\n|upkeep\n|turn|18\n|\n|t:|1695182772\n|move|p1a: Iron Valiant|Moonblast|p2a: Ninetales\n|-damage|p2a: Ninetales|8/100\n|move|p2a: Ninetales|Freeze-Dry|p1a: Iron Valiant\n|-damage|p1a: Iron Valiant|50/100\n|-status|p1a: Iron Valiant|frz\n|\n|-weather|Snow|[upkeep]\n|upkeep\n|turn|19\n|\n|t:|1695182779\n|switch|p2a: Kingambit|Kingambit, F|100/100\n|-activate|p2a: Kingambit|ability: Supreme Overlord\n|-start|p2a: Kingambit|fallen4|[silent]\n|-curestatus|p1a: Iron Valiant|frz|[msg]\n|move|p1a: Iron Valiant|Moonblast|p2a: Kingambit\n|-damage|p2a: Kingambit|54/100\n|\n|-weather|Snow|[upkeep]\n|-heal|p2a: Kingambit|60/100|[from] item: Leftovers\n|upkeep\n|turn|20\n|\n|t:|1695182785\n|move|p1a: Iron Valiant|Moonblast|p2a: Kingambit\n|-damage|p2a: Kingambit|13/100\n|move|p2a: Kingambit|Iron Head|p1a: Iron Valiant\n|-supereffective|p1a: Iron Valiant\n|-damage|p1a: Iron Valiant|0 fnt\n|faint|p1a: Iron Valiant\n|-end|p1a: Iron Valiant|Quark Drive|[silent]\n|\n|-weather|Snow|[upkeep]\n|-heal|p2a: Kingambit|19/100|[from] item: Leftovers\n|-sideend|p2: Skirmishist|move: Aurora Veil\n|upkeep\n|c|\u2606Skirmishist|immediate thaw is some cheese\n|c|\u2606Skirmishist|u have to admit\n|c|\u2606chordoverstreet|freeze is cheese\n|\n|t:|1695182807\n|switch|p1a: Dragonite|Dragonite, M|100/100\n|turn|21\n|c|\u2606Skirmishist|fuck good point\n|\n|t:|1695182812\n|-end|p2a: Kingambit|fallen4|[silent]\n|switch|p2a: Ninetales|Ninetales-Alola, M|8/100\n|move|p1a: Dragonite|Earthquake|p2a: Ninetales\n|-damage|p2a: Ninetales|0 fnt\n|faint|p2a: Ninetales\n|\n|-weather|none\n|upkeep\n|\n|t:|1695182814\n|switch|p2a: Kingambit|Kingambit, F|19/100\n|-activate|p2a: Kingambit|ability: Supreme Overlord\n|-start|p2a: Kingambit|fallen5|[silent]\n|turn|22\n|\n|t:|1695182819\n|move|p2a: Kingambit|Sucker Punch||[still]\n|-fail|p2a: Kingambit\n|move|p1a: Dragonite|Dragon Dance|p1a: Dragonite\n|-boost|p1a: Dragonite|atk|1\n|-boost|p1a: Dragonite|spe|1\n|\n|-heal|p2a: Kingambit|25/100|[from] item: Leftovers\n|upkeep\n|turn|23\n|j| EclipseWave\n|\n|t:|1695182822\n|move|p2a: Kingambit|Sucker Punch||[still]\n|-fail|p2a: Kingambit\n|move|p1a: Dragonite|Encore|p2a: Kingambit\n|-start|p2a: Kingambit|Encore\n|\n|-heal|p2a: Kingambit|31/100|[from] item: Leftovers\n|upkeep\n|turn|24\n|\n|t:|1695182824\n|move|p2a: Kingambit|Sucker Punch||[still]\n|-fail|p2a: Kingambit\n|move|p1a: Dragonite|Dragon Dance|p1a: Dragonite\n|-boost|p1a: Dragonite|atk|1\n|-boost|p1a: Dragonite|spe|1\n|\n|-heal|p2a: Kingambit|37/100|[from] item: Leftovers\n|upkeep\n|turn|25\n|c|\u2606Skirmishist|gg\n|-message|Skirmishist forfeited.\n|\n|win|chordoverstreet\n|raw|chordoverstreet's rating: 1555 &rarr; <strong>1571</strong><br />(+16 for winning)\n|raw|Skirmishist's rating: 1476 &rarr; <strong>1460</strong><br />(-16 for losing)\n|l|\u2606Skirmishist\n|c|\u2606chordoverstreet|gg\n|l| EclipseWave\n", "uploadtime": 1695182864, "views": 5, "p1id": "chordoverstreet", "p2id": "skirmishist", "formatid": "gen9ou", "rating": 1460, "private": 0, "password": ""}