{"id": "gen9ou-1947514846", "p1": "StallKing420", "p2": "nyancatninja", "format": "gen9ou", "log": "|j|\u2606StallKing420\n|j|\u2606nyancatninja\n|t:|1695168172\n|gametype|singles\n|player|p1|StallKing420|swimmerf-gen4dp|1389\n|player|p2|nyancatninja|oak|1486\n|teamsize|p1|6\n|teamsize|p2|6\n|gen|9\n|tier|[Gen 9] OU\n|rated|\n|rule|Sleep Clause Mod: Limit one foe put to sleep\n|rule|Species Clause: Limit one of each Pok\u00e9mon\n|rule|OHKO Clause: OHKO moves are banned\n|rule|Evasion Items Clause: Evasion items are banned\n|rule|Evasion Moves Clause: Evasion moves are banned\n|rule|Endless Battle Clause: Forcing endless battles is banned\n|rule|HP Percentage Mod: HP is shown in percentages\n|clearpoke\n|poke|p1|Toxapex, M|\n|poke|p1|Gliscor, M|\n|poke|p1|Clefable, M|\n|poke|p1|Dondozo, F|\n|poke|p1|Tornadus-Therian, M|\n|poke|p1|Blissey, F|\n|poke|p2|Iron Moth|\n|poke|p2|Ursaluna-Bloodmoon, M|\n|poke|p2|Great Tusk|\n|poke|p2|Kingambit, M|\n|poke|p2|Dragonite, F|\n|poke|p2|Iron Valiant|\n|teampreview\n|inactive|Battle timer is ON: inactive players will automatically lose when time's up. (requested by StallKing420)\n|c|\u2606nyancatninja|wtf am i looking at\n|c|\u2606StallKing420|my favorites :)\n|c|\u2606nyancatninja|this is just sad bro\n|\n|t:|1695168202\n|start\n|switch|p1a: Gliscor|Gliscor, M|100/100\n|switch|p2a: Kingambit|Kingambit, M|100/100\n|-item|p2a: Kingambit|Air Balloon\n|turn|1\n|\n|t:|1695168208\n|move|p1a: Gliscor|Spikes|p2a: Kingambit\n|-sidestart|p2: nyancatninja|Spikes\n|move|p2a: Kingambit|Swords Dance|p2a: Kingambit\n|-boost|p2a: Kingambit|atk|2\n|\n|-status|p1a: Gliscor|tox|[from] item: Toxic Orb\n|upkeep\n|turn|2\n|\n|t:|1695168214\n|switch|p1a: Dondozo|Dondozo, F|100/100\n|move|p2a: Kingambit|Kowtow Cleave|p1a: Dondozo\n|-damage|p1a: Dondozo|78/100\n|\n|upkeep\n|turn|3\n|\n|t:|1695168228\n|-end|p2a: Kingambit|fallenundefined|[silent]\n|switch|p2a: Dragonite|Dragonite, F|100/100\n|move|p1a: Dondozo|Body Press|p2a: Dragonite\n|-resisted|p2a: Dragonite\n|-damage|p2a: Dragonite|93/100\n|\n|upkeep\n|turn|4\n|\n|t:|1695168235\n|switch|p1a: Gliscor|Gliscor, M|100/100 tox\n|move|p2a: Dragonite|Encore||[still]\n|-fail|p2a: Dragonite\n|\n|upkeep\n|turn|5\n|\n|t:|1695168241\n|switch|p2a: Great Tusk|Great Tusk|100/100\n|move|p1a: Gliscor|Toxic|p2a: Great Tusk\n|-status|p2a: Great Tusk|tox\n|\n|-damage|p2a: Great Tusk|94/100 tox|[from] psn\n|upkeep\n|turn|6\n|\n|t:|1695168246\n|move|p1a: Gliscor|Protect|p1a: Gliscor\n|-singleturn|p1a: Gliscor|Protect\n|move|p2a: Great Tusk|Stealth Rock|p1a: Gliscor\n|-sidestart|p1: StallKing420|move: Stealth Rock\n|\n|-damage|p2a: Great Tusk|82/100 tox|[from] psn\n|upkeep\n|turn|7\n|\n|t:|1695168253\n|move|p2a: Great Tusk|Rapid Spin|p1a: Gliscor\n|-damage|p1a: Gliscor|92/100 tox\n|-boost|p2a: Great Tusk|spe|1\n|-sideend|p2: nyancatninja|Spikes|[from] move: Rapid Spin|[of] p2a: Great Tusk\n|move|p1a: Gliscor|Spikes|p2a: Great Tusk\n|-sidestart|p2: nyancatninja|Spikes\n|\n|-damage|p2a: Great Tusk|63/100 tox|[from] psn\n|-heal|p1a: Gliscor|100/100 tox|[from] ability: Poison Heal\n|upkeep\n|turn|8\n|\n|t:|1695168257\n|-end|p2a: Great Tusk|Protosynthesis|[silent]\n|switch|p2a: Ursaluna|Ursaluna-Bloodmoon, M|100/100\n|-damage|p2a: Ursaluna|88/100|[from] Spikes\n|move|p1a: Gliscor|Spikes|p2a: Ursaluna\n|-sidestart|p2: nyancatninja|Spikes\n|\n|-heal|p2a: Ursaluna|94/100|[from] item: Leftovers\n|upkeep\n|turn|9\n|c|\u2606nyancatninja|why do u play this shit\n|c|\u2606nyancatninja|just wondering\n|c|\u2606StallKing420|your tears sustain me\n|\n|t:|1695168271\n|switch|p1a: Blissey|Blissey, F|100/100\n|move|p2a: Ursaluna|Calm Mind|p2a: Ursaluna\n|-boost|p2a: Ursaluna|spa|1\n|-boost|p2a: Ursaluna|spd|1\n|\n|-heal|p2a: Ursaluna|100/100|[from] item: Leftovers\n|upkeep\n|turn|10\n|\n|t:|1695168275\n|-terastallize|p2a: Ursaluna|Fighting\n|move|p2a: Ursaluna|Vacuum Wave|p1a: Blissey\n|-supereffective|p1a: Blissey\n|-damage|p1a: Blissey|82/100\n|move|p1a: Blissey|Calm Mind|p1a: Blissey\n|-boost|p1a: Blissey|spa|1\n|-boost|p1a: Blissey|spd|1\n|\n|upkeep\n|turn|11\n|c|\u2606nyancatninja|lol\n|c|\u2606nyancatninja|this is just sad\n|c|\u2606StallKing420|imagining your face when you just saw your +1 vaccuum terra do 15%\n|c|\u2606StallKing420|makes me a lil bit hard\n|inactive|nyancatninja has 120 seconds left.\n|c|\u2606nyancatninja|ur a weirdo and loser\n|c|\u2606nyancatninja|but i guess this is the only happiness in your life so ill let u have it\n|c|\u2606StallKing420|you have to be pretty bad at the game to lose to stall\n|c|\u2606StallKing420|tbh\n|\n|t:|1695168324\n|switch|p2a: Dragonite|Dragonite, F|93/100\n|move|p1a: Blissey|Seismic Toss|p2a: Dragonite\n|-damage|p2a: Dragonite|65/100\n|\n|upkeep\n|turn|12\n|c|\u2606StallKing420|it's the noob filter\n|c|\u2606nyancatninja|oh yeah\n|c|\u2606nyancatninja|ok\n|\n|t:|1695168351\n|switch|p2a: Great Tusk|Great Tusk|63/100 tox\n|switch|p1a: Gliscor|Gliscor, M|100/100 tox\n|-damage|p1a: Gliscor|88/100 tox|[from] Stealth Rock\n|\n|-damage|p2a: Great Tusk|57/100 tox|[from] psn\n|-heal|p1a: Gliscor|100/100 tox|[from] ability: Poison Heal\n|upkeep\n|turn|13\n|\n|t:|1695168355\n|move|p1a: Gliscor|Protect|p1a: Gliscor\n|-singleturn|p1a: Gliscor|Protect\n|move|p2a: Great Tusk|Rapid Spin|p1a: Gliscor\n|-activate|p1a: Gliscor|move: Protect\n|\n|-damage|p2a: Great Tusk|45/100 tox|[from] psn\n|upkeep\n|turn|14\n|\n|t:|1695168358\n|move|p2a: Great Tusk|Rapid Spin|p1a: Gliscor\n|-crit|p1a: Gliscor\n|-damage|p1a: Gliscor|87/100 tox\n|-boost|p2a: Great Tusk|spe|1\n|-sideend|p2: nyancatninja|Spikes|[from] move: Rapid Spin|[of] p2a: Great Tusk\n|move|p1a: Gliscor|Spikes|p2a: Great Tusk\n|-sidestart|p2: nyancatninja|Spikes\n|\n|-damage|p2a: Great Tusk|26/100 tox|[from] psn\n|-heal|p1a: Gliscor|99/100 tox|[from] ability: Poison Heal\n|upkeep\n|turn|15\n|\n|t:|1695168360\n|move|p2a: Great Tusk|Rapid Spin|p1a: Gliscor\n|-damage|p1a: Gliscor|90/100 tox\n|-boost|p2a: Great Tusk|spe|1\n|-sideend|p2: nyancatninja|Spikes|[from] move: Rapid Spin|[of] p2a: Great Tusk\n|move|p1a: Gliscor|Spikes|p2a: Great Tusk\n|-sidestart|p2: nyancatninja|Spikes\n|\n|-damage|p2a: Great Tusk|1/100 tox|[from] psn\n|-heal|p1a: Gliscor|100/100 tox|[from] ability: Poison Heal\n|upkeep\n|turn|16\n|\n|t:|1695168362\n|move|p1a: Gliscor|Protect|p1a: Gliscor\n|-singleturn|p1a: Gliscor|Protect\n|move|p2a: Great Tusk|Rapid Spin|p1a: Gliscor\n|-activate|p1a: Gliscor|move: Protect\n|\n|-damage|p2a: Great Tusk|0 fnt|[from] psn\n|faint|p2a: Great Tusk\n|-end|p2a: Great Tusk|Protosynthesis|[silent]\n|upkeep\n|\n|t:|1695168365\n|switch|p2a: Ursaluna|Ursaluna-Bloodmoon, M, tera:Fighting|100/100\n|-damage|p2a: Ursaluna|88/100|[from] Spikes\n|turn|17\n|\n|t:|1695168370\n|switch|p1a: Blissey|Blissey, F|82/100\n|switch|p2a: Kingambit|Kingambit, M|100/100\n|-activate|p2a: Kingambit|ability: Supreme Overlord\n|-start|p2a: Kingambit|fallen1|[silent]\n|-item|p2a: Kingambit|Air Balloon\n|\n|upkeep\n|turn|18\n|\n|t:|1695168380\n|move|p2a: Kingambit|Kowtow Cleave|p1a: Blissey\n|-damage|p1a: Blissey|0 fnt\n|faint|p1a: Blissey\n|\n|upkeep\n|\n|t:|1695168384\n|switch|p1a: Dondozo|Dondozo, F|78/100\n|turn|19\n|c|\u2606nyancatninja|oops\n|\n|t:|1695168389\n|-end|p2a: Kingambit|fallen1|[silent]\n|switch|p2a: Dragonite|Dragonite, F|65/100\n|move|p1a: Dondozo|Body Press|p2a: Dragonite\n|-resisted|p2a: Dragonite\n|-damage|p2a: Dragonite|51/100\n|\n|upkeep\n|turn|20\n|\n|t:|1695168394\n|move|p2a: Dragonite|Dragon Dance|p2a: Dragonite\n|-boost|p2a: Dragonite|atk|1\n|-boost|p2a: Dragonite|spe|1\n|move|p1a: Dondozo|Body Press|p2a: Dragonite\n|-resisted|p2a: Dragonite\n|-damage|p2a: Dragonite|37/100\n|\n|upkeep\n|turn|21\n|\n|t:|1695168402\n|switch|p2a: Iron Moth|Iron Moth|100/100\n|-enditem|p2a: Iron Moth|Booster Energy\n|-activate|p2a: Iron Moth|ability: Quark Drive|[fromitem]\n|-start|p2a: Iron Moth|quarkdrivespe\n|-damage|p2a: Iron Moth|88/100|[from] Spikes\n|move|p1a: Dondozo|Body Press|p2a: Iron Moth\n|-resisted|p2a: Iron Moth\n|-damage|p2a: Iron Moth|67/100\n|\n|upkeep\n|turn|22\n|\n|t:|1695168410\n|switch|p1a: Toxapex|Toxapex, M|100/100\n|move|p2a: Iron Moth|Sludge Wave|p1a: Toxapex\n|-resisted|p1a: Toxapex\n|-damage|p1a: Toxapex|85/100\n|\n|upkeep\n|turn|23\n|\n|t:|1695168413\n|-end|p2a: Iron Moth|Quark Drive|[silent]\n|switch|p2a: Ursaluna|Ursaluna-Bloodmoon, M, tera:Fighting|88/100\n|-damage|p2a: Ursaluna|76/100|[from] Spikes\n|move|p1a: Toxapex|Infestation|p2a: Ursaluna\n|-resisted|p2a: Ursaluna\n|-damage|p2a: Ursaluna|74/100\n|-activate|p2a: Ursaluna|move: Infestation|[of] p1a: Toxapex\n|\n|-heal|p2a: Ursaluna|80/100|[from] item: Leftovers\n|-damage|p2a: Ursaluna|68/100|[from] move: Infestation|[partiallytrapped]\n|upkeep\n|turn|24\n|\n|t:|1695168421\n|switch|p1a: Tornadus|Tornadus-Therian, M|100/100\n|move|p2a: Ursaluna|Calm Mind|p2a: Ursaluna\n|-boost|p2a: Ursaluna|spa|1\n|-boost|p2a: Ursaluna|spd|1\n|\n|-heal|p2a: Ursaluna|74/100|[from] item: Leftovers\n|-end|p2a: Ursaluna|Infestation|[partiallytrapped]|[silent]\n|upkeep\n|turn|25\n|\n|t:|1695168424\n|move|p1a: Tornadus|Bleakwind Storm|p2a: Ursaluna\n|-supereffective|p2a: Ursaluna\n|-crit|p2a: Ursaluna\n|-damage|p2a: Ursaluna|0 fnt\n|faint|p2a: Ursaluna\n|\n|upkeep\n|\n|t:|1695168428\n|switch|p2a: Iron Valiant|Iron Valiant|100/100\n|-damage|p2a: Iron Valiant|88/100|[from] Spikes\n|-enditem|p2a: Iron Valiant|Booster Energy\n|-activate|p2a: Iron Valiant|ability: Quark Drive|[fromitem]\n|-start|p2a: Iron Valiant|quarkdrivespe\n|turn|26\n|\n|t:|1695168434\n|move|p2a: Iron Valiant|Thunderbolt|p1a: Tornadus\n|-supereffective|p1a: Tornadus\n|-damage|p1a: Tornadus|37/100\n|move|p1a: Tornadus|Bleakwind Storm|p2a: Iron Valiant|[miss]\n|-miss|p1a: Tornadus|p2a: Iron Valiant\n|\n|upkeep\n|turn|27\n|\n|t:|1695168442\n|switch|p1a: Clefable|Clefable, M|100/100\n|move|p2a: Iron Valiant|Thunderbolt|p1a: Clefable\n|-damage|p1a: Clefable|75/100\n|\n|-heal|p1a: Clefable|81/100|[from] item: Leftovers\n|upkeep\n|turn|28\n|\n|t:|1695168446\n|-end|p2a: Iron Valiant|Quark Drive|[silent]\n|switch|p2a: Iron Moth|Iron Moth|67/100\n|-damage|p2a: Iron Moth|54/100|[from] Spikes\n|move|p1a: Clefable|Protect||[still]\n|-fail|p1a: Clefable\n|\n|-heal|p1a: Clefable|87/100|[from] item: Leftovers\n|upkeep\n|turn|29\n|\n|t:|1695168450\n|-end|p2a: Iron Moth|Quark Drive|[silent]\n|switch|p2a: Iron Valiant|Iron Valiant|88/100\n|-damage|p2a: Iron Valiant|76/100|[from] Spikes\n|switch|p1a: Toxapex|Toxapex, M|100/100\n|\n|upkeep\n|turn|30\n|\n|t:|1695168455\n|move|p2a: Iron Valiant|Thunderbolt|p1a: Toxapex\n|-supereffective|p1a: Toxapex\n|-damage|p1a: Toxapex|65/100\n|move|p1a: Toxapex|Toxic|p2a: Iron Valiant\n|-status|p2a: Iron Valiant|tox\n|\n|-damage|p2a: Iron Valiant|69/100 tox|[from] psn\n|upkeep\n|turn|31\n|\n|t:|1695168459\n|move|p2a: Iron Valiant|Encore|p1a: Toxapex\n|-start|p1a: Toxapex|Encore\n|move|p1a: Toxapex|Toxic|p2a: Iron Valiant\n|-fail|p2a: Iron Valiant|tox\n|\n|-damage|p2a: Iron Valiant|57/100 tox|[from] psn\n|upkeep\n|turn|32\n|\n|t:|1695168470\n|switch|p1a: Clefable|Clefable, M|87/100\n|move|p2a: Iron Valiant|Thunderbolt|p1a: Clefable\n|-damage|p1a: Clefable|61/100\n|\n|-heal|p1a: Clefable|67/100|[from] item: Leftovers\n|-damage|p2a: Iron Valiant|38/100 tox|[from] psn\n|upkeep\n|turn|33\n|\n|t:|1695168472\n|move|p2a: Iron Valiant|Calm Mind|p2a: Iron Valiant\n|-boost|p2a: Iron Valiant|spa|1\n|-boost|p2a: Iron Valiant|spd|1\n|move|p1a: Clefable|Wish|p1a: Clefable\n|\n|-heal|p1a: Clefable|73/100|[from] item: Leftovers\n|-damage|p2a: Iron Valiant|13/100 tox|[from] psn\n|upkeep\n|turn|34\n|\n|t:|1695168475\n|move|p1a: Clefable|Protect|p1a: Clefable\n|-singleturn|p1a: Clefable|Protect\n|move|p2a: Iron Valiant|Moonblast|p1a: Clefable\n|-activate|p1a: Clefable|move: Protect\n|\n|-heal|p1a: Clefable|100/100|[from] move: Wish|[wisher] Clefable\n|-damage|p2a: Iron Valiant|0 fnt|[from] psn\n|faint|p2a: Iron Valiant\n|-end|p2a: Iron Valiant|Quark Drive|[silent]\n|upkeep\n|\n|t:|1695168476\n|switch|p2a: Kingambit|Kingambit, M|100/100\n|-activate|p2a: Kingambit|ability: Supreme Overlord\n|-start|p2a: Kingambit|fallen3|[silent]\n|-item|p2a: Kingambit|Air Balloon\n|turn|35\n|\n|t:|1695168481\n|-end|p2a: Kingambit|fallen3|[silent]\n|switch|p2a: Iron Moth|Iron Moth|54/100\n|-damage|p2a: Iron Moth|42/100|[from] Spikes\n|switch|p1a: Dondozo|Dondozo, F|78/100\n|\n|upkeep\n|turn|36\n|\n|t:|1695168484\n|switch|p1a: Toxapex|Toxapex, M|98/100\n|move|p2a: Iron Moth|Toxic Spikes|p1a: Toxapex\n|-sidestart|p1: StallKing420|move: Toxic Spikes\n|\n|upkeep\n|turn|37\n|\n|t:|1695168488\n|move|p2a: Iron Moth|Toxic Spikes|p1a: Toxapex\n|-sidestart|p1: StallKing420|move: Toxic Spikes\n|move|p1a: Toxapex|Infestation|p2a: Iron Moth\n|-resisted|p2a: Iron Moth\n|-damage|p2a: Iron Moth|41/100\n|-activate|p2a: Iron Moth|move: Infestation|[of] p1a: Toxapex\n|\n|-damage|p2a: Iron Moth|29/100|[from] move: Infestation|[partiallytrapped]\n|upkeep\n|turn|38\n|\n|t:|1695168491\n|move|p2a: Iron Moth|Fiery Dance|p1a: Toxapex\n|-resisted|p1a: Toxapex\n|-damage|p1a: Toxapex|85/100\n|-boost|p2a: Iron Moth|spa|1\n|move|p1a: Toxapex|Toxic|p2a: Iron Moth\n|-immune|p2a: Iron Moth\n|\n|-damage|p2a: Iron Moth|17/100|[from] move: Infestation|[partiallytrapped]\n|upkeep\n|turn|39\n|\n|t:|1695168496\n|move|p2a: Iron Moth|Sludge Wave|p1a: Toxapex\n|-resisted|p1a: Toxapex\n|-damage|p1a: Toxapex|61/100\n|move|p1a: Toxapex|Haze|p1a: Toxapex\n|-clearallboost\n|\n|-damage|p2a: Iron Moth|4/100|[from] move: Infestation|[partiallytrapped]\n|upkeep\n|turn|40\n|\n|t:|1695168498\n|move|p2a: Iron Moth|Sludge Wave|p1a: Toxapex\n|-resisted|p1a: Toxapex\n|-damage|p1a: Toxapex|46/100\n|move|p1a: Toxapex|Recover|p1a: Toxapex\n|-heal|p1a: Toxapex|96/100\n|\n|-damage|p2a: Iron Moth|0 fnt|[from] move: Infestation|[partiallytrapped]\n|faint|p2a: Iron Moth\n|-end|p2a: Iron Moth|Quark Drive|[silent]\n|upkeep\n|\n|t:|1695168501\n|switch|p2a: Kingambit|Kingambit, M|100/100\n|-activate|p2a: Kingambit|ability: Supreme Overlord\n|-start|p2a: Kingambit|fallen4|[silent]\n|-item|p2a: Kingambit|Air Balloon\n|turn|41\n|\n|t:|1695168507\n|move|p2a: Kingambit|Swords Dance|p2a: Kingambit\n|-boost|p2a: Kingambit|atk|2\n|move|p1a: Toxapex|Infestation|p2a: Kingambit\n|-damage|p2a: Kingambit|97/100\n|-activate|p2a: Kingambit|move: Infestation|[of] p1a: Toxapex\n|-enditem|p2a: Kingambit|Air Balloon\n|\n|-damage|p2a: Kingambit|85/100|[from] move: Infestation|[partiallytrapped]\n|upkeep\n|turn|42\n|\n|t:|1695168510\n|switch|p1a: Dondozo|Dondozo, F|78/100\n|move|p2a: Kingambit|Kowtow Cleave|p1a: Dondozo\n|-crit|p1a: Dondozo\n|-damage|p1a: Dondozo|34/100\n|\n|-end|p2a: Kingambit|Infestation|[partiallytrapped]|[silent]\n|upkeep\n|turn|43\n|\n|t:|1695168514\n|move|p2a: Kingambit|Kowtow Cleave|p1a: Dondozo\n|-damage|p1a: Dondozo|1/100\n|move|p1a: Dondozo|Body Press|p2a: Kingambit\n|-supereffective|p2a: Kingambit\n|-damage|p2a: Kingambit|0 fnt\n|faint|p2a: Kingambit\n|-end|p2a: Kingambit|fallen4|[silent]\n|\n|upkeep\n|\n|t:|1695168518\n|switch|p2a: Dragonite|Dragonite, F|37/100\n|turn|44\n|\n|t:|1695168524\n|move|p2a: Dragonite|Extreme Speed|p1a: Dondozo\n|-damage|p1a: Dondozo|0 fnt\n|faint|p1a: Dondozo\n|\n|upkeep\n|c|\u2606StallKing420|this was so free\n|c|\u2606StallKing420|did you even try?\n|\n|t:|1695168532\n|switch|p1a: Gliscor|Gliscor, M|100/100 tox\n|-damage|p1a: Gliscor|88/100 tox|[from] Stealth Rock\n|turn|45\n|c|\u2606nyancatninja|AHAHAHAHA\n|c|\u2606nyancatninja|u reported me\n|c|\u2606nyancatninja|LMAOOOOOOO\n|c|\u2606nyancatninja|ur sad bro\n|\n|t:|1695168551\n|move|p2a: Dragonite|Dragon Dance|p2a: Dragonite\n|-boost|p2a: Dragonite|atk|1\n|-boost|p2a: Dragonite|spe|1\n|move|p1a: Gliscor|Toxic|p2a: Dragonite\n|-status|p2a: Dragonite|tox\n|\n|-damage|p2a: Dragonite|31/100 tox|[from] psn\n|-heal|p1a: Gliscor|100/100 tox|[from] ability: Poison Heal\n|upkeep\n|turn|46\n|c|\u2606StallKing420|how can you be a pokemon player\n|c|\u2606nyancatninja|lmaoooooo\n|c|\u2606StallKing420|and fail against a team concept from  gens ago\n|c|\u2606nyancatninja|just gonna ignore that?\n|c|\u2606nyancatninja|got ur feelings hurt fella?\n|c|\u2606StallKing420|like come on\n|c|\u2606nyancatninja|keep playing stall\n|c|\u2606StallKing420|2 best stallbreakers in the meta\n|inactive|StallKing420 has 120 seconds left.\n|c|\u2606nyancatninja|ull never be good\n|c|\u2606StallKing420|luna and gambit\n|c|\u2606StallKing420|still lost!\n|c|\u2606nyancatninja|keep playing this shit bro\n|c|\u2606StallKing420|I am\n|inactive|StallKing420 has 90 seconds left.\n|c|\u2606StallKing420|gonna get to 2k\n|\n|t:|1695168616\n|move|p1a: Gliscor|Protect|p1a: Gliscor\n|-singleturn|p1a: Gliscor|Protect\n|move|p2a: Dragonite|Dragon Dance|p2a: Dragonite\n|-boost|p2a: Dragonite|atk|1\n|-boost|p2a: Dragonite|spe|1\n|\n|-damage|p2a: Dragonite|19/100 tox|[from] psn\n|upkeep\n|turn|47\n|inactive|StallKing420 has 90 seconds left.\n|\n|t:|1695168627\n|-terastallize|p1a: Gliscor|Steel\n|move|p1a: Gliscor|Protect||[still]\n|-fail|p1a: Gliscor\n|move|p2a: Dragonite|Extreme Speed|p1a: Gliscor\n|-resisted|p1a: Gliscor\n|-damage|p1a: Gliscor|81/100 tox\n|\n|-damage|p2a: Dragonite|1/100 tox|[from] psn\n|-heal|p1a: Gliscor|93/100 tox|[from] ability: Poison Heal\n|upkeep\n|turn|48\n|\n|t:|1695168631\n|move|p1a: Gliscor|Protect|p1a: Gliscor\n|-singleturn|p1a: Gliscor|Protect\n|move|p2a: Dragonite|Earthquake|p1a: Gliscor\n|-activate|p1a: Gliscor|move: Protect\n|\n|-damage|p2a: Dragonite|0 fnt|[from] psn\n|faint|p2a: Dragonite\n|\n|win|StallKing420\n|upkeep\n|raw|StallKing420's rating: 1389 &rarr; <strong>1414</strong><br />(+25 for winning)\n|raw|nyancatninja's rating: 1486 &rarr; <strong>1461</strong><br />(-25 for losing)\n", "uploadtime": 1695168348, "views": 1, "p1id": "stallking420", "p2id": "nyancatninja", "formatid": "gen9ou", "rating": 1414, "private": 0, "password": ""}