{"id": "gen9ou-1947685588", "p1": "tswjrsryjkxrfy", "p2": "PicklesAttack", "format": "gen9ou", "log": "|j|\u2606tswjrsryjkxrfy\n|j|\u2606PicklesAttack\n|t:|1695186870\n|gametype|singles\n|player|p1|tswjrsryjkxrfy|266|1033\n|player|p2|PicklesAttack|pokemaniac|1000\n|teamsize|p1|6\n|teamsize|p2|6\n|gen|9\n|tier|[Gen 9] OU\n|rated|\n|rule|Sleep Clause Mod: Limit one foe put to sleep\n|rule|Species Clause: Limit one of each Pok\u00e9mon\n|rule|OHKO Clause: OHKO moves are banned\n|rule|Evasion Items Clause: Evasion items are banned\n|rule|Evasion Moves Clause: Evasion moves are banned\n|rule|Endless Battle Clause: Forcing endless battles is banned\n|rule|HP Percentage Mod: HP is shown in percentages\n|clearpoke\n|poke|p1|Dipplin, M|\n|poke|p1|Appletun, M|\n|poke|p1|Flapple, M|\n|poke|p1|Noivern, M|\n|poke|p1|Dragalge, F|\n|poke|p1|Regidrago|\n|poke|p2|Garchomp, M|\n|poke|p2|Crawdaunt, M|\n|poke|p2|Great Tusk|\n|poke|p2|Torterra, F|\n|poke|p2|Armarouge, M|\n|poke|p2|Roaring Moon|\n|teampreview\n|\n|t:|1695186876\n|start\n|switch|p1a: Dragalge|Dragalge, F|100/100\n|switch|p2a: shark|Garchomp, M|100/100\n|turn|1\n|\n|t:|1695186885\n|move|p2a: shark|Stealth Rock|p1a: Dragalge\n|-sidestart|p1: tswjrsryjkxrfy|move: Stealth Rock\n|move|p1a: Dragalge|Dragon Pulse|p2a: shark\n|-supereffective|p2a: shark\n|-damage|p2a: shark|3/100\n|\n|-heal|p2a: shark|9/100|[from] item: Leftovers\n|upkeep\n|turn|2\n|\n|t:|1695186890\n|move|p2a: shark|Stealth Rock||[still]\n|-fail|p2a: shark\n|move|p1a: Dragalge|Dragon Pulse|p2a: shark\n|-supereffective|p2a: shark\n|-damage|p2a: shark|0 fnt\n|faint|p2a: shark\n|\n|upkeep\n|c|\u2606PicklesAttack|FUCKJ\n|c|\u2606PicklesAttack|misclicked bruh\n|\n|t:|1695186906\n|switch|p2a: cute axolotl :3|Roaring Moon|100/100\n|-enditem|p2a: cute axolotl :3|Booster Energy\n|-activate|p2a: cute axolotl :3|ability: Protosynthesis|[fromitem]\n|-start|p2a: cute axolotl :3|protosynthesisspe\n|turn|3\n|\n|t:|1695186915\n|-terastallize|p2a: cute axolotl :3|Dragon\n|move|p2a: cute axolotl :3|Dragon Claw|p1a: Dragalge\n|-supereffective|p1a: Dragalge\n|-damage|p1a: Dragalge|0 fnt\n|faint|p1a: Dragalge\n|\n|upkeep\n|\n|t:|1695186926\n|switch|p1a: Dipplin|Dipplin, M|100/100\n|-damage|p1a: Dipplin|88/100|[from] Stealth Rock\n|-ability|p1a: Dipplin|Supersweet Syrup\n|-ability|p1a: Dipplin|Supersweet Syrup|boost\n|-unboost|p2a: cute axolotl :3|evasion|1\n|turn|4\n|\n|t:|1695186931\n|move|p2a: cute axolotl :3|Dragon Claw|p1a: Dipplin\n|-supereffective|p1a: Dipplin\n|-damage|p1a: Dipplin|12/100\n|move|p1a: Dipplin|Syrup Bomb|p2a: cute axolotl :3\n|-resisted|p2a: cute axolotl :3\n|-damage|p2a: cute axolotl :3|87/100\n|-start|p2a: cute axolotl :3|Syrup Bomb\n|\n|-unboost|p2a: cute axolotl :3|spe|1\n|upkeep\n|turn|5\n|\n|t:|1695186943\n|move|p2a: cute axolotl :3|Dragon Claw|p1a: Dipplin\n|-supereffective|p1a: Dipplin\n|-damage|p1a: Dipplin|0 fnt\n|faint|p1a: Dipplin\n|\n|-unboost|p2a: cute axolotl :3|spe|1\n|upkeep\n|\n|t:|1695186955\n|switch|p1a: Flapple|Flapple, M|100/100\n|-damage|p1a: Flapple|88/100|[from] Stealth Rock\n|turn|6\n|\n|t:|1695186960\n|move|p2a: cute axolotl :3|Dragon Claw|p1a: Flapple\n|-supereffective|p1a: Flapple\n|-crit|p1a: Flapple\n|-damage|p1a: Flapple|0 fnt\n|faint|p1a: Flapple\n|\n|-end|p2a: cute axolotl :3|Syrup Bomb\n|upkeep\n|\n|t:|1695186969\n|switch|p1a: Regidrago|Regidrago|100/100\n|-damage|p1a: Regidrago|88/100|[from] Stealth Rock\n|turn|7\n|\n|t:|1695186982\n|-end|p2a: cute axolotl :3|Protosynthesis|[silent]\n|switch|p2a: elephant|Great Tusk|100/100\n|-terastallize|p1a: Regidrago|Dragon\n|move|p1a: Regidrago|Dragon Energy|p2a: elephant\n|-damage|p2a: elephant|0 fnt\n|faint|p2a: elephant\n|-end|p2a: elephant|Protosynthesis|[silent]\n|\n|upkeep\n|\n|t:|1695186986\n|switch|p2a: cute axolotl :3|Roaring Moon, tera:Dragon|87/100\n|turn|8\n|\n|t:|1695186988\n|move|p1a: Regidrago|Dragon Energy|p2a: cute axolotl :3\n|-supereffective|p2a: cute axolotl :3\n|-damage|p2a: cute axolotl :3|0 fnt\n|faint|p2a: cute axolotl :3\n|-end|p2a: cute axolotl :3|Protosynthesis|[silent]\n|\n|upkeep\n|\n|t:|1695186992\n|switch|p2a: rock|Torterra, F|100/100\n|turn|9\n|\n|t:|1695187010\n|move|p1a: Regidrago|Dragon Energy|p2a: rock\n|-enditem|p2a: rock|Focus Sash\n|-damage|p2a: rock|1/100\n|move|p2a: rock|Shell Smash|p2a: rock\n|-unboost|p2a: rock|def|1\n|-unboost|p2a: rock|spd|1\n|-boost|p2a: rock|atk|2\n|-boost|p2a: rock|spa|2\n|-boost|p2a: rock|spe|2\n|\n|upkeep\n|turn|10\n|\n|t:|1695187017\n|move|p2a: rock|Earthquake|p1a: Regidrago\n|-damage|p1a: Regidrago|0 fnt\n|faint|p1a: Regidrago\n|\n|upkeep\n|\n|t:|1695187025\n|switch|p1a: Noivern|Noivern, M|100/100\n|-damage|p1a: Noivern|76/100|[from] Stealth Rock\n|turn|11\n|\n|t:|1695187030\n|move|p2a: rock|Crunch|p1a: Noivern\n|-damage|p1a: Noivern|1/100\n|move|p1a: Noivern|Boomburst|p2a: rock\n|-damage|p2a: rock|0 fnt\n|faint|p2a: rock\n|\n|upkeep\n|\n|t:|1695187035\n|switch|p2a: favorite mon|Crawdaunt, M|100/100\n|turn|12\n|\n|t:|1695187038\n|move|p2a: favorite mon|Aqua Jet|p1a: Noivern\n|-resisted|p1a: Noivern\n|-damage|p1a: Noivern|0 fnt\n|faint|p1a: Noivern\n|\n|upkeep\n|\n|t:|1695187041\n|switch|p1a: Appletun|Appletun, M|100/100\n|-damage|p1a: Appletun|88/100|[from] Stealth Rock\n|turn|13\n|\n|t:|1695187045\n|move|p2a: favorite mon|Knock Off|p1a: Appletun\n|-damage|p1a: Appletun|19/100\n|-enditem|p1a: Appletun|Leftovers|[from] move: Knock Off|[of] p2a: favorite mon\n|move|p1a: Appletun|Leech Seed|p2a: favorite mon\n|-start|p2a: favorite mon|move: Leech Seed\n|\n|-damage|p2a: favorite mon|88/100|[from] Leech Seed|[of] p1a: Appletun\n|-heal|p1a: Appletun|29/100|[silent]\n|upkeep\n|turn|14\n|\n|t:|1695187048\n|move|p2a: favorite mon|Knock Off|p1a: Appletun\n|-damage|p1a: Appletun|0 fnt\n|faint|p1a: Appletun\n|\n|win|PicklesAttack\n|raw|tswjrsryjkxrfy's rating: 1033 &rarr; <strong>1017</strong><br />(-16 for losing)\n|raw|PicklesAttack's rating: 1000 &rarr; <strong>1044</strong><br />(+44 for winning)\n|c|\u2606PicklesAttack|ggs\n|l|\u2606tswjrsryjkxrfy\n", "uploadtime": 1695187054, "views": 5, "p1id": "tswjrsryjkxrfy", "p2id": "picklesattack", "formatid": "gen9ou", "rating": 1017, "private": 0, "password": ""}