{"id": "gen9ou-1947681284", "p1": "VilgaxCashMoney", "p2": "frickNJIT", "format": "gen9ou", "log": "|j|\u2606VilgaxCashMoney\n|j|\u2606frickNJIT\n|t:|1695186241\n|gametype|singles\n|player|p1|VilgaxCashMoney|skyla|1356\n|player|p2|frickNJIT|acetrainer-gen4dp|1309\n|teamsize|p1|6\n|teamsize|p2|6\n|gen|9\n|tier|[Gen 9] OU\n|rated|\n|rule|Sleep Clause Mod: Limit one foe put to sleep\n|rule|Species Clause: Limit one of each Pok\u00e9mon\n|rule|OHKO Clause: OHKO moves are banned\n|rule|Evasion Items Clause: Evasion items are banned\n|rule|Evasion Moves Clause: Evasion moves are banned\n|rule|Endless Battle Clause: Forcing endless battles is banned\n|rule|HP Percentage Mod: HP is shown in percentages\n|clearpoke\n|poke|p1|Mamoswine, F|\n|poke|p1|Volcanion|\n|poke|p1|Toxicroak, M|\n|poke|p1|Greninja-*, M|\n|poke|p1|Iron Treads|\n|poke|p1|Zapdos|\n|poke|p2|Sandy Shocks|\n|poke|p2|Torterra, M|\n|poke|p2|Rillaboom, M|\n|poke|p2|Ursaluna-Bloodmoon, M|\n|poke|p2|Ogerpon-Wellspring, F|\n|poke|p2|Kingambit, F|\n|teampreview\n|inactive|Battle timer is ON: inactive players will automatically lose when time's up. (requested by frickNJIT)\n|\n|t:|1695186251\n|start\n|switch|p1a: Greninja|Greninja, M|100/100\n|switch|p2a: Sandy Shocks|Sandy Shocks|100/100\n|turn|1\n|\n|t:|1695186271\n|switch|p1a: Volcanion|Volcanion|100/100\n|-end|p2a: Sandy Shocks|Protosynthesis|[silent]\n|switch|p2a: Ogerpon|Ogerpon-Wellspring, F|100/100\n|\n|upkeep\n|turn|2\n|\n|t:|1695186291\n|move|p2a: Ogerpon|Swords Dance|p2a: Ogerpon\n|-boost|p2a: Ogerpon|atk|2\n|move|p1a: Volcanion|Sludge Bomb|p2a: Ogerpon\n|-supereffective|p2a: Ogerpon\n|-damage|p2a: Ogerpon|0 fnt\n|faint|p2a: Ogerpon\n|\n|upkeep\n|\n|t:|1695186300\n|switch|p2a: Rillaboom|Rillaboom, M|100/100\n|-fieldstart|move: Grassy Terrain|[from] ability: Grassy Surge|[of] p2a: Rillaboom\n|turn|3\n|\n|t:|1695186308\n|switch|p2a: Kingambit|Kingambit, F|100/100\n|-activate|p2a: Kingambit|ability: Supreme Overlord\n|-start|p2a: Kingambit|fallen1|[silent]\n|-terastallize|p1a: Volcanion|Fire\n|move|p1a: Volcanion|Sludge Bomb|p2a: Kingambit\n|-immune|p2a: Kingambit\n|\n|upkeep\n|turn|4\n|\n|t:|1695186319\n|-end|p2a: Kingambit|fallen1|[silent]\n|switch|p2a: Sandy Shocks|Sandy Shocks|100/100\n|switch|p1a: Toxicroak|Toxicroak, M|100/100\n|\n|upkeep\n|turn|5\n|\n|t:|1695186325\n|switch|p1a: Mamoswine|Mamoswine, F|100/100\n|move|p2a: Sandy Shocks|Stealth Rock|p1a: Mamoswine\n|-sidestart|p1: VilgaxCashMoney|move: Stealth Rock\n|\n|upkeep\n|turn|6\n|\n|t:|1695186331\n|move|p2a: Sandy Shocks|Earth Power|p1a: Mamoswine\n|-damage|p1a: Mamoswine|42/100\n|move|p1a: Mamoswine|Icicle Crash|p2a: Sandy Shocks\n|-supereffective|p2a: Sandy Shocks\n|-damage|p2a: Sandy Shocks|0 fnt\n|faint|p2a: Sandy Shocks\n|-end|p2a: Sandy Shocks|Protosynthesis|[silent]\n|\n|-heal|p1a: Mamoswine|48/100|[from] Grassy Terrain\n|upkeep\n|\n|t:|1695186335\n|switch|p2a: Torterra|Torterra, M|100/100\n|turn|7\n|\n|t:|1695186343\n|switch|p1a: Greninja|Greninja, M|100/100\n|-damage|p1a: Greninja|88/100|[from] Stealth Rock\n|-terastallize|p2a: Torterra|Electric\n|move|p2a: Torterra|Shell Smash|p2a: Torterra\n|-unboost|p2a: Torterra|def|1\n|-unboost|p2a: Torterra|spd|1\n|-boost|p2a: Torterra|atk|2\n|-boost|p2a: Torterra|spa|2\n|-boost|p2a: Torterra|spe|2\n|\n|-heal|p1a: Greninja|94/100|[from] Grassy Terrain\n|upkeep\n|turn|8\n|\n|t:|1695186348\n|move|p2a: Torterra|Bullet Seed|p1a: Greninja\n|-supereffective|p1a: Greninja\n|-damage|p1a: Greninja|0 fnt\n|faint|p1a: Greninja\n|-hitcount|p1: Greninja|1\n|\n|upkeep\n|inactive|VilgaxCashMoney has 120 seconds left.\n|\n|t:|1695186382\n|switch|p1a: Zapdos|Zapdos|100/100\n|-ability|p1a: Zapdos|Pressure\n|turn|9\n|\n|t:|1695186386\n|move|p2a: Torterra|Tera Blast|p1a: Zapdos\n|-damage|p1a: Zapdos|25/100\n|move|p1a: Zapdos|Heat Wave|p2a: Torterra\n|-damage|p2a: Torterra|36/100\n|\n|-heal|p2a: Torterra|42/100|[from] Grassy Terrain\n|upkeep\n|turn|10\n|\n|t:|1695186395\n|move|p2a: Torterra|Bullet Seed|p1a: Zapdos\n|-resisted|p1a: Zapdos\n|-damage|p1a: Zapdos|8/100\n|-resisted|p1a: Zapdos\n|-damage|p1a: Zapdos|0 fnt\n|faint|p1a: Zapdos\n|-hitcount|p1: Zapdos|2\n|\n|-heal|p2a: Torterra|48/100|[from] Grassy Terrain\n|-fieldend|move: Grassy Terrain\n|upkeep\n|\n|t:|1695186397\n|switch|p1a: Toxicroak|Toxicroak, M|100/100\n|-damage|p1a: Toxicroak|94/100|[from] Stealth Rock\n|turn|11\n|\n|t:|1695186411\n|move|p1a: Toxicroak|Sucker Punch|p2a: Torterra\n|-damage|p2a: Torterra|7/100\n|-damage|p1a: Toxicroak|85/100|[from] item: Life Orb\n|move|p2a: Torterra|Headlong Rush|p1a: Toxicroak\n|-supereffective|p1a: Toxicroak\n|-damage|p1a: Toxicroak|0 fnt\n|-unboost|p2a: Torterra|def|1\n|-unboost|p2a: Torterra|spd|1\n|faint|p1a: Toxicroak\n|\n|upkeep\n|-message|VilgaxCashMoney forfeited.\n|\n|win|frickNJIT\n|raw|VilgaxCashMoney's rating: 1356 &rarr; <strong>1333</strong><br />(-23 for losing)\n|raw|frickNJIT's rating: 1309 &rarr; <strong>1332</strong><br />(+23 for winning)\n|l|\u2606VilgaxCashMoney\n", "uploadtime": 1695186424, "views": 6, "p1id": "vilgaxcashmoney", "p2id": "fricknjit", "formatid": "gen9ou", "rating": 1332, "private": 0, "password": ""}