{"id": "gen9ou-1947638860", "p1": "gegging", "p2": "Kskekjejdjxnx", "format": "gen9ou", "log": "|j|\u2606gegging\n|j|\u2606Kskekjejdjxnx\n|t:|1695180698\n|gametype|singles\n|player|p1|gegging|cheren-gen5bw2|1084\n|player|p2|Kskekjejdjxnx|170|1041\n|teamsize|p1|6\n|teamsize|p2|6\n|gen|9\n|tier|[Gen 9] OU\n|rated|\n|rule|Sleep Clause Mod: Limit one foe put to sleep\n|rule|Species Clause: Limit one of each Pok\u00e9mon\n|rule|OHKO Clause: OHKO moves are banned\n|rule|Evasion Items Clause: Evasion items are banned\n|rule|Evasion Moves Clause: Evasion moves are banned\n|rule|Endless Battle Clause: Forcing endless battles is banned\n|rule|HP Percentage Mod: HP is shown in percentages\n|clearpoke\n|poke|p1|Okidogi, M|\n|poke|p1|Empoleon, M|\n|poke|p1|Gliscor, M|\n|poke|p1|Clefable, F|\n|poke|p1|Mandibuzz, F|\n|poke|p1|Dragonite, F|\n|poke|p2|Infernape, M|\n|poke|p2|Ninetales, M|\n|poke|p2|Walking Wake|\n|poke|p2|Ursaluna-Bloodmoon, M|\n|poke|p2|Great Tusk|\n|poke|p2|Vaporeon, F|\n|teampreview\n|\n|t:|1695180717\n|start\n|switch|p1a: geg????|Gliscor, M|100/100\n|switch|p2a: Great Tusk|Great Tusk|100/100\n|turn|1\n|\n|t:|1695180722\n|move|p1a: geg????|Protect|p1a: geg????\n|-singleturn|p1a: geg????|Protect\n|move|p2a: Great Tusk|Stealth Rock|p1a: geg????\n|-sidestart|p1: gegging|move: Stealth Rock\n|\n|-status|p1a: geg????|tox|[from] item: Toxic Orb\n|upkeep\n|turn|2\n|\n|t:|1695180731\n|move|p1a: geg????|Swords Dance|p1a: geg????\n|-boost|p1a: geg????|atk|2\n|move|p2a: Great Tusk|Knock Off|p1a: geg????\n|-crit|p1a: geg????\n|-damage|p1a: geg????|51/100 tox\n|-enditem|p1a: geg????|Toxic Orb|[from] move: Knock Off|[of] p2a: Great Tusk\n|\n|-heal|p1a: geg????|63/100 tox|[from] ability: Poison Heal\n|upkeep\n|turn|3\n|\n|t:|1695180741\n|move|p1a: geg????|Protect|p1a: geg????\n|-singleturn|p1a: geg????|Protect\n|move|p2a: Great Tusk|Rapid Spin|p1a: geg????\n|-activate|p1a: geg????|move: Protect\n|\n|-heal|p1a: geg????|76/100 tox|[from] ability: Poison Heal\n|upkeep\n|turn|4\n|\n|t:|1695180749\n|-end|p2a: Great Tusk|Protosynthesis|[silent]\n|switch|p2a: Walking Wake|Walking Wake|100/100\n|move|p1a: geg????|Swords Dance|p1a: geg????\n|-boost|p1a: geg????|atk|2\n|\n|-heal|p1a: geg????|88/100 tox|[from] ability: Poison Heal\n|upkeep\n|turn|5\n|\n|t:|1695180758\n|-terastallize|p1a: geg????|Normal\n|move|p2a: Walking Wake|Hydro Steam|p1a: geg????\n|-damage|p1a: geg????|27/100 tox\n|move|p1a: geg????|Facade|p2a: Walking Wake\n|-damage|p2a: Walking Wake|0 fnt\n|faint|p2a: Walking Wake\n|-end|p2a: Walking Wake|Protosynthesis|[silent]\n|\n|-heal|p1a: geg????|40/100 tox|[from] ability: Poison Heal\n|upkeep\n|\n|t:|1695180764\n|switch|p2a: Infernape|Infernape, M|100/100\n|turn|6\n|\n|t:|1695180768\n|move|p1a: geg????|Protect|p1a: geg????\n|-singleturn|p1a: geg????|Protect\n|move|p2a: Infernape|Substitute|p2a: Infernape\n|-start|p2a: Infernape|Substitute\n|-damage|p2a: Infernape|76/100\n|\n|-heal|p1a: geg????|52/100 tox|[from] ability: Poison Heal\n|upkeep\n|turn|7\n|\n|t:|1695180772\n|move|p2a: Infernape|Aura Sphere|p1a: geg????\n|-supereffective|p1a: geg????\n|-crit|p1a: geg????\n|-damage|p1a: geg????|0 fnt\n|faint|p1a: geg????\n|\n|upkeep\n|\n|t:|1695180777\n|switch|p1a: geg2|Okidogi, M|100/100\n|-damage|p1a: geg2|94/100|[from] Stealth Rock\n|turn|8\n|\n|t:|1695180780\n|move|p2a: Infernape|Focus Energy|p2a: Infernape\n|-start|p2a: Infernape|move: Focus Energy\n|move|p1a: geg2|Knock Off|p2a: Infernape\n|-resisted|p2a: Infernape\n|-end|p2a: Infernape|Substitute\n|\n|-heal|p1a: geg2|100/100|[from] item: Leftovers\n|upkeep\n|turn|9\n|\n|t:|1695180784\n|move|p2a: Infernape|Substitute|p2a: Infernape\n|-start|p2a: Infernape|Substitute\n|-damage|p2a: Infernape|51/100\n|move|p1a: geg2|Poison Jab|p2a: Infernape\n|-end|p2a: Infernape|Substitute\n|\n|upkeep\n|turn|10\n|\n|t:|1695180786\n|move|p2a: Infernape|Overheat|p1a: geg2\n|-crit|p1a: geg2\n|-damage|p1a: geg2|8/100\n|-unboost|p2a: Infernape|spa|2\n|move|p1a: geg2|Poison Jab|p2a: Infernape\n|-damage|p2a: Infernape|0 fnt\n|faint|p2a: Infernape\n|\n|-heal|p1a: geg2|15/100|[from] item: Leftovers\n|upkeep\n|\n|t:|1695180792\n|switch|p2a: Ninetales|Ninetales, M|100/100\n|-weather|SunnyDay|[from] ability: Drought|[of] p2a: Ninetales\n|turn|11\n|\n|t:|1695180797\n|move|p2a: Ninetales|Weather Ball|p1a: geg2\n|-damage|p1a: geg2|0 fnt\n|faint|p1a: geg2\n|\n|-weather|SunnyDay|[upkeep]\n|upkeep\n|\n|t:|1695180804\n|switch|p1a: geg in. geg out.|Mandibuzz, F|100/100\n|turn|12\n|\n|t:|1695180807\n|move|p2a: Ninetales|Will-O-Wisp|p1a: geg in. geg out.\n|-status|p1a: geg in. geg out.|brn\n|move|p1a: geg in. geg out.|Defog|p2a: Ninetales\n|-unboost|p2a: Ninetales|evasion|1\n|-sideend|p1: gegging|Stealth Rock|[from] move: Defog|[of] p1a: geg in. geg out.\n|\n|-weather|SunnyDay|[upkeep]\n|-damage|p1a: geg in. geg out.|94/100 brn|[from] brn\n|upkeep\n|turn|13\n|\n|t:|1695180810\n|move|p2a: Ninetales|Encore|p1a: geg in. geg out.\n|-start|p1a: geg in. geg out.|Encore\n|move|p1a: geg in. geg out.|Defog|p2a: Ninetales\n|-unboost|p2a: Ninetales|evasion|1\n|\n|-weather|SunnyDay|[upkeep]\n|-damage|p1a: geg in. geg out.|88/100 brn|[from] brn\n|upkeep\n|turn|14\n|\n|t:|1695180813\n|switch|p1a: small ass geg. fr|Dragonite, F|100/100\n|move|p2a: Ninetales|Will-O-Wisp|p1a: small ass geg. fr\n|-status|p1a: small ass geg. fr|brn\n|\n|-weather|SunnyDay|[upkeep]\n|-damage|p1a: small ass geg. fr|94/100 brn|[from] brn\n|upkeep\n|turn|15\n|\n|t:|1695180820\n|move|p2a: Ninetales|Hex|p1a: small ass geg. fr\n|-damage|p1a: small ass geg. fr|59/100 brn\n|move|p1a: small ass geg. fr|Earthquake|p2a: Ninetales\n|-supereffective|p2a: Ninetales\n|-damage|p2a: Ninetales|14/100\n|\n|-weather|SunnyDay|[upkeep]\n|-damage|p1a: small ass geg. fr|53/100 brn|[from] brn\n|upkeep\n|turn|16\n|\n|t:|1695180826\n|switch|p2a: Great Tusk|Great Tusk|100/100\n|-activate|p2a: Great Tusk|ability: Protosynthesis\n|-start|p2a: Great Tusk|protosynthesisdef\n|switch|p1a: he tryna be geg|Clefable, F|100/100\n|\n|-weather|SunnyDay|[upkeep]\n|upkeep\n|turn|17\n|\n|t:|1695180831\n|move|p2a: Great Tusk|Stealth Rock|p1a: he tryna be geg\n|-sidestart|p1: gegging|move: Stealth Rock\n|move|p1a: he tryna be geg|Moonblast|p2a: Great Tusk\n|-supereffective|p2a: Great Tusk\n|-damage|p2a: Great Tusk|0 fnt\n|faint|p2a: Great Tusk\n|-end|p2a: Great Tusk|Protosynthesis|[silent]\n|\n|-weather|SunnyDay|[upkeep]\n|upkeep\n|\n|t:|1695180833\n|switch|p2a: Ursaluna|Ursaluna-Bloodmoon, M|100/100\n|turn|18\n|\n|t:|1695180837\n|move|p1a: he tryna be geg|Fire Blast|p2a: Ursaluna\n|-damage|p2a: Ursaluna|41/100\n|move|p2a: Ursaluna|Calm Mind|p2a: Ursaluna\n|-boost|p2a: Ursaluna|spa|1\n|-boost|p2a: Ursaluna|spd|1\n|\n|-weather|none\n|upkeep\n|turn|19\n|\n|t:|1695180842\n|move|p1a: he tryna be geg|Moonblast|p2a: Ursaluna\n|-damage|p2a: Ursaluna|3/100\n|move|p2a: Ursaluna|Moonlight|p2a: Ursaluna\n|-heal|p2a: Ursaluna|53/100\n|\n|upkeep\n|turn|20\n|\n|t:|1695180848\n|move|p1a: he tryna be geg|Moonblast|p2a: Ursaluna\n|-damage|p2a: Ursaluna|18/100\n|move|p2a: Ursaluna|Moonlight|p2a: Ursaluna\n|-heal|p2a: Ursaluna|68/100\n|\n|upkeep\n|turn|21\n|\n|t:|1695180853\n|move|p1a: he tryna be geg|Moonblast|p2a: Ursaluna\n|-damage|p2a: Ursaluna|30/100\n|move|p2a: Ursaluna|Moonlight|p2a: Ursaluna\n|-heal|p2a: Ursaluna|80/100\n|\n|upkeep\n|turn|22\n|\n|t:|1695180855\n|move|p1a: he tryna be geg|Moonblast|p2a: Ursaluna\n|-damage|p2a: Ursaluna|44/100\n|move|p2a: Ursaluna|Calm Mind|p2a: Ursaluna\n|-boost|p2a: Ursaluna|spa|1\n|-boost|p2a: Ursaluna|spd|1\n|\n|upkeep\n|turn|23\n|\n|t:|1695180858\n|move|p1a: he tryna be geg|Moonblast|p2a: Ursaluna\n|-damage|p2a: Ursaluna|17/100\n|move|p2a: Ursaluna|Moonlight|p2a: Ursaluna\n|-heal|p2a: Ursaluna|67/100\n|\n|upkeep\n|turn|24\n|\n|t:|1695180862\n|move|p1a: he tryna be geg|Moonblast|p2a: Ursaluna\n|-damage|p2a: Ursaluna|40/100\n|move|p2a: Ursaluna|Calm Mind|p2a: Ursaluna\n|-boost|p2a: Ursaluna|spa|1\n|-boost|p2a: Ursaluna|spd|1\n|\n|upkeep\n|turn|25\n|\n|t:|1695180864\n|move|p1a: he tryna be geg|Moonblast|p2a: Ursaluna\n|-damage|p2a: Ursaluna|17/100\n|move|p2a: Ursaluna|Moonlight|p2a: Ursaluna\n|-heal|p2a: Ursaluna|67/100\n|\n|upkeep\n|turn|26\n|\n|t:|1695180868\n|move|p1a: he tryna be geg|Moonblast|p2a: Ursaluna\n|-damage|p2a: Ursaluna|46/100\n|move|p2a: Ursaluna|Calm Mind|p2a: Ursaluna\n|-boost|p2a: Ursaluna|spa|1\n|-boost|p2a: Ursaluna|spd|1\n|\n|upkeep\n|turn|27\n|\n|t:|1695180870\n|move|p1a: he tryna be geg|Moonblast|p2a: Ursaluna\n|-damage|p2a: Ursaluna|29/100\n|move|p2a: Ursaluna|Moonlight|p2a: Ursaluna\n|-heal|p2a: Ursaluna|79/100\n|\n|upkeep\n|turn|28\n|\n|t:|1695180874\n|move|p1a: he tryna be geg|Moonblast|p2a: Ursaluna\n|-damage|p2a: Ursaluna|60/100\n|move|p2a: Ursaluna|Earth Power|p1a: he tryna be geg\n|-damage|p1a: he tryna be geg|0 fnt\n|faint|p1a: he tryna be geg\n|\n|upkeep\n|\n|t:|1695180880\n|switch|p1a: small ass geg. fr|Dragonite, F|53/100 brn\n|-damage|p1a: small ass geg. fr|28/100 brn|[from] Stealth Rock\n|turn|29\n|\n|t:|1695180891\n|-terastallize|p2a: Ursaluna|Fairy\n|move|p1a: small ass geg. fr|Outrage|p2a: Ursaluna\n|-immune|p2a: Ursaluna\n|move|p2a: Ursaluna|Tera Blast|p1a: small ass geg. fr\n|-supereffective|p1a: small ass geg. fr\n|-damage|p1a: small ass geg. fr|0 fnt\n|faint|p1a: small ass geg. fr\n|\n|upkeep\n|\n|t:|1695180894\n|switch|p1a: mouse|Empoleon, M|100/100\n|-damage|p1a: mouse|94/100|[from] Stealth Rock\n|turn|30\n|\n|t:|1695180896\n|move|p1a: mouse|Flash Cannon|p2a: Ursaluna\n|-supereffective|p2a: Ursaluna\n|-damage|p2a: Ursaluna|33/100\n|move|p2a: Ursaluna|Earth Power|p1a: mouse\n|-supereffective|p1a: mouse\n|-damage|p1a: mouse|0 fnt\n|faint|p1a: mouse\n|\n|upkeep\n|\n|t:|1695180898\n|switch|p1a: geg in. geg out.|Mandibuzz, F|88/100 brn\n|turn|31\n|\n|t:|1695180900\n|move|p1a: geg in. geg out.|Toxic|p2a: Ursaluna\n|-status|p2a: Ursaluna|tox\n|move|p2a: Ursaluna|Tera Blast|p1a: geg in. geg out.\n|-supereffective|p1a: geg in. geg out.\n|-damage|p1a: geg in. geg out.|0 fnt\n|faint|p1a: geg in. geg out.\n|\n|win|Kskekjejdjxnx\n|raw|gegging's rating: 1084 &rarr; <strong>1059</strong><br />(-25 for losing)\n|raw|Kskekjejdjxnx's rating: 1041 &rarr; <strong>1079</strong><br />(+38 for winning)\n", "uploadtime": 1695180904, "views": 1, "p1id": "gegging", "p2id": "kskekjejdjxnx", "formatid": "gen9ou", "rating": 1059, "private": 0, "password": ""}