{"id": "gen9ou-1947586283", "p1": "Davidenali", "p2": "Moteleave", "format": "gen9ou", "log": "|j|\u2606Davidenali\n|j|\u2606Moteleave\n|t:|1695175145\n|gametype|singles\n|player|p1|Davidenali|clair|1324\n|player|p2|Moteleave|101|1231\n|teamsize|p1|6\n|teamsize|p2|6\n|gen|9\n|tier|[Gen 9] OU\n|rated|\n|rule|Sleep Clause Mod: Limit one foe put to sleep\n|rule|Species Clause: Limit one of each Pok\u00e9mon\n|rule|OHKO Clause: OHKO moves are banned\n|rule|Evasion Items Clause: Evasion items are banned\n|rule|Evasion Moves Clause: Evasion moves are banned\n|rule|Endless Battle Clause: Forcing endless battles is banned\n|rule|HP Percentage Mod: HP is shown in percentages\n|clearpoke\n|poke|p1|Ursaluna-Bloodmoon, M|\n|poke|p1|Gholdengo|\n|poke|p1|Ribombee, F|\n|poke|p1|Heatran, M|\n|poke|p1|Greninja-*, M|\n|poke|p1|Noivern, M|\n|poke|p2|Empoleon, M|\n|poke|p2|Moltres|\n|poke|p2|Pelipper, F|\n|poke|p2|Walking Wake|\n|poke|p2|Great Tusk|\n|poke|p2|Gliscor, F|\n|teampreview\n|inactive|Battle timer is ON: inactive players will automatically lose when time's up. (requested by Davidenali)\n|\n|t:|1695175160\n|start\n|switch|p1a: Az|Ribombee, F|100/100\n|switch|p2a: Pelipper|Pelipper, F|100/100\n|-weather|RainDance|[from] ability: Drizzle|[of] p2a: Pelipper\n|turn|1\n|\n|t:|1695175166\n|move|p1a: Az|Sticky Web|p2a: Pelipper\n|-sidestart|p2: Moteleave|move: Sticky Web\n|move|p2a: Pelipper|Hurricane|p1a: Az\n|-supereffective|p1a: Az\n|-enditem|p1a: Az|Focus Sash\n|-damage|p1a: Az|1/100\n|\n|-weather|RainDance|[upkeep]\n|upkeep\n|turn|2\n|\n|t:|1695175175\n|move|p1a: Az|Stun Spore|p2a: Pelipper|[miss]\n|-miss|p1a: Az|p2a: Pelipper\n|move|p2a: Pelipper|Hurricane|p1a: Az\n|-supereffective|p1a: Az\n|-damage|p1a: Az|0 fnt\n|faint|p1a: Az\n|\n|-weather|RainDance|[upkeep]\n|upkeep\n|\n|t:|1695175187\n|switch|p1a: Noivern|Noivern, M, shiny|100/100\n|turn|3\n|\n|t:|1695175195\n|move|p1a: Noivern|Boomburst|p2a: Pelipper\n|-damage|p2a: Pelipper|22/100\n|-enditem|p1a: Noivern|Throat Spray\n|-boost|p1a: Noivern|spa|1|[from] item: Throat Spray\n|move|p2a: Pelipper|Hurricane|p1a: Noivern\n|-damage|p1a: Noivern|5/100\n|\n|-weather|RainDance|[upkeep]\n|upkeep\n|turn|4\n|\n|t:|1695175206\n|move|p1a: Noivern|Hurricane|p2a: Pelipper\n|-damage|p2a: Pelipper|0 fnt\n|faint|p2a: Pelipper\n|\n|-weather|RainDance|[upkeep]\n|upkeep\n|\n|t:|1695175212\n|switch|p2a: Empoleon|Empoleon, M, shiny|100/100\n|-activate|p2a: Empoleon|move: Sticky Web\n|-unboost|p2a: Empoleon|spe|1\n|-ability|p2a: Empoleon|Competitive|boost\n|-boost|p2a: Empoleon|spa|2\n|turn|5\n|\n|t:|1695175225\n|move|p1a: Noivern|Hurricane|p2a: Empoleon\n|-resisted|p2a: Empoleon\n|-damage|p2a: Empoleon|65/100\n|move|p2a: Empoleon|Hydro Pump|p1a: Noivern\n|-resisted|p1a: Noivern\n|-damage|p1a: Noivern|0 fnt\n|faint|p1a: Noivern\n|\n|-weather|none\n|-heal|p2a: Empoleon|71/100|[from] item: Leftovers\n|upkeep\n|\n|t:|1695175243\n|switch|p1a: Evangelyne|Gholdengo|100/100\n|-item|p1a: Evangelyne|Air Balloon\n|turn|6\n|\n|t:|1695175253\n|move|p1a: Evangelyne|Shadow Ball|p2a: Empoleon\n|-damage|p2a: Empoleon|41/100\n|move|p2a: Empoleon|Hydro Pump|p1a: Evangelyne\n|-damage|p1a: Evangelyne|0 fnt\n|-enditem|p1a: Evangelyne|Air Balloon\n|faint|p1a: Evangelyne\n|\n|-heal|p2a: Empoleon|47/100|[from] item: Leftovers\n|upkeep\n|\n|t:|1695175264\n|switch|p1a: Greninja|Greninja, M|100/100\n|turn|7\n|\n|t:|1695175274\n|move|p1a: Greninja|Low Kick|p2a: Empoleon\n|-supereffective|p2a: Empoleon\n|-damage|p2a: Empoleon|0 fnt\n|faint|p2a: Empoleon\n|-ability|p1a: Greninja|Battle Bond|boost\n|-boost|p1a: Greninja|atk|1\n|-boost|p1a: Greninja|spa|1\n|-boost|p1a: Greninja|spe|1\n|-activate|p1a: Greninja|ability: Battle Bond\n|-damage|p1a: Greninja|91/100|[from] item: Life Orb\n|\n|upkeep\n|\n|t:|1695175293\n|switch|p2a: Walking Wake|Walking Wake|100/100\n|-activate|p2a: Walking Wake|move: Sticky Web\n|-unboost|p2a: Walking Wake|spe|1\n|turn|8\n|\n|t:|1695175300\n|-terastallize|p1a: Greninja|Dark\n|move|p1a: Greninja|Dark Pulse|p2a: Walking Wake\n|-damage|p2a: Walking Wake|1/100\n|-damage|p1a: Greninja|81/100|[from] item: Life Orb\n|move|p2a: Walking Wake|Draco Meteor|p1a: Greninja\n|-damage|p1a: Greninja|0 fnt\n|-unboost|p2a: Walking Wake|spa|2\n|faint|p1a: Greninja\n|-damage|p2a: Walking Wake|0 fnt|[from] item: Life Orb\n|faint|p2a: Walking Wake\n|-end|p2a: Walking Wake|Protosynthesis|[silent]\n|\n|upkeep\n|inactive|Davidenali has 120 seconds left.\n|\n|t:|1695175331\n|switch|p1a: Tristepin|Ursaluna-Bloodmoon, M|100/100\n|switch|p2a: Gliscor|Gliscor, F|100/100\n|turn|9\n|inactive|Davidenali has 120 seconds left.\n|\n|t:|1695175351\n|move|p2a: Gliscor|Knock Off|p1a: Tristepin\n|-damage|p1a: Tristepin|88/100\n|-enditem|p1a: Tristepin|Leftovers|[from] move: Knock Off|[of] p2a: Gliscor\n|move|p1a: Tristepin|Blood Moon|p2a: Gliscor\n|-damage|p2a: Gliscor|45/100\n|\n|-status|p2a: Gliscor|tox|[from] item: Toxic Orb\n|upkeep\n|turn|10\n|inactive|Davidenali has 120 seconds left.\n|\n|t:|1695175362\n|move|p2a: Gliscor|Toxic|p1a: Tristepin\n|-status|p1a: Tristepin|tox\n|move|p1a: Tristepin|Calm Mind|p1a: Tristepin\n|-boost|p1a: Tristepin|spa|1\n|-boost|p1a: Tristepin|spd|1\n|\n|-heal|p2a: Gliscor|57/100 tox|[from] ability: Poison Heal\n|-damage|p1a: Tristepin|82/100 tox|[from] psn\n|upkeep\n|turn|11\n|inactive|Davidenali has 120 seconds left.\n|\n|t:|1695175373\n|move|p2a: Gliscor|Earthquake|p1a: Tristepin\n|-damage|p1a: Tristepin|62/100 tox\n|move|p1a: Tristepin|Blood Moon|p2a: Gliscor\n|-damage|p2a: Gliscor|0 fnt\n|faint|p2a: Gliscor\n|\n|-damage|p1a: Tristepin|50/100 tox|[from] psn\n|upkeep\n|\n|t:|1695175380\n|switch|p2a: Moltres|Moltres|100/100\n|turn|12\n|\n|t:|1695175387\n|move|p2a: Moltres|Hurricane|p1a: Tristepin\n|-damage|p1a: Tristepin|13/100 tox\n|move|p1a: Tristepin|Moonlight|p1a: Tristepin\n|-heal|p1a: Tristepin|63/100 tox\n|\n|-damage|p1a: Tristepin|45/100 tox|[from] psn\n|upkeep\n|turn|13\n|\n|t:|1695175395\n|move|p2a: Moltres|Hurricane|p1a: Tristepin|[miss]\n|-miss|p2a: Moltres|p1a: Tristepin\n|move|p1a: Tristepin|Blood Moon|p2a: Moltres\n|-damage|p2a: Moltres|3/100\n|\n|-damage|p1a: Tristepin|20/100 tox|[from] psn\n|upkeep\n|turn|14\n|\n|t:|1695175406\n|move|p2a: Moltres|Hurricane|p1a: Tristepin\n|-damage|p1a: Tristepin|0 fnt\n|faint|p1a: Tristepin\n|\n|upkeep\n|\n|t:|1695175410\n|switch|p1a: Grougaloragran|Heatran, M|100/100\n|turn|15\n|\n|t:|1695175428\n|move|p1a: Grougaloragran|Stealth Rock|p2a: Moltres\n|-sidestart|p2: Moteleave|move: Stealth Rock\n|move|p2a: Moltres|Roost|p2a: Moltres\n|-heal|p2a: Moltres|53/100\n|-singleturn|p2a: Moltres|move: Roost\n|\n|upkeep\n|turn|16\n|\n|t:|1695175436\n|move|p1a: Grougaloragran|Magma Storm|p2a: Moltres|[miss]\n|-miss|p1a: Grougaloragran|p2a: Moltres\n|move|p2a: Moltres|Roost|p2a: Moltres\n|-heal|p2a: Moltres|100/100\n|-singleturn|p2a: Moltres|move: Roost\n|\n|upkeep\n|turn|17\n|\n|t:|1695175445\n|move|p1a: Grougaloragran|Magma Storm|p2a: Moltres\n|-resisted|p2a: Moltres\n|-damage|p2a: Moltres|69/100\n|-activate|p2a: Moltres|move: Magma Storm|[of] p1a: Grougaloragran\n|move|p2a: Moltres|Hurricane|p1a: Grougaloragran\n|-resisted|p1a: Grougaloragran\n|-damage|p1a: Grougaloragran|74/100\n|\n|-heal|p1a: Grougaloragran|80/100|[from] item: Leftovers\n|-damage|p2a: Moltres|57/100|[from] move: Magma Storm|[partiallytrapped]\n|upkeep\n|turn|18\n|\n|t:|1695175454\n|move|p1a: Grougaloragran|Taunt|p2a: Moltres\n|-start|p2a: Moltres|move: Taunt\n|move|p2a: Moltres|Hurricane|p1a: Grougaloragran|[miss]\n|-miss|p2a: Moltres|p1a: Grougaloragran\n|\n|-heal|p1a: Grougaloragran|86/100|[from] item: Leftovers\n|-damage|p2a: Moltres|44/100|[from] move: Magma Storm|[partiallytrapped]\n|upkeep\n|turn|19\n|\n|t:|1695175462\n|move|p1a: Grougaloragran|Magma Storm|p2a: Moltres|[miss]\n|-miss|p1a: Grougaloragran|p2a: Moltres\n|move|p2a: Moltres|Hurricane|p1a: Grougaloragran\n|-resisted|p1a: Grougaloragran\n|-crit|p1a: Grougaloragran\n|-damage|p1a: Grougaloragran|49/100\n|\n|-heal|p1a: Grougaloragran|56/100|[from] item: Leftovers\n|-damage|p2a: Moltres|32/100|[from] move: Magma Storm|[partiallytrapped]\n|upkeep\n|turn|20\n|\n|t:|1695175471\n|move|p1a: Grougaloragran|Magma Storm|p2a: Moltres\n|-resisted|p2a: Moltres\n|-damage|p2a: Moltres|3/100\n|move|p2a: Moltres|Hurricane|p1a: Grougaloragran\n|-resisted|p1a: Grougaloragran\n|-damage|p1a: Grougaloragran|30/100\n|\n|-heal|p1a: Grougaloragran|36/100|[from] item: Leftovers\n|-damage|p2a: Moltres|0 fnt|[from] move: Magma Storm|[partiallytrapped]\n|faint|p2a: Moltres\n|upkeep\n|\n|t:|1695175480\n|switch|p2a: Great Tusk|Great Tusk|100/100\n|-activate|p2a: Great Tusk|move: Sticky Web\n|-unboost|p2a: Great Tusk|spe|1\n|-damage|p2a: Great Tusk|98/100|[from] Stealth Rock\n|turn|21\n|\n|t:|1695175488\n|move|p1a: Grougaloragran|Magma Storm|p2a: Great Tusk\n|-damage|p2a: Great Tusk|27/100\n|-activate|p2a: Great Tusk|move: Magma Storm|[of] p1a: Grougaloragran\n|move|p2a: Great Tusk|Earthquake|p1a: Grougaloragran\n|-supereffective|p1a: Grougaloragran\n|-damage|p1a: Grougaloragran|0 fnt\n|faint|p1a: Grougaloragran\n|\n|win|Moteleave\n|raw|Davidenali's rating: 1324 &rarr; <strong>1299</strong><br />(-25 for losing)\n|raw|Moteleave's rating: 1231 &rarr; <strong>1263</strong><br />(+32 for winning)\n|l|\u2606Davidenali\n", "uploadtime": 1695175497, "views": 5, "p1id": "davidenali", "p2id": "moteleave", "formatid": "gen9ou", "rating": 1263, "private": 0, "password": ""}