{"id": "gen9ou-1947653222", "p1": "duke_dede", "p2": "pikaplayer1001000", "format": "gen9ou", "log": "|j|\u2606duke_dede\n|j|\u2606pikaplayer1001000\n|t:|1695182412\n|gametype|singles\n|player|p1|duke_dede|ghetsis-gen5bw|1323\n|player|p2|pikaplayer1001000|red-gen2|1288\n|teamsize|p1|6\n|teamsize|p2|6\n|gen|9\n|tier|[Gen 9] OU\n|rated|\n|rule|Sleep Clause Mod: Limit one foe put to sleep\n|rule|Species Clause: Limit one of each Pok\u00e9mon\n|rule|OHKO Clause: OHKO moves are banned\n|rule|Evasion Items Clause: Evasion items are banned\n|rule|Evasion Moves Clause: Evasion moves are banned\n|rule|Endless Battle Clause: Forcing endless battles is banned\n|rule|HP Percentage Mod: HP is shown in percentages\n|clearpoke\n|poke|p1|Grimmsnarl, M|\n|poke|p1|Ursaluna-Bloodmoon, M|\n|poke|p1|Kingambit, F|\n|poke|p1|Iron Valiant|\n|poke|p1|Great Tusk|\n|poke|p1|Empoleon, F|\n|poke|p2|Morpeko, F|\n|poke|p2|Furret, M|\n|poke|p2|Ninetales-Alola, M|\n|poke|p2|Crawdaunt, F|\n|poke|p2|Sandslash-Alola, F|\n|poke|p2|Kingambit, M|\n|teampreview\n|inactive|Battle timer is ON: inactive players will automatically lose when time's up. (requested by duke_dede)\n|\n|t:|1695182461\n|start\n|switch|p1a: Grimmsnarl|Grimmsnarl, M|100/100\n|switch|p2a: Ninetales|Ninetales-Alola, M|100/100\n|-weather|Snow|[from] ability: Snow Warning|[of] p2a: Ninetales\n|turn|1\n|\n|t:|1695182475\n|move|p1a: Grimmsnarl|Light Screen|p1a: Grimmsnarl\n|-sidestart|p1: duke_dede|move: Light Screen\n|move|p2a: Ninetales|Aurora Veil|p2a: Ninetales\n|-sidestart|p2: pikaplayer1001000|move: Aurora Veil\n|\n|-weather|Snow|[upkeep]\n|upkeep\n|turn|2\n|\n|t:|1695182491\n|move|p1a: Grimmsnarl|Light Screen||[still]\n|-fail|p1a: Grimmsnarl\n|move|p2a: Ninetales|Hypnosis|p1a: Grimmsnarl\n|-status|p1a: Grimmsnarl|slp|[from] move: Hypnosis\n|\n|-weather|Snow|[upkeep]\n|upkeep\n|turn|3\n|\n|t:|1695182501\n|switch|p2a: Morpeko|Morpeko, F|100/100\n|switch|p1a: Ursaluna|Ursaluna-Bloodmoon, M|100/100\n|\n|-weather|Snow|[upkeep]\n|-formechange|p2a: Morpeko|Morpeko-Hangry||[from] ability: Hunger Switch\n|upkeep\n|turn|4\n|\n|t:|1695182511\n|move|p2a: Morpeko|Swagger|p1a: Ursaluna\n|-boost|p1a: Ursaluna|atk|2\n|-enditem|p2a: Morpeko|Mirror Herb\n|-boost|p2a: Morpeko|atk|2|[from] item: Mirror Herb\n|-start|p1a: Ursaluna|confusion\n|-activate|p1a: Ursaluna|confusion\n|-damage|p1a: Ursaluna|94/100|[from] confusion\n|\n|-weather|Snow|[upkeep]\n|-heal|p1a: Ursaluna|99/100|[from] item: Leftovers\n|-formechange|p2a: Morpeko|Morpeko||[from] ability: Hunger Switch\n|upkeep\n|turn|5\n|inactive|pikaplayer1001000 has 120 seconds left.\n|\n|t:|1695182551\n|-terastallize|p2a: Morpeko|Dark\n|move|p2a: Morpeko|Knock Off|p1a: Ursaluna\n|-damage|p1a: Ursaluna|18/100\n|-enditem|p1a: Ursaluna|Leftovers|[from] move: Knock Off|[of] p2a: Morpeko\n|-activate|p1a: Ursaluna|confusion\n|move|p1a: Ursaluna|Calm Mind|p1a: Ursaluna\n|-boost|p1a: Ursaluna|spa|1\n|-boost|p1a: Ursaluna|spd|1\n|\n|-weather|none\n|upkeep\n|turn|6\n|inactive|pikaplayer1001000 has 120 seconds left.\n|\n|t:|1695182562\n|-end|p1a: Ursaluna|confusion\n|move|p1a: Ursaluna|Vacuum Wave|p2a: Morpeko\n|-supereffective|p2a: Morpeko\n|-damage|p2a: Morpeko|49/100\n|move|p2a: Morpeko|Knock Off|p1a: Ursaluna\n|-damage|p1a: Ursaluna|0 fnt\n|faint|p1a: Ursaluna\n|\n|upkeep\n|inactive|duke_dede has 120 seconds left.\n|\n|t:|1695182599\n|switch|p1a: Iron Valiant|Iron Valiant|100/100\n|-enditem|p1a: Iron Valiant|Booster Energy\n|-activate|p1a: Iron Valiant|ability: Quark Drive|[fromitem]\n|-start|p1a: Iron Valiant|quarkdrivespe\n|turn|7\n|inactive|duke_dede has 120 seconds left.\n|inactive|pikaplayer1001000 has 120 seconds left.\n|\n|t:|1695182615\n|move|p1a: Iron Valiant|Moonblast|p2a: Morpeko\n|-supereffective|p2a: Morpeko\n|-damage|p2a: Morpeko|0 fnt\n|faint|p2a: Morpeko\n|\n|upkeep\n|\n|t:|1695182619\n|switch|p2a: Ninetales|Ninetales-Alola, M|100/100\n|-weather|Snow|[from] ability: Snow Warning|[of] p2a: Ninetales\n|turn|8\n|inactive|duke_dede has 120 seconds left.\n|\n|t:|1695182643\n|-end|p1a: Iron Valiant|Quark Drive|[silent]\n|switch|p1a: Grimmsnarl|Grimmsnarl, M|100/100 slp\n|move|p2a: Ninetales|Blizzard|p1a: Grimmsnarl\n|-damage|p1a: Grimmsnarl|84/100 slp\n|\n|-weather|Snow|[upkeep]\n|-sideend|p1: duke_dede|move: Light Screen\n|-sideend|p2: pikaplayer1001000|move: Aurora Veil\n|upkeep\n|turn|9\n|inactive|duke_dede has 120 seconds left.\n|inactive|pikaplayer1001000 has 120 seconds left.\n|\n|t:|1695182663\n|cant|p1a: Grimmsnarl|slp\n|move|p2a: Ninetales|Aurora Veil|p2a: Ninetales\n|-sidestart|p2: pikaplayer1001000|move: Aurora Veil\n|\n|-weather|Snow|[upkeep]\n|upkeep\n|turn|10\n|inactive|pikaplayer1001000 has 120 seconds left.\n|inactive|duke_dede has 120 seconds left.\n|\n|t:|1695182688\n|switch|p2a: Crawdaunt|Crawdaunt, F|100/100\n|cant|p1a: Grimmsnarl|slp\n|\n|-weather|Snow|[upkeep]\n|upkeep\n|turn|11\n|inactive|pikaplayer1001000 has 120 seconds left.\n|inactive|pikaplayer1001000 has 90 seconds left.\n|\n|t:|1695182726\n|cant|p1a: Grimmsnarl|slp\n|move|p2a: Crawdaunt|Dragon Dance|p2a: Crawdaunt\n|-boost|p2a: Crawdaunt|atk|1\n|-boost|p2a: Crawdaunt|spe|1\n|\n|-weather|Snow|[upkeep]\n|upkeep\n|turn|12\n|inactive|duke_dede has 120 seconds left.\n|inactive|duke_dede has 90 seconds left.\n|\n|t:|1695182762\n|-curestatus|p1a: Grimmsnarl|slp|[msg]\n|move|p1a: Grimmsnarl|Reflect|p1a: Grimmsnarl\n|-sidestart|p1: duke_dede|Reflect\n|move|p2a: Crawdaunt|Dragon Dance|p2a: Crawdaunt\n|-boost|p2a: Crawdaunt|atk|1\n|-boost|p2a: Crawdaunt|spe|1\n|\n|-weather|none\n|upkeep\n|turn|13\n|inactive|pikaplayer1001000 has 90 seconds left.\n|\n|t:|1695182803\n|move|p1a: Grimmsnarl|Light Screen|p1a: Grimmsnarl\n|-sidestart|p1: duke_dede|move: Light Screen\n|move|p2a: Crawdaunt|Crabhammer|p1a: Grimmsnarl\n|-damage|p1a: Grimmsnarl|0 fnt\n|faint|p1a: Grimmsnarl\n|-damage|p2a: Crawdaunt|91/100|[from] item: Life Orb\n|\n|upkeep\n|inactive|duke_dede has 90 seconds left.\n|\n|t:|1695182815\n|switch|p1a: Iron Valiant|Iron Valiant|100/100\n|turn|14\n|\n|t:|1695182822\n|move|p2a: Crawdaunt|Crabhammer|p1a: Iron Valiant\n|-damage|p1a: Iron Valiant|0 fnt\n|faint|p1a: Iron Valiant\n|-end|p1a: Iron Valiant|Quark Drive|[silent]\n|-damage|p2a: Crawdaunt|81/100|[from] item: Life Orb\n|\n|upkeep\n|\n|t:|1695182831\n|switch|p1a: Great Tusk|Great Tusk|100/100\n|turn|15\n|inactive|pikaplayer1001000 has 90 seconds left.\n|\n|t:|1695182845\n|move|p2a: Crawdaunt|Crabhammer|p1a: Great Tusk\n|-supereffective|p1a: Great Tusk\n|-damage|p1a: Great Tusk|0 fnt\n|faint|p1a: Great Tusk\n|-end|p1a: Great Tusk|Protosynthesis|[silent]\n|-damage|p2a: Crawdaunt|71/100|[from] item: Life Orb\n|\n|upkeep\n|\n|t:|1695182854\n|switch|p1a: Empoleon|Empoleon, F|100/100\n|turn|16\n|inactive|pikaplayer1001000 has 90 seconds left.\n|\n|t:|1695182868\n|-terastallize|p1a: Empoleon|Water\n|move|p2a: Crawdaunt|Knock Off|p1a: Empoleon\n|-damage|p1a: Empoleon|22/100\n|-enditem|p1a: Empoleon|Leftovers|[from] move: Knock Off|[of] p2a: Crawdaunt\n|-damage|p2a: Crawdaunt|62/100|[from] item: Life Orb\n|move|p1a: Empoleon|Surf|p2a: Crawdaunt\n|-resisted|p2a: Crawdaunt\n|-crit|p2a: Crawdaunt\n|-damage|p2a: Crawdaunt|0 fnt\n|faint|p2a: Crawdaunt\n|\n|-sideend|p2: pikaplayer1001000|move: Aurora Veil\n|upkeep\n|inactive|pikaplayer1001000 has 90 seconds left.\n|\n|t:|1695182875\n|switch|p2a: Ninetales|Ninetales-Alola, M|100/100\n|-weather|Snow|[from] ability: Snow Warning|[of] p2a: Ninetales\n|turn|17\n|inactive|duke_dede has 120 seconds left.\n|\n|t:|1695182881\n|move|p2a: Ninetales|Aurora Veil|p2a: Ninetales\n|-sidestart|p2: pikaplayer1001000|move: Aurora Veil\n|move|p1a: Empoleon|Surf|p2a: Ninetales\n|-damage|p2a: Ninetales|72/100\n|\n|-weather|Snow|[upkeep]\n|upkeep\n|turn|18\n|\n|t:|1695182886\n|switch|p2a: Furret|Furret, M|100/100\n|move|p1a: Empoleon|Surf|p2a: Furret\n|-damage|p2a: Furret|63/100\n|\n|-weather|Snow|[upkeep]\n|upkeep\n|turn|19\n|\n|t:|1695182892\n|move|p2a: Furret|Tidy Up|p2a: Furret\n|-boost|p2a: Furret|atk|1\n|-boost|p2a: Furret|spe|1\n|move|p1a: Empoleon|Roost|p1a: Empoleon\n|-heal|p1a: Empoleon|72/100\n|\n|-weather|Snow|[upkeep]\n|-sideend|p1: duke_dede|Reflect\n|upkeep\n|turn|20\n|\n|t:|1695182899\n|move|p2a: Furret|Body Slam|p1a: Empoleon\n|-damage|p1a: Empoleon|13/100\n|move|p1a: Empoleon|Surf|p2a: Furret\n|-damage|p2a: Furret|23/100\n|\n|-weather|Snow|[upkeep]\n|-sideend|p1: duke_dede|move: Light Screen\n|upkeep\n|turn|21\n|\n|t:|1695182909\n|move|p2a: Furret|Body Slam|p1a: Empoleon\n|-damage|p1a: Empoleon|0 fnt\n|faint|p1a: Empoleon\n|\n|-weather|none\n|upkeep\n|\n|t:|1695182914\n|switch|p1a: Kingambit|Kingambit, F|100/100\n|-activate|p1a: Kingambit|ability: Supreme Overlord\n|-start|p1a: Kingambit|fallen5|[silent]\n|turn|22\n|\n|t:|1695182919\n|move|p1a: Kingambit|Sucker Punch|p2a: Furret\n|-damage|p2a: Furret|0 fnt\n|faint|p2a: Furret\n|\n|upkeep\n|\n|t:|1695182922\n|switch|p2a: Sandslash|Sandslash-Alola, F|100/100\n|turn|23\n|\n|t:|1695182927\n|move|p2a: Sandslash|Earthquake|p1a: Kingambit\n|-supereffective|p1a: Kingambit\n|-damage|p1a: Kingambit|52/100\n|move|p1a: Kingambit|Iron Head|p2a: Sandslash\n|-damage|p2a: Sandslash|68/100\n|\n|-heal|p1a: Kingambit|59/100|[from] item: Leftovers\n|upkeep\n|turn|24\n|\n|t:|1695182941\n|move|p2a: Sandslash|Earthquake|p1a: Kingambit\n|-supereffective|p1a: Kingambit\n|-damage|p1a: Kingambit|10/100\n|move|p1a: Kingambit|Kowtow Cleave|p2a: Sandslash\n|-damage|p2a: Sandslash|31/100\n|\n|-heal|p1a: Kingambit|16/100|[from] item: Leftovers\n|-sideend|p2: pikaplayer1001000|move: Aurora Veil\n|upkeep\n|turn|25\n|\n|t:|1695182950\n|move|p1a: Kingambit|Sucker Punch|p2a: Sandslash\n|-damage|p2a: Sandslash|0 fnt\n|faint|p2a: Sandslash\n|\n|-heal|p1a: Kingambit|22/100|[from] item: Leftovers\n|upkeep\n|\n|t:|1695182952\n|switch|p2a: Ninetales|Ninetales-Alola, M|72/100\n|-weather|Snow|[from] ability: Snow Warning|[of] p2a: Ninetales\n|turn|26\n|\n|t:|1695182958\n|move|p2a: Ninetales|Blizzard|p1a: Kingambit\n|-resisted|p1a: Kingambit\n|-damage|p1a: Kingambit|1/100\n|move|p1a: Kingambit|Swords Dance|p1a: Kingambit\n|-boost|p1a: Kingambit|atk|2\n|\n|-weather|Snow|[upkeep]\n|-heal|p1a: Kingambit|7/100|[from] item: Leftovers\n|upkeep\n|turn|27\n|\n|t:|1695182966\n|move|p1a: Kingambit|Sucker Punch||[still]\n|-fail|p1a: Kingambit\n|move|p2a: Ninetales|Hypnosis|p1a: Kingambit\n|-status|p1a: Kingambit|slp|[from] move: Hypnosis\n|\n|-weather|Snow|[upkeep]\n|-heal|p1a: Kingambit|13/100 slp|[from] item: Leftovers\n|upkeep\n|turn|28\n|-message|duke_dede forfeited.\n|\n|win|pikaplayer1001000\n|raw|duke_dede's rating: 1323 &rarr; <strong>1299</strong><br />(-24 for losing)\n|raw|pikaplayer1001000's rating: 1257 &rarr; <strong>1287</strong><br />(+30 for winning)\n|l|\u2606duke_dede\n", "uploadtime": 1695182975, "views": 5, "p1id": "dukedede", "p2id": "pikaplayer1001000", "formatid": "gen9ou", "rating": 1287, "private": 0, "password": ""}