{"id": "gen9ou-1947679094", "p1": "vonderplanet", "p2": "pinkhatboi", "format": "gen9ou", "log": "|j|\u2606vonderplanet\n|j|\u2606pinkhatboi\n|t:|1695185930\n|gametype|singles\n|player|p1|vonderplanet|acetrainersnowf|1000\n|player|p2|pinkhatboi|eusine|1049\n|teamsize|p1|6\n|teamsize|p2|6\n|gen|9\n|tier|[Gen 9] OU\n|rated|\n|rule|Sleep Clause Mod: Limit one foe put to sleep\n|rule|Species Clause: Limit one of each Pok\u00e9mon\n|rule|OHKO Clause: OHKO moves are banned\n|rule|Evasion Items Clause: Evasion items are banned\n|rule|Evasion Moves Clause: Evasion moves are banned\n|rule|Endless Battle Clause: Forcing endless battles is banned\n|rule|HP Percentage Mod: HP is shown in percentages\n|clearpoke\n|poke|p1|Azumarill, F|\n|poke|p1|Kingambit, F|\n|poke|p1|Great Tusk|\n|poke|p1|Dragapult, M|\n|poke|p1|Rotom-Wash|\n|poke|p1|Meowscarada, M|\n|poke|p2|Kingambit, F|\n|poke|p2|Great Tusk|\n|poke|p2|Corviknight, F|\n|poke|p2|Toxapex, M|\n|poke|p2|Gholdengo|\n|poke|p2|Walking Wake|\n|teampreview\n|inactive|Battle timer is ON: inactive players will automatically lose when time's up. (requested by pinkhatboi)\n|inactive|vonderplanet has 120 seconds left.\n|\n|t:|1695185973\n|start\n|switch|p1a: Rotom|Rotom-Wash|100/100\n|switch|p2a: Beefcake Benny|Corviknight, F|100/100\n|-ability|p2a: Beefcake Benny|Pressure\n|turn|1\n|\n|t:|1695185996\n|switch|p2a: Cancer Carl|Toxapex, M|100/100\n|move|p1a: Rotom|Volt Switch|p2a: Cancer Carl\n|-supereffective|p2a: Cancer Carl\n|-damage|p2a: Cancer Carl|63/100\n|\n|t:|1695186007\n|switch|p1a: Meowscarada|Meowscarada, M|100/100|[from] Volt Switch\n|\n|-heal|p2a: Cancer Carl|69/100|[from] item: Leftovers\n|upkeep\n|turn|2\n|\n|t:|1695186015\n|-terastallize|p2a: Cancer Carl|Steel\n|move|p1a: Meowscarada|Knock Off|p2a: Cancer Carl\n|-start|p1a: Meowscarada|typechange|Dark|[from] ability: Protean\n|-damage|p2a: Cancer Carl|42/100\n|-enditem|p2a: Cancer Carl|Leftovers|[from] move: Knock Off|[of] p1a: Meowscarada\n|move|p2a: Cancer Carl|Toxic|p1a: Meowscarada\n|-status|p1a: Meowscarada|tox\n|\n|-damage|p1a: Meowscarada|94/100 tox|[from] psn\n|upkeep\n|turn|3\n|\n|t:|1695186038\n|switch|p1a: Dragapult|Dragapult, M|100/100\n|move|p2a: Cancer Carl|Recover|p2a: Cancer Carl\n|-heal|p2a: Cancer Carl|92/100\n|\n|upkeep\n|turn|4\n|\n|t:|1695186046\n|move|p1a: Dragapult|Flamethrower|p2a: Cancer Carl\n|-supereffective|p2a: Cancer Carl\n|-damage|p2a: Cancer Carl|36/100\n|move|p2a: Cancer Carl|Toxic|p1a: Dragapult\n|-status|p1a: Dragapult|tox\n|\n|-damage|p1a: Dragapult|95/100 tox|[from] psn\n|upkeep\n|turn|5\n|\n|t:|1695186058\n|switch|p1a: Azumarill|Azumarill, F|100/100\n|switch|p2a: Walking Waltuh|Walking Wake|100/100\n|\n|upkeep\n|turn|6\n|inactive|vonderplanet has 120 seconds left.\n|\n|t:|1695186096\n|-end|p2a: Walking Waltuh|Protosynthesis|[silent]\n|switch|p2a: Cancer Carl|Toxapex, M, tera:Steel|69/100\n|switch|p1a: Dragapult|Dragapult, M|95/100 tox\n|\n|-damage|p1a: Dragapult|89/100 tox|[from] psn\n|upkeep\n|turn|7\n|\n|t:|1695186107\n|move|p1a: Dragapult|Draco Meteor|p2a: Cancer Carl|[miss]\n|-miss|p1a: Dragapult|p2a: Cancer Carl\n|move|p2a: Cancer Carl|Recover|p2a: Cancer Carl\n|-heal|p2a: Cancer Carl|100/100\n|\n|-damage|p1a: Dragapult|77/100 tox|[from] psn\n|upkeep\n|turn|8\n|\n|t:|1695186124\n|switch|p1a: Kingambit|Kingambit, F|100/100\n|move|p2a: Cancer Carl|Surf|p1a: Kingambit\n|-damage|p1a: Kingambit|79/100\n|\n|upkeep\n|turn|9\n|inactive|pinkhatboi has 120 seconds left.\n|inactive|vonderplanet has 120 seconds left.\n|\n|t:|1695186146\n|-end|p1a: Kingambit|fallenundefined|[silent]\n|switch|p1a: Azumarill|Azumarill, F|100/100\n|switch|p2a: Punchy Paul|Great Tusk|100/100\n|\n|upkeep\n|turn|10\n|inactive|pinkhatboi has 120 seconds left.\n|\n|t:|1695186163\n|-end|p2a: Punchy Paul|Protosynthesis|[silent]\n|switch|p2a: Greedy Greg|Gholdengo|100/100\n|-terastallize|p1a: Azumarill|Water\n|move|p1a: Azumarill|Liquidation|p2a: Greedy Greg\n|-damage|p2a: Greedy Greg|0 fnt\n|faint|p2a: Greedy Greg\n|\n|upkeep\n|\n|t:|1695186176\n|switch|p2a: Cancer Carl|Toxapex, M, tera:Steel|100/100\n|turn|11\n|\n|t:|1695186180\n|move|p1a: Azumarill|Liquidation|p2a: Cancer Carl\n|-damage|p2a: Cancer Carl|35/100\n|move|p2a: Cancer Carl|Surf|p1a: Azumarill\n|-resisted|p1a: Azumarill\n|-damage|p1a: Azumarill|91/100\n|\n|upkeep\n|turn|12\n|inactive|pinkhatboi has 120 seconds left.\n|\n|t:|1695186202\n|switch|p1a: Dragapult|Dragapult, M|77/100 tox\n|switch|p2a: Walking Waltuh|Walking Wake|100/100\n|\n|-damage|p1a: Dragapult|71/100 tox|[from] psn\n|upkeep\n|turn|13\n|\n|t:|1695186212\n|move|p1a: Dragapult|Draco Meteor|p2a: Walking Waltuh\n|-supereffective|p2a: Walking Waltuh\n|-damage|p2a: Walking Waltuh|0 fnt\n|-unboost|p1a: Dragapult|spa|2\n|faint|p2a: Walking Waltuh\n|-end|p2a: Walking Waltuh|Protosynthesis|[silent]\n|\n|-damage|p1a: Dragapult|59/100 tox|[from] psn\n|upkeep\n|\n|t:|1695186223\n|switch|p2a: Murder Michael|Kingambit, F|100/100\n|-activate|p2a: Murder Michael|ability: Supreme Overlord\n|-start|p2a: Murder Michael|fallen2|[silent]\n|turn|14\n|\n|t:|1695186230\n|switch|p1a: Great Tusk|Great Tusk|100/100\n|move|p2a: Murder Michael|Swords Dance|p2a: Murder Michael\n|-boost|p2a: Murder Michael|atk|2\n|\n|upkeep\n|turn|15\n|inactive|pinkhatboi has 120 seconds left.\n|\n|t:|1695186239\n|move|p2a: Murder Michael|Sucker Punch|p1a: Great Tusk\n|-resisted|p1a: Great Tusk\n|-damage|p1a: Great Tusk|80/100\n|move|p1a: Great Tusk|Earthquake|p2a: Murder Michael\n|-supereffective|p2a: Murder Michael\n|-damage|p2a: Murder Michael|38/100\n|\n|-heal|p1a: Great Tusk|86/100|[from] item: Leftovers\n|-heal|p2a: Murder Michael|45/100|[from] item: Leftovers\n|upkeep\n|turn|16\n|inactive|pinkhatboi has 120 seconds left.\n|\n|t:|1695186258\n|-end|p2a: Murder Michael|fallen2|[silent]\n|switch|p2a: Punchy Paul|Great Tusk|100/100\n|move|p1a: Great Tusk|Earthquake|p2a: Punchy Paul\n|-damage|p2a: Punchy Paul|71/100\n|\n|-heal|p1a: Great Tusk|92/100|[from] item: Leftovers\n|upkeep\n|turn|17\n|inactive|pinkhatboi has 120 seconds left.\n|\n|t:|1695186268\n|move|p2a: Punchy Paul|Knock Off|p1a: Great Tusk\n|-resisted|p1a: Great Tusk\n|-damage|p1a: Great Tusk|85/100\n|-enditem|p1a: Great Tusk|Leftovers|[from] move: Knock Off|[of] p2a: Punchy Paul\n|move|p1a: Great Tusk|Knock Off|p2a: Punchy Paul\n|-resisted|p2a: Punchy Paul\n|-damage|p2a: Punchy Paul|60/100\n|-enditem|p2a: Punchy Paul|Heavy-Duty Boots|[from] move: Knock Off|[of] p1a: Great Tusk\n|\n|upkeep\n|turn|18\n|inactive|pinkhatboi has 120 seconds left.\n|\n|t:|1695186284\n|-end|p2a: Punchy Paul|Protosynthesis|[silent]\n|switch|p2a: Beefcake Benny|Corviknight, F|100/100\n|-ability|p2a: Beefcake Benny|Pressure\n|-end|p1a: Great Tusk|Protosynthesis|[silent]\n|switch|p1a: Rotom|Rotom-Wash|100/100\n|\n|upkeep\n|turn|19\n|\n|t:|1695186292\n|move|p1a: Rotom|Volt Switch|p2a: Beefcake Benny\n|-supereffective|p2a: Beefcake Benny\n|-damage|p2a: Beefcake Benny|50/100\n|\n|t:|1695186296\n|switch|p1a: Azumarill|Azumarill, F, tera:Water|91/100|[from] Volt Switch\n|move|p2a: Beefcake Benny|Body Press|p1a: Azumarill\n|-damage|p1a: Azumarill|64/100\n|\n|-heal|p2a: Beefcake Benny|56/100|[from] item: Leftovers\n|upkeep\n|turn|20\n|\n|t:|1695186307\n|move|p1a: Azumarill|Liquidation|p2a: Beefcake Benny\n|-damage|p2a: Beefcake Benny|0 fnt\n|faint|p2a: Beefcake Benny\n|\n|upkeep\n|-message|pinkhatboi forfeited.\n|\n|win|vonderplanet\n|raw|vonderplanet's rating: 1000 &rarr; <strong>1046</strong><br />(+46 for winning)\n|raw|pinkhatboi's rating: 1049 &rarr; <strong>1029</strong><br />(-20 for losing)\n|l|\u2606pinkhatboi\n", "uploadtime": 1695186321, "views": 4, "p1id": "vonderplanet", "p2id": "pinkhatboi", "formatid": "gen9ou", "rating": 1029, "private": 0, "password": ""}