{"id": "gen9ou-1947580261", "p1": "WaslisAss", "p2": "CNT JuanS13", "format": "gen9ou", "log": "|j|\u2606WaslisAss\n|j|\u2606CNT JuanS13\n|t:|1695174551\n|gametype|singles\n|player|p1|WaslisAss|ash-capbackward|1346\n|player|p2|CNT JuanS13|iono|1358\n|teamsize|p1|6\n|teamsize|p2|6\n|gen|9\n|tier|[Gen 9] OU\n|rated|\n|rule|Sleep Clause Mod: Limit one foe put to sleep\n|rule|Species Clause: Limit one of each Pok\u00e9mon\n|rule|OHKO Clause: OHKO moves are banned\n|rule|Evasion Items Clause: Evasion items are banned\n|rule|Evasion Moves Clause: Evasion moves are banned\n|rule|Endless Battle Clause: Forcing endless battles is banned\n|rule|HP Percentage Mod: HP is shown in percentages\n|clearpoke\n|poke|p1|Torterra, F|\n|poke|p1|Kingambit, F|\n|poke|p1|Great Tusk|\n|poke|p1|Ninetales-Alola, F|\n|poke|p1|Manaphy|\n|poke|p1|Goodra-Hisui, M|\n|poke|p2|Ursaluna-Bloodmoon, M|\n|poke|p2|Ninetales-Alola, M|\n|poke|p2|Dondozo, M|\n|poke|p2|Kingambit, F|\n|poke|p2|Great Tusk|\n|poke|p2|Munkidori, M|\n|teampreview\n|\n|t:|1695174556\n|start\n|switch|p1a: Goodra|Goodra-Hisui, M, shiny|100/100\n|switch|p2a: Ninetales|Ninetales-Alola, M|100/100\n|-weather|Snow|[from] ability: Snow Warning|[of] p2a: Ninetales\n|turn|1\n|\n|t:|1695174563\n|switch|p2a: Great Tusk|Great Tusk|100/100\n|move|p1a: Goodra|Heavy Slam|p2a: Great Tusk\n|-damage|p2a: Great Tusk|94/100\n|\n|-weather|Snow|[upkeep]\n|-heal|p2a: Great Tusk|99/100|[from] item: Leftovers\n|upkeep\n|turn|2\n|\n|t:|1695174568\n|switch|p1a: Great Tusk|Great Tusk|100/100\n|move|p2a: Great Tusk|Stealth Rock|p1a: Great Tusk\n|-sidestart|p1: WaslisAss|move: Stealth Rock\n|\n|-weather|Snow|[upkeep]\n|-heal|p2a: Great Tusk|100/100|[from] item: Leftovers\n|upkeep\n|turn|3\n|\n|t:|1695174572\n|-end|p2a: Great Tusk|Protosynthesis|[silent]\n|switch|p2a: Ninetales|Ninetales-Alola, M|100/100\n|move|p1a: Great Tusk|Rapid Spin|p2a: Ninetales\n|-damage|p2a: Ninetales|84/100\n|-boost|p1a: Great Tusk|spe|1\n|-sideend|p1: WaslisAss|Stealth Rock|[from] move: Rapid Spin|[of] p1a: Great Tusk\n|\n|-weather|Snow|[upkeep]\n|upkeep\n|turn|4\n|\n|t:|1695174578\n|-end|p1a: Great Tusk|Protosynthesis|[silent]\n|switch|p1a: Ninetales|Ninetales-Alola, F|100/100\n|move|p2a: Ninetales|Aurora Veil|p2a: Ninetales\n|-sidestart|p2: CNT JuanS13|move: Aurora Veil\n|\n|-weather|Snow|[upkeep]\n|upkeep\n|turn|5\n|\n|t:|1695174584\n|switch|p2a: Kingambit|Kingambit, F|100/100\n|move|p1a: Ninetales|Encore||[still]\n|-fail|p1a: Ninetales\n|\n|-weather|none\n|upkeep\n|turn|6\n|\n|t:|1695174591\n|switch|p1a: Goodra|Goodra-Hisui, M, shiny|100/100\n|move|p2a: Kingambit|Iron Head|p1a: Goodra\n|-resisted|p1a: Goodra\n|-damage|p1a: Goodra|86/100\n|\n|upkeep\n|turn|7\n|\n|t:|1695174596\n|move|p1a: Goodra|Knock Off|p2a: Kingambit\n|-resisted|p2a: Kingambit\n|-damage|p2a: Kingambit|97/100\n|-enditem|p2a: Kingambit|Leftovers|[from] move: Knock Off|[of] p1a: Goodra\n|move|p2a: Kingambit|Kowtow Cleave|p1a: Goodra\n|-damage|p1a: Goodra|50/100\n|\n|upkeep\n|turn|8\n|\n|t:|1695174602\n|-end|p2a: Kingambit|fallenundefined|[silent]\n|switch|p2a: Great Tusk|Great Tusk|100/100\n|move|p1a: Goodra|Body Press|p2a: Great Tusk\n|-damage|p2a: Great Tusk|95/100\n|\n|-heal|p2a: Great Tusk|100/100|[from] item: Leftovers\n|upkeep\n|turn|9\n|\n|t:|1695174613\n|switch|p1a: Ninetales|Ninetales-Alola, F|100/100\n|-weather|Snow|[from] ability: Snow Warning|[of] p1a: Ninetales\n|move|p2a: Great Tusk|Knock Off|p1a: Ninetales\n|-resisted|p1a: Ninetales\n|-damage|p1a: Ninetales|87/100\n|-enditem|p1a: Ninetales|Light Clay|[from] move: Knock Off|[of] p2a: Great Tusk\n|\n|-weather|Snow|[upkeep]\n|upkeep\n|turn|10\n|\n|t:|1695174618\n|-end|p2a: Great Tusk|Protosynthesis|[silent]\n|switch|p2a: Kingambit|Kingambit, F|97/100\n|move|p1a: Ninetales|Aurora Veil|p1a: Ninetales\n|-sidestart|p1: WaslisAss|move: Aurora Veil\n|\n|-weather|Snow|[upkeep]\n|upkeep\n|turn|11\n|\n|t:|1695174623\n|switch|p1a: Goodra|Goodra-Hisui, M, shiny|50/100\n|move|p2a: Kingambit|Iron Head|p1a: Goodra\n|-resisted|p1a: Goodra\n|-damage|p1a: Goodra|42/100\n|\n|-weather|Snow|[upkeep]\n|-sideend|p2: CNT JuanS13|move: Aurora Veil\n|upkeep\n|turn|12\n|\n|t:|1695174627\n|-end|p2a: Kingambit|fallenundefined|[silent]\n|switch|p2a: Great Tusk|Great Tusk|100/100\n|move|p1a: Goodra|Dragon Tail|p2a: Great Tusk\n|-damage|p2a: Great Tusk|90/100\n|-end|p2a: Great Tusk|Protosynthesis|[silent]\n|drag|p2a: Munkidori|Munkidori, M|100/100\n|\n|-weather|Snow|[upkeep]\n|upkeep\n|turn|13\n|\n|t:|1695174634\n|switch|p2a: Great Tusk|Great Tusk|90/100\n|move|p1a: Goodra|Knock Off|p2a: Great Tusk\n|-resisted|p2a: Great Tusk\n|-damage|p2a: Great Tusk|85/100\n|-enditem|p2a: Great Tusk|Leftovers|[from] move: Knock Off|[of] p1a: Goodra\n|\n|-weather|none\n|upkeep\n|turn|14\n|\n|t:|1695174646\n|switch|p1a: Manaphy|Manaphy|100/100\n|move|p2a: Great Tusk|Stealth Rock|p1a: Manaphy\n|-sidestart|p1: WaslisAss|move: Stealth Rock\n|\n|-sideend|p1: WaslisAss|move: Aurora Veil\n|upkeep\n|turn|15\n|\n|t:|1695174654\n|-end|p2a: Great Tusk|Protosynthesis|[silent]\n|switch|p2a: Ninetales|Ninetales-Alola, M|84/100\n|-weather|Snow|[from] ability: Snow Warning|[of] p2a: Ninetales\n|move|p1a: Manaphy|Tail Glow|p1a: Manaphy\n|-boost|p1a: Manaphy|spa|3\n|\n|-weather|Snow|[upkeep]\n|upkeep\n|turn|16\n|\n|t:|1695174656\n|move|p2a: Ninetales|Encore|p1a: Manaphy\n|-start|p1a: Manaphy|Encore\n|move|p1a: Manaphy|Tail Glow|p1a: Manaphy\n|-boost|p1a: Manaphy|spa|3\n|\n|-weather|Snow|[upkeep]\n|upkeep\n|turn|17\n|\n|t:|1695174659\n|switch|p1a: Goodra|Goodra-Hisui, M, shiny|42/100\n|-damage|p1a: Goodra|36/100|[from] Stealth Rock\n|move|p2a: Ninetales|Aurora Veil|p2a: Ninetales\n|-sidestart|p2: CNT JuanS13|move: Aurora Veil\n|\n|-weather|Snow|[upkeep]\n|upkeep\n|turn|18\n|\n|t:|1695174663\n|switch|p2a: Great Tusk|Great Tusk|85/100\n|move|p1a: Goodra|Knock Off|p2a: Great Tusk\n|-resisted|p2a: Great Tusk\n|-damage|p2a: Great Tusk|84/100\n|\n|-weather|Snow|[upkeep]\n|upkeep\n|turn|19\n|\n|t:|1695174666\n|move|p2a: Great Tusk|Earthquake|p1a: Goodra\n|-supereffective|p1a: Goodra\n|-damage|p1a: Goodra|0 fnt\n|faint|p1a: Goodra\n|\n|-weather|none\n|upkeep\n|\n|t:|1695174669\n|switch|p1a: Ninetales|Ninetales-Alola, F|87/100\n|-damage|p1a: Ninetales|63/100|[from] Stealth Rock\n|-weather|Snow|[from] ability: Snow Warning|[of] p1a: Ninetales\n|turn|20\n|\n|t:|1695174673\n|-end|p2a: Great Tusk|Protosynthesis|[silent]\n|switch|p2a: Kingambit|Kingambit, F|97/100\n|move|p1a: Ninetales|Aurora Veil|p1a: Ninetales\n|-sidestart|p1: WaslisAss|move: Aurora Veil\n|\n|-weather|Snow|[upkeep]\n|upkeep\n|turn|21\n|\n|t:|1695174675\n|switch|p1a: Great Tusk|Great Tusk|100/100\n|-damage|p1a: Great Tusk|98/100|[from] Stealth Rock\n|move|p2a: Kingambit|Iron Head|p1a: Great Tusk\n|-damage|p1a: Great Tusk|79/100\n|\n|-weather|Snow|[upkeep]\n|-heal|p1a: Great Tusk|86/100|[from] item: Leftovers\n|upkeep\n|turn|22\n|\n|t:|1695174680\n|-end|p2a: Kingambit|fallenundefined|[silent]\n|switch|p2a: Great Tusk|Great Tusk|84/100\n|move|p1a: Great Tusk|Rapid Spin|p2a: Great Tusk\n|-crit|p2a: Great Tusk\n|-damage|p2a: Great Tusk|72/100\n|-boost|p1a: Great Tusk|spe|1\n|-sideend|p1: WaslisAss|Stealth Rock|[from] move: Rapid Spin|[of] p1a: Great Tusk\n|\n|-weather|Snow|[upkeep]\n|-heal|p1a: Great Tusk|92/100|[from] item: Leftovers\n|upkeep\n|turn|23\n|\n|t:|1695174686\n|move|p1a: Great Tusk|Ice Spinner|p2a: Great Tusk\n|-supereffective|p2a: Great Tusk\n|-damage|p2a: Great Tusk|59/100\n|move|p2a: Great Tusk|Knock Off|p1a: Great Tusk\n|-resisted|p1a: Great Tusk\n|-damage|p1a: Great Tusk|87/100\n|-enditem|p1a: Great Tusk|Leftovers|[from] move: Knock Off|[of] p2a: Great Tusk\n|\n|-weather|Snow|[upkeep]\n|upkeep\n|turn|24\n|\n|t:|1695174696\n|-end|p1a: Great Tusk|Protosynthesis|[silent]\n|switch|p1a: Manaphy|Manaphy|100/100\n|-end|p2a: Great Tusk|Protosynthesis|[silent]\n|switch|p2a: Dondozo|Dondozo, M|100/100\n|\n|-weather|none\n|-sideend|p2: CNT JuanS13|move: Aurora Veil\n|-sideend|p1: WaslisAss|move: Aurora Veil\n|upkeep\n|turn|25\n|\n|t:|1695174698\n|switch|p2a: Ninetales|Ninetales-Alola, M|84/100\n|-weather|Snow|[from] ability: Snow Warning|[of] p2a: Ninetales\n|move|p1a: Manaphy|Energy Ball|p2a: Ninetales\n|-damage|p2a: Ninetales|50/100\n|-unboost|p2a: Ninetales|spd|1\n|\n|-weather|Snow|[upkeep]\n|upkeep\n|turn|26\n|\n|t:|1695174703\n|move|p2a: Ninetales|Aurora Veil|p2a: Ninetales\n|-sidestart|p2: CNT JuanS13|move: Aurora Veil\n|move|p1a: Manaphy|Scald|p2a: Ninetales\n|-damage|p2a: Ninetales|15/100\n|\n|-weather|Snow|[upkeep]\n|upkeep\n|turn|27\n|\n|t:|1695174711\n|switch|p2a: Dondozo|Dondozo, M|100/100\n|move|p1a: Manaphy|Scald|p2a: Dondozo\n|-resisted|p2a: Dondozo\n|-damage|p2a: Dondozo|92/100\n|\n|-weather|Snow|[upkeep]\n|-heal|p2a: Dondozo|98/100|[from] item: Leftovers\n|upkeep\n|turn|28\n|\n|t:|1695174716\n|switch|p1a: Ninetales|Ninetales-Alola, F|63/100\n|switch|p2a: Ninetales|Ninetales-Alola, M|15/100\n|\n|-weather|Snow|[upkeep]\n|upkeep\n|turn|29\n|\n|t:|1695174720\n|switch|p2a: Kingambit|Kingambit, F|97/100\n|move|p1a: Ninetales|Moonblast|p2a: Kingambit\n|-damage|p2a: Kingambit|80/100\n|\n|-weather|none\n|upkeep\n|turn|30\n|\n|t:|1695174724\n|switch|p1a: Great Tusk|Great Tusk|87/100\n|move|p2a: Kingambit|Iron Head|p1a: Great Tusk\n|-damage|p1a: Great Tusk|52/100\n|\n|upkeep\n|turn|31\n|\n|t:|1695174733\n|-end|p2a: Kingambit|fallenundefined|[silent]\n|switch|p2a: Ursaluna|Ursaluna-Bloodmoon, M|100/100\n|move|p1a: Great Tusk|Headlong Rush|p2a: Ursaluna\n|-damage|p2a: Ursaluna|78/100\n|-unboost|p1a: Great Tusk|def|1\n|-unboost|p1a: Great Tusk|spd|1\n|\n|-heal|p2a: Ursaluna|84/100|[from] item: Leftovers\n|upkeep\n|turn|32\n|\n|t:|1695174741\n|-end|p1a: Great Tusk|Protosynthesis|[silent]\n|switch|p1a: Ninetales|Ninetales-Alola, F|63/100\n|-weather|Snow|[from] ability: Snow Warning|[of] p1a: Ninetales\n|move|p2a: Ursaluna|Calm Mind|p2a: Ursaluna\n|-boost|p2a: Ursaluna|spa|1\n|-boost|p2a: Ursaluna|spd|1\n|\n|-weather|Snow|[upkeep]\n|-heal|p2a: Ursaluna|90/100|[from] item: Leftovers\n|upkeep\n|turn|33\n|\n|t:|1695174744\n|move|p1a: Ninetales|Encore|p2a: Ursaluna\n|-start|p2a: Ursaluna|Encore\n|move|p2a: Ursaluna|Calm Mind|p2a: Ursaluna\n|-boost|p2a: Ursaluna|spa|1\n|-boost|p2a: Ursaluna|spd|1\n|\n|-weather|Snow|[upkeep]\n|-heal|p2a: Ursaluna|96/100|[from] item: Leftovers\n|-sideend|p2: CNT JuanS13|move: Aurora Veil\n|upkeep\n|turn|34\n|\n|t:|1695174749\n|switch|p1a: Torterra|Torterra, F, shiny|100/100\n|switch|p2a: Kingambit|Kingambit, F|80/100\n|\n|-weather|Snow|[upkeep]\n|upkeep\n|turn|35\n|\n|t:|1695174753\n|-end|p2a: Kingambit|fallenundefined|[silent]\n|switch|p2a: Dondozo|Dondozo, M|98/100\n|move|p1a: Torterra|Headlong Rush|p2a: Dondozo\n|-damage|p2a: Dondozo|74/100\n|-unboost|p1a: Torterra|def|1\n|-unboost|p1a: Torterra|spd|1\n|\n|-weather|Snow|[upkeep]\n|-heal|p2a: Dondozo|80/100|[from] item: Leftovers\n|upkeep\n|turn|36\n|\n|t:|1695174759\n|switch|p1a: Ninetales|Ninetales-Alola, F|63/100\n|move|p2a: Dondozo|Liquidation|p1a: Ninetales\n|-damage|p1a: Ninetales|34/100\n|\n|-weather|none\n|-heal|p2a: Dondozo|87/100|[from] item: Leftovers\n|upkeep\n|turn|37\n|\n|t:|1695174766\n|switch|p1a: Manaphy|Manaphy|100/100\n|move|p2a: Dondozo|Liquidation|p1a: Manaphy\n|-resisted|p1a: Manaphy\n|-damage|p1a: Manaphy|88/100\n|-unboost|p1a: Manaphy|def|1\n|\n|-heal|p1a: Manaphy|94/100|[from] item: Leftovers\n|-heal|p2a: Dondozo|93/100|[from] item: Leftovers\n|upkeep\n|turn|38\n|\n|t:|1695174768\n|switch|p2a: Ninetales|Ninetales-Alola, M|15/100\n|-weather|Snow|[from] ability: Snow Warning|[of] p2a: Ninetales\n|move|p1a: Manaphy|Energy Ball|p2a: Ninetales\n|-damage|p2a: Ninetales|0 fnt\n|faint|p2a: Ninetales\n|\n|-weather|Snow|[upkeep]\n|-heal|p1a: Manaphy|100/100|[from] item: Leftovers\n|upkeep\n|\n|t:|1695174774\n|switch|p2a: Munkidori|Munkidori, M|100/100\n|turn|39\n|\n|t:|1695174781\n|switch|p1a: Kingambit|Kingambit, F|100/100\n|-activate|p1a: Kingambit|ability: Supreme Overlord\n|-start|p1a: Kingambit|fallen1|[silent]\n|-item|p1a: Kingambit|Air Balloon\n|move|p2a: Munkidori|Nasty Plot|p2a: Munkidori\n|-boost|p2a: Munkidori|spa|2\n|\n|-weather|Snow|[upkeep]\n|upkeep\n|turn|40\n|\n|t:|1695174788\n|switch|p2a: Dondozo|Dondozo, M|93/100\n|move|p1a: Kingambit|Kowtow Cleave|p2a: Dondozo\n|-damage|p2a: Dondozo|68/100\n|\n|-weather|Snow|[upkeep]\n|-heal|p2a: Dondozo|74/100|[from] item: Leftovers\n|upkeep\n|turn|41\n|\n|t:|1695174792\n|-end|p1a: Kingambit|fallen1|[silent]\n|switch|p1a: Ninetales|Ninetales-Alola, F|34/100\n|switch|p2a: Munkidori|Munkidori, M|100/100\n|\n|-weather|Snow|[upkeep]\n|upkeep\n|turn|42\n|\n|t:|1695174794\n|move|p1a: Ninetales|Aurora Veil|p1a: Ninetales\n|-sidestart|p1: WaslisAss|move: Aurora Veil\n|move|p2a: Munkidori|Sludge Wave|p1a: Ninetales\n|-supereffective|p1a: Ninetales\n|-damage|p1a: Ninetales|0 fnt\n|faint|p1a: Ninetales\n|\n|-weather|none\n|upkeep\n|\n|t:|1695174797\n|switch|p1a: Torterra|Torterra, F, shiny|100/100\n|turn|43\n|\n|t:|1695174802\n|switch|p2a: Great Tusk|Great Tusk|59/100\n|move|p1a: Torterra|Shell Smash|p1a: Torterra\n|-unboost|p1a: Torterra|def|1\n|-unboost|p1a: Torterra|spd|1\n|-boost|p1a: Torterra|atk|2\n|-boost|p1a: Torterra|spa|2\n|-boost|p1a: Torterra|spe|2\n|\n|upkeep\n|turn|44\n|\n|t:|1695174806\n|move|p1a: Torterra|Bullet Seed|p2a: Great Tusk\n|-supereffective|p2a: Great Tusk\n|-damage|p2a: Great Tusk|36/100\n|-supereffective|p2a: Great Tusk\n|-damage|p2a: Great Tusk|15/100\n|-supereffective|p2a: Great Tusk\n|-damage|p2a: Great Tusk|0 fnt\n|faint|p2a: Great Tusk\n|-end|p2a: Great Tusk|Protosynthesis|[silent]\n|-hitcount|p2: Great Tusk|3\n|\n|upkeep\n|\n|t:|1695174808\n|switch|p2a: Dondozo|Dondozo, M|74/100\n|turn|45\n|\n|t:|1695174835\n|move|p1a: Torterra|Bullet Seed|p2a: Dondozo\n|-supereffective|p2a: Dondozo\n|-crit|p2a: Dondozo\n|-damage|p2a: Dondozo|58/100\n|-supereffective|p2a: Dondozo\n|-damage|p2a: Dondozo|48/100\n|-supereffective|p2a: Dondozo\n|-damage|p2a: Dondozo|37/100\n|-supereffective|p2a: Dondozo\n|-damage|p2a: Dondozo|26/100\n|-hitcount|p2a: Dondozo|4\n|move|p2a: Dondozo|Rest|p2a: Dondozo\n|-status|p2a: Dondozo|slp|[from] move: Rest\n|-heal|p2a: Dondozo|100/100 slp|[silent]\n|\n|upkeep\n|turn|46\n|\n|t:|1695174844\n|move|p1a: Torterra|Bullet Seed|p2a: Dondozo\n|-supereffective|p2a: Dondozo\n|-damage|p2a: Dondozo|91/100 slp\n|-supereffective|p2a: Dondozo\n|-damage|p2a: Dondozo|79/100 slp\n|-supereffective|p2a: Dondozo\n|-damage|p2a: Dondozo|68/100 slp\n|-supereffective|p2a: Dondozo\n|-damage|p2a: Dondozo|57/100 slp\n|-hitcount|p2a: Dondozo|4\n|cant|p2a: Dondozo|slp\n|move|p2a: Dondozo|Sleep Talk|p2a: Dondozo\n|move|p2a: Dondozo|Curse|p2a: Dondozo|[from]move: Sleep Talk\n|-unboost|p2a: Dondozo|spe|1\n|-boost|p2a: Dondozo|atk|1\n|-boost|p2a: Dondozo|def|1\n|\n|-heal|p2a: Dondozo|63/100 slp|[from] item: Leftovers\n|-sideend|p1: WaslisAss|move: Aurora Veil\n|upkeep\n|turn|47\n|\n|t:|1695174850\n|move|p1a: Torterra|Bullet Seed|p2a: Dondozo\n|-supereffective|p2a: Dondozo\n|-damage|p2a: Dondozo|56/100 slp\n|-supereffective|p2a: Dondozo\n|-damage|p2a: Dondozo|49/100 slp\n|-supereffective|p2a: Dondozo\n|-damage|p2a: Dondozo|42/100 slp\n|-supereffective|p2a: Dondozo\n|-damage|p2a: Dondozo|34/100 slp\n|-supereffective|p2a: Dondozo\n|-damage|p2a: Dondozo|26/100 slp\n|-hitcount|p2a: Dondozo|5\n|cant|p2a: Dondozo|slp\n|move|p2a: Dondozo|Sleep Talk|p2a: Dondozo\n|move|p2a: Dondozo|Liquidation|p1a: Torterra|[from]move: Sleep Talk\n|-damage|p1a: Torterra|60/100\n|-unboost|p1a: Torterra|def|1\n|\n|-heal|p2a: Dondozo|32/100 slp|[from] item: Leftovers\n|upkeep\n|turn|48\n|\n|t:|1695174864\n|move|p1a: Torterra|Bullet Seed|p2a: Dondozo\n|-supereffective|p2a: Dondozo\n|-damage|p2a: Dondozo|24/100 slp\n|-supereffective|p2a: Dondozo\n|-damage|p2a: Dondozo|17/100 slp\n|-supereffective|p2a: Dondozo\n|-damage|p2a: Dondozo|10/100 slp\n|-supereffective|p2a: Dondozo\n|-damage|p2a: Dondozo|3/100 slp\n|-hitcount|p2a: Dondozo|4\n|-curestatus|p2a: Dondozo|slp|[msg]\n|move|p2a: Dondozo|Rest|p2a: Dondozo\n|-status|p2a: Dondozo|slp|[from] move: Rest\n|-heal|p2a: Dondozo|100/100 slp|[silent]\n|\n|upkeep\n|turn|49\n|\n|t:|1695174877\n|switch|p1a: Manaphy|Manaphy|100/100\n|cant|p2a: Dondozo|slp\n|move|p2a: Dondozo|Sleep Talk|p2a: Dondozo\n|move|p2a: Dondozo|Curse|p2a: Dondozo|[from]move: Sleep Talk\n|-unboost|p2a: Dondozo|spe|1\n|-boost|p2a: Dondozo|atk|1\n|-boost|p2a: Dondozo|def|1\n|\n|upkeep\n|turn|50\n|\n|t:|1695174884\n|switch|p2a: Munkidori|Munkidori, M|100/100\n|move|p1a: Manaphy|Energy Ball|p2a: Munkidori\n|-resisted|p2a: Munkidori\n|-damage|p2a: Munkidori|83/100\n|\n|upkeep\n|turn|51\n|\n|t:|1695174890\n|switch|p1a: Great Tusk|Great Tusk|52/100\n|move|p2a: Munkidori|Nasty Plot|p2a: Munkidori\n|-boost|p2a: Munkidori|spa|2\n|\n|upkeep\n|turn|52\n|\n|t:|1695174893\n|move|p2a: Munkidori|Psyshock|p1a: Great Tusk\n|-supereffective|p1a: Great Tusk\n|-damage|p1a: Great Tusk|0 fnt\n|faint|p1a: Great Tusk\n|-end|p1a: Great Tusk|Protosynthesis|[silent]\n|\n|upkeep\n|\n|t:|1695174896\n|switch|p1a: Kingambit|Kingambit, F|100/100\n|-activate|p1a: Kingambit|ability: Supreme Overlord\n|-start|p1a: Kingambit|fallen3|[silent]\n|-item|p1a: Kingambit|Air Balloon\n|turn|53\n|\n|t:|1695174898\n|-terastallize|p2a: Munkidori|Fire\n|move|p1a: Kingambit|Sucker Punch|p2a: Munkidori\n|-damage|p2a: Munkidori|5/100\n|-enditem|p2a: Munkidori|Salac Berry|[eat]\n|-boost|p2a: Munkidori|spe|1|[from] item: Salac Berry\n|move|p2a: Munkidori|Tera Blast|p1a: Kingambit\n|-supereffective|p1a: Kingambit\n|-damage|p1a: Kingambit|0 fnt\n|-enditem|p1a: Kingambit|Air Balloon\n|faint|p1a: Kingambit\n|-end|p1a: Kingambit|fallen3|[silent]\n|\n|upkeep\n|\n|t:|1695174905\n|switch|p1a: Manaphy|Manaphy|100/100\n|turn|54\n|\n|t:|1695174909\n|move|p2a: Munkidori|Sludge Wave|p1a: Manaphy\n|-damage|p1a: Manaphy|18/100\n|-status|p1a: Manaphy|tox|[from] ability: Toxic Chain|[of] p2a: Munkidori\n|move|p1a: Manaphy|Scald|p2a: Munkidori\n|-supereffective|p2a: Munkidori\n|-crit|p2a: Munkidori\n|-damage|p2a: Munkidori|0 fnt\n|faint|p2a: Munkidori\n|\n|-heal|p1a: Manaphy|24/100 tox|[from] item: Leftovers\n|-damage|p1a: Manaphy|18/100 tox|[from] psn\n|upkeep\n|\n|t:|1695174916\n|switch|p2a: Kingambit|Kingambit, F|80/100\n|-activate|p2a: Kingambit|ability: Supreme Overlord\n|-start|p2a: Kingambit|fallen3|[silent]\n|turn|55\n|\n|t:|1695174922\n|switch|p1a: Torterra|Torterra, F, shiny|60/100\n|move|p2a: Kingambit|Sucker Punch||[still]\n|-fail|p2a: Kingambit\n|\n|upkeep\n|turn|56\n|\n|t:|1695174926\n|move|p1a: Torterra|Headlong Rush|p2a: Kingambit\n|-supereffective|p2a: Kingambit\n|-damage|p2a: Kingambit|0 fnt\n|-unboost|p1a: Torterra|def|1\n|-unboost|p1a: Torterra|spd|1\n|faint|p2a: Kingambit\n|-end|p2a: Kingambit|fallen3|[silent]\n|\n|upkeep\n|\n|t:|1695174933\n|switch|p2a: Dondozo|Dondozo, M|100/100 slp\n|turn|57\n|\n|t:|1695174938\n|switch|p1a: Manaphy|Manaphy|18/100 tox\n|cant|p2a: Dondozo|slp\n|move|p2a: Dondozo|Sleep Talk|p2a: Dondozo\n|move|p2a: Dondozo|Curse|p2a: Dondozo|[from]move: Sleep Talk\n|-unboost|p2a: Dondozo|spe|1\n|-boost|p2a: Dondozo|atk|1\n|-boost|p2a: Dondozo|def|1\n|\n|-heal|p1a: Manaphy|24/100 tox|[from] item: Leftovers\n|-damage|p1a: Manaphy|18/100 tox|[from] psn\n|upkeep\n|turn|58\n|\n|t:|1695174943\n|move|p1a: Manaphy|Energy Ball|p2a: Dondozo\n|-supereffective|p2a: Dondozo\n|-damage|p2a: Dondozo|49/100 slp\n|-curestatus|p2a: Dondozo|slp|[msg]\n|move|p2a: Dondozo|Liquidation|p1a: Manaphy\n|-resisted|p1a: Manaphy\n|-damage|p1a: Manaphy|0 fnt\n|faint|p1a: Manaphy\n|\n|-heal|p2a: Dondozo|55/100|[from] item: Leftovers\n|upkeep\n|\n|t:|1695174949\n|switch|p1a: Torterra|Torterra, F, shiny|60/100\n|turn|59\n|\n|t:|1695174951\n|move|p1a: Torterra|Bullet Seed|p2a: Dondozo\n|-supereffective|p2a: Dondozo\n|-damage|p2a: Dondozo|47/100\n|-supereffective|p2a: Dondozo\n|-damage|p2a: Dondozo|40/100\n|-supereffective|p2a: Dondozo\n|-damage|p2a: Dondozo|33/100\n|-supereffective|p2a: Dondozo\n|-damage|p2a: Dondozo|25/100\n|-supereffective|p2a: Dondozo\n|-damage|p2a: Dondozo|18/100\n|-hitcount|p2a: Dondozo|5\n|move|p2a: Dondozo|Rest|p2a: Dondozo\n|-status|p2a: Dondozo|slp|[from] move: Rest\n|-heal|p2a: Dondozo|100/100 slp|[silent]\n|\n|upkeep\n|turn|60\n|\n|t:|1695174960\n|move|p1a: Torterra|Bullet Seed|p2a: Dondozo\n|-supereffective|p2a: Dondozo\n|-damage|p2a: Dondozo|93/100 slp\n|-supereffective|p2a: Dondozo\n|-damage|p2a: Dondozo|86/100 slp\n|-supereffective|p2a: Dondozo\n|-damage|p2a: Dondozo|79/100 slp\n|-supereffective|p2a: Dondozo\n|-damage|p2a: Dondozo|72/100 slp\n|-hitcount|p2a: Dondozo|4\n|cant|p2a: Dondozo|slp\n|move|p2a: Dondozo|Sleep Talk|p2a: Dondozo\n|move|p2a: Dondozo|Rest||[from]move: Sleep Talk|[still]\n|-fail|p2a: Dondozo\n|\n|-heal|p2a: Dondozo|78/100 slp|[from] item: Leftovers\n|upkeep\n|turn|61\n|\n|t:|1695174975\n|move|p1a: Torterra|Bullet Seed|p2a: Dondozo\n|-supereffective|p2a: Dondozo\n|-damage|p2a: Dondozo|71/100 slp\n|-supereffective|p2a: Dondozo\n|-damage|p2a: Dondozo|63/100 slp\n|-supereffective|p2a: Dondozo\n|-damage|p2a: Dondozo|56/100 slp\n|-supereffective|p2a: Dondozo\n|-damage|p2a: Dondozo|49/100 slp\n|-hitcount|p2a: Dondozo|4\n|cant|p2a: Dondozo|slp\n|move|p2a: Dondozo|Sleep Talk|p2a: Dondozo\n|move|p2a: Dondozo|Rest||[from]move: Sleep Talk|[still]\n|-fail|p2a: Dondozo\n|\n|-heal|p2a: Dondozo|55/100 slp|[from] item: Leftovers\n|upkeep\n|turn|62\n|\n|t:|1695174992\n|move|p1a: Torterra|Bullet Seed|p2a: Dondozo\n|-supereffective|p2a: Dondozo\n|-damage|p2a: Dondozo|48/100 slp\n|-supereffective|p2a: Dondozo\n|-damage|p2a: Dondozo|41/100 slp\n|-supereffective|p2a: Dondozo\n|-damage|p2a: Dondozo|33/100 slp\n|-supereffective|p2a: Dondozo\n|-damage|p2a: Dondozo|25/100 slp\n|-supereffective|p2a: Dondozo\n|-damage|p2a: Dondozo|18/100 slp\n|-hitcount|p2a: Dondozo|5\n|-curestatus|p2a: Dondozo|slp|[msg]\n|move|p2a: Dondozo|Rest|p2a: Dondozo\n|-status|p2a: Dondozo|slp|[from] move: Rest\n|-heal|p2a: Dondozo|100/100 slp|[silent]\n|\n|upkeep\n|turn|63\n|\n|t:|1695175004\n|move|p1a: Torterra|Bullet Seed|p2a: Dondozo\n|-supereffective|p2a: Dondozo\n|-damage|p2a: Dondozo|93/100 slp\n|-supereffective|p2a: Dondozo\n|-damage|p2a: Dondozo|86/100 slp\n|-supereffective|p2a: Dondozo\n|-crit|p2a: Dondozo\n|-damage|p2a: Dondozo|72/100 slp\n|-supereffective|p2a: Dondozo\n|-damage|p2a: Dondozo|64/100 slp\n|-hitcount|p2a: Dondozo|4\n|cant|p2a: Dondozo|slp\n|move|p2a: Dondozo|Sleep Talk|p2a: Dondozo\n|move|p2a: Dondozo|Curse|p2a: Dondozo|[from]move: Sleep Talk\n|-unboost|p2a: Dondozo|spe|1\n|-boost|p2a: Dondozo|atk|1\n|-boost|p2a: Dondozo|def|1\n|\n|-heal|p2a: Dondozo|71/100 slp|[from] item: Leftovers\n|upkeep\n|turn|64\n|\n|t:|1695175014\n|move|p1a: Torterra|Bullet Seed|p2a: Dondozo\n|-supereffective|p2a: Dondozo\n|-damage|p2a: Dondozo|65/100 slp\n|-supereffective|p2a: Dondozo\n|-damage|p2a: Dondozo|59/100 slp\n|-supereffective|p2a: Dondozo\n|-damage|p2a: Dondozo|54/100 slp\n|-supereffective|p2a: Dondozo\n|-damage|p2a: Dondozo|48/100 slp\n|-supereffective|p2a: Dondozo\n|-damage|p2a: Dondozo|42/100 slp\n|-hitcount|p2a: Dondozo|5\n|cant|p2a: Dondozo|slp\n|move|p2a: Dondozo|Sleep Talk|p2a: Dondozo\n|move|p2a: Dondozo|Rest||[from]move: Sleep Talk|[still]\n|-fail|p2a: Dondozo\n|\n|-heal|p2a: Dondozo|49/100 slp|[from] item: Leftovers\n|upkeep\n|turn|65\n|\n|t:|1695175026\n|move|p1a: Torterra|Bullet Seed|p2a: Dondozo\n|-supereffective|p2a: Dondozo\n|-damage|p2a: Dondozo|43/100 slp\n|-supereffective|p2a: Dondozo\n|-damage|p2a: Dondozo|36/100 slp\n|-supereffective|p2a: Dondozo\n|-damage|p2a: Dondozo|30/100 slp\n|-supereffective|p2a: Dondozo\n|-damage|p2a: Dondozo|24/100 slp\n|-hitcount|p2a: Dondozo|4\n|-curestatus|p2a: Dondozo|slp|[msg]\n|move|p2a: Dondozo|Rest|p2a: Dondozo\n|-status|p2a: Dondozo|slp|[from] move: Rest\n|-heal|p2a: Dondozo|100/100 slp|[silent]\n|\n|upkeep\n|turn|66\n|\n|t:|1695175037\n|move|p1a: Torterra|Bullet Seed|p2a: Dondozo\n|-supereffective|p2a: Dondozo\n|-damage|p2a: Dondozo|95/100 slp\n|-supereffective|p2a: Dondozo\n|-damage|p2a: Dondozo|89/100 slp\n|-supereffective|p2a: Dondozo\n|-damage|p2a: Dondozo|84/100 slp\n|-supereffective|p2a: Dondozo\n|-damage|p2a: Dondozo|79/100 slp\n|-hitcount|p2a: Dondozo|4\n|cant|p2a: Dondozo|slp\n|move|p2a: Dondozo|Sleep Talk|p2a: Dondozo\n|move|p2a: Dondozo|Curse|p2a: Dondozo|[from]move: Sleep Talk\n|-unboost|p2a: Dondozo|spe|1\n|-boost|p2a: Dondozo|atk|1\n|-boost|p2a: Dondozo|def|1\n|\n|-heal|p2a: Dondozo|85/100 slp|[from] item: Leftovers\n|upkeep\n|turn|67\n|inactive|Battle timer is ON: inactive players will automatically lose when time's up. (requested by CNT JuanS13)\n|\n|t:|1695175046\n|move|p1a: Torterra|Bullet Seed|p2a: Dondozo\n|-supereffective|p2a: Dondozo\n|-damage|p2a: Dondozo|80/100 slp\n|-supereffective|p2a: Dondozo\n|-damage|p2a: Dondozo|75/100 slp\n|-supereffective|p2a: Dondozo\n|-damage|p2a: Dondozo|71/100 slp\n|-supereffective|p2a: Dondozo\n|-damage|p2a: Dondozo|66/100 slp\n|-supereffective|p2a: Dondozo\n|-damage|p2a: Dondozo|61/100 slp\n|-hitcount|p2a: Dondozo|5\n|cant|p2a: Dondozo|slp\n|move|p2a: Dondozo|Sleep Talk|p2a: Dondozo\n|move|p2a: Dondozo|Liquidation|p1a: Torterra|[from]move: Sleep Talk\n|-damage|p1a: Torterra|0 fnt\n|faint|p1a: Torterra\n|\n|win|CNT JuanS13\n|raw|WaslisAss's rating: 1346 &rarr; <strong>1327</strong><br />(-19 for losing)\n|raw|CNT JuanS13's rating: 1358 &rarr; <strong>1377</strong><br />(+19 for winning)\n", "uploadtime": 1695175051, "views": 4, "p1id": "waslisass", "p2id": "cntjuans13", "formatid": "gen9ou", "rating": 1327, "private": 0, "password": ""}