{"id": "gen9ou-1947505025", "p1": "nothingwith3gs", "p2": "Pokemaster123j", "format": "gen9ou", "log": "|j|\u2606nothingwith3gs\n|j|\u2606Pokemaster123j\n|t:|1695167211\n|gametype|singles\n|player|p1|nothingwith3gs|ghetsis|\n|player|p2|Pokemaster123j|2|\n|teamsize|p1|6\n|teamsize|p2|6\n|gen|9\n|tier|[Gen 9] OU\n|rule|Sleep Clause Mod: Limit one foe put to sleep\n|rule|Species Clause: Limit one of each Pok\u00e9mon\n|rule|OHKO Clause: OHKO moves are banned\n|rule|Evasion Items Clause: Evasion items are banned\n|rule|Evasion Moves Clause: Evasion moves are banned\n|rule|Endless Battle Clause: Forcing endless battles is banned\n|rule|HP Percentage Mod: HP is shown in percentages\n|clearpoke\n|poke|p1|Ribombee, M|\n|poke|p1|Ogerpon-Hearthflame, F|\n|poke|p1|Great Tusk|\n|poke|p1|Dondozo, F|\n|poke|p1|Vikavolt, F|\n|poke|p1|Dragonite, F|\n|poke|p2|Zamazenta-*|\n|poke|p2|Kommo-o, F|\n|poke|p2|Kingambit, F|\n|poke|p2|Murkrow, F|\n|poke|p2|Cloyster, F|\n|poke|p2|Hoopa-Unbound|\n|teampreview\n|\n|t:|1695167220\n|start\n|switch|p1a: Ribombee|Ribombee, M, shiny|100/100\n|switch|p2a: Murkrow|Murkrow, F|100/100\n|turn|1\n|\n|t:|1695167229\n|move|p2a: Murkrow|Thunder Wave|p1a: Ribombee\n|-status|p1a: Ribombee|par\n|move|p1a: Ribombee|Trick|p2a: Murkrow\n|-activate|p1a: Ribombee|move: Trick|[of] p2a: Murkrow\n|-item|p2a: Murkrow|Choice Scarf|[from] move: Trick\n|-item|p1a: Ribombee|Eviolite|[from] move: Trick\n|\n|upkeep\n|turn|2\n|\n|t:|1695167237\n|move|p2a: Murkrow|Confuse Ray|p1a: Ribombee\n|-start|p1a: Ribombee|confusion\n|-activate|p1a: Ribombee|confusion\n|-damage|p1a: Ribombee|91/100 par|[from] confusion\n|\n|upkeep\n|turn|3\n|\n|t:|1695167249\n|switch|p2a: Cloyster|Cloyster, F|100/100\n|-activate|p1a: Ribombee|confusion\n|-damage|p1a: Ribombee|80/100 par|[from] confusion\n|\n|upkeep\n|turn|4\n|\n|t:|1695167259\n|-end|p1a: Ribombee|confusion\n|move|p1a: Ribombee|Trick|p2a: Cloyster\n|-activate|p1a: Ribombee|move: Trick|[of] p2a: Cloyster\n|-item|p2a: Cloyster|Eviolite|[from] move: Trick\n|-item|p1a: Ribombee|White Herb|[from] move: Trick\n|move|p2a: Cloyster|Shell Smash|p2a: Cloyster\n|-unboost|p2a: Cloyster|def|1\n|-unboost|p2a: Cloyster|spd|1\n|-boost|p2a: Cloyster|atk|2\n|-boost|p2a: Cloyster|spa|2\n|-boost|p2a: Cloyster|spe|2\n|\n|upkeep\n|turn|5\n|\n|t:|1695167274\n|move|p2a: Cloyster|Icicle Spear|p1a: Ribombee\n|-damage|p1a: Ribombee|49/100 par\n|-damage|p1a: Ribombee|15/100 par\n|-damage|p1a: Ribombee|0 fnt\n|faint|p1a: Ribombee\n|-hitcount|p1: Ribombee|3\n|\n|upkeep\n|\n|t:|1695167284\n|switch|p1a: Vikavolt|Vikavolt, F, shiny|100/100\n|turn|6\n|\n|t:|1695167288\n|move|p2a: Cloyster|Rock Blast|p1a: Vikavolt\n|-supereffective|p1a: Vikavolt\n|-damage|p1a: Vikavolt|71/100\n|-supereffective|p1a: Vikavolt\n|-damage|p1a: Vikavolt|42/100\n|-supereffective|p1a: Vikavolt\n|-crit|p1a: Vikavolt\n|-damage|p1a: Vikavolt|0 fnt\n|faint|p1a: Vikavolt\n|-hitcount|p1: Vikavolt|3\n|\n|upkeep\n|\n|t:|1695167292\n|switch|p1a: Dondozo|Dondozo, F|100/100\n|turn|7\n|\n|t:|1695167304\n|move|p2a: Cloyster|Rock Blast|p1a: Dondozo\n|-damage|p1a: Dondozo|95/100\n|-damage|p1a: Dondozo|90/100\n|-damage|p1a: Dondozo|85/100\n|-damage|p1a: Dondozo|80/100\n|-damage|p1a: Dondozo|75/100\n|-hitcount|p1a: Dondozo|5\n|move|p1a: Dondozo|Curse|p1a: Dondozo\n|-unboost|p1a: Dondozo|spe|1\n|-boost|p1a: Dondozo|atk|1\n|-boost|p1a: Dondozo|def|1\n|\n|-heal|p1a: Dondozo|81/100|[from] item: Leftovers\n|upkeep\n|turn|8\n|\n|t:|1695167318\n|move|p2a: Cloyster|Shell Smash|p2a: Cloyster\n|-unboost|p2a: Cloyster|def|1\n|-unboost|p2a: Cloyster|spd|1\n|-boost|p2a: Cloyster|atk|2\n|-boost|p2a: Cloyster|spa|2\n|-boost|p2a: Cloyster|spe|2\n|move|p1a: Dondozo|Curse|p1a: Dondozo\n|-unboost|p1a: Dondozo|spe|1\n|-boost|p1a: Dondozo|atk|1\n|-boost|p1a: Dondozo|def|1\n|\n|-heal|p1a: Dondozo|87/100|[from] item: Leftovers\n|upkeep\n|turn|9\n|\n|t:|1695167330\n|move|p2a: Cloyster|Icicle Spear|p1a: Dondozo\n|-resisted|p1a: Dondozo\n|-damage|p1a: Dondozo|84/100\n|-resisted|p1a: Dondozo\n|-damage|p1a: Dondozo|82/100\n|-resisted|p1a: Dondozo\n|-damage|p1a: Dondozo|79/100\n|-resisted|p1a: Dondozo\n|-damage|p1a: Dondozo|76/100\n|-resisted|p1a: Dondozo\n|-damage|p1a: Dondozo|74/100\n|-hitcount|p1a: Dondozo|5\n|move|p1a: Dondozo|Body Press|p2a: Cloyster\n|-supereffective|p2a: Cloyster\n|-damage|p2a: Cloyster|0 fnt\n|faint|p2a: Cloyster\n|\n|-heal|p1a: Dondozo|80/100|[from] item: Leftovers\n|upkeep\n|\n|t:|1695167347\n|switch|p2a: Murkrow|Murkrow, F|100/100\n|turn|10\n|\n|t:|1695167352\n|move|p2a: Murkrow|Taunt|p1a: Dondozo\n|-immune|p1a: Dondozo|[from] ability: Oblivious\n|move|p1a: Dondozo|Body Press|p2a: Murkrow\n|-damage|p2a: Murkrow|0 fnt\n|faint|p2a: Murkrow\n|\n|-heal|p1a: Dondozo|86/100|[from] item: Leftovers\n|upkeep\n|\n|t:|1695167368\n|switch|p2a: Hoopa|Hoopa-Unbound|100/100\n|turn|11\n|\n|t:|1695167375\n|move|p2a: Hoopa|Gunk Shot|p1a: Dondozo|[miss]\n|-miss|p2a: Hoopa|p1a: Dondozo\n|move|p1a: Dondozo|Body Press|p2a: Hoopa\n|-damage|p2a: Hoopa|23/100\n|\n|-heal|p1a: Dondozo|92/100|[from] item: Leftovers\n|upkeep\n|turn|12\n|\n|t:|1695167384\n|move|p2a: Hoopa|Gunk Shot|p1a: Dondozo|[miss]\n|-miss|p2a: Hoopa|p1a: Dondozo\n|move|p1a: Dondozo|Body Press|p2a: Hoopa\n|-damage|p2a: Hoopa|0 fnt\n|faint|p2a: Hoopa\n|\n|-heal|p1a: Dondozo|99/100|[from] item: Leftovers\n|upkeep\n|\n|t:|1695167394\n|switch|p2a: Kommo-o|Kommo-o, F|100/100\n|turn|13\n|\n|t:|1695167415\n|-terastallize|p1a: Dondozo|Fighting\n|move|p2a: Kommo-o|Draco Meteor|p1a: Dondozo\n|-damage|p1a: Dondozo|41/100\n|-unboost|p2a: Kommo-o|spa|2\n|move|p1a: Dondozo|Body Press|p2a: Kommo-o\n|-damage|p2a: Kommo-o|18/100\n|-enditem|p2a: Kommo-o|Aguav Berry|[eat]\n|-heal|p2a: Kommo-o|52/100|[from] item: Aguav Berry\n|\n|-heal|p1a: Dondozo|47/100|[from] item: Leftovers\n|upkeep\n|turn|14\n|\n|t:|1695167435\n|move|p2a: Kommo-o|Boomburst|p1a: Dondozo\n|-damage|p1a: Dondozo|26/100\n|move|p1a: Dondozo|Rest|p1a: Dondozo\n|-status|p1a: Dondozo|slp|[from] move: Rest\n|-heal|p1a: Dondozo|100/100 slp|[silent]\n|\n|upkeep\n|turn|15\n|\n|t:|1695167447\n|move|p2a: Kommo-o|Clangorous Soul|p2a: Kommo-o\n|-boost|p2a: Kommo-o|atk|1\n|-boost|p2a: Kommo-o|def|1\n|-boost|p2a: Kommo-o|spa|1\n|-boost|p2a: Kommo-o|spd|1\n|-boost|p2a: Kommo-o|spe|1\n|-damage|p2a: Kommo-o|19/100\n|cant|p1a: Dondozo|slp\n|move|p1a: Dondozo|Sleep Talk|p1a: Dondozo\n|move|p1a: Dondozo|Curse|p1a: Dondozo|[from]move: Sleep Talk\n|-unboost|p1a: Dondozo|spe|1\n|-boost|p1a: Dondozo|atk|1\n|-boost|p1a: Dondozo|def|1\n|\n|upkeep\n|turn|16\n|\n|t:|1695167461\n|move|p2a: Kommo-o|Draco Meteor|p1a: Dondozo\n|-damage|p1a: Dondozo|66/100 slp\n|-unboost|p2a: Kommo-o|spa|2\n|cant|p1a: Dondozo|slp\n|move|p1a: Dondozo|Sleep Talk|p1a: Dondozo\n|move|p1a: Dondozo|Curse|p1a: Dondozo|[from]move: Sleep Talk\n|-unboost|p1a: Dondozo|spe|1\n|-boost|p1a: Dondozo|atk|1\n|-boost|p1a: Dondozo|def|1\n|\n|-heal|p1a: Dondozo|72/100 slp|[from] item: Leftovers\n|upkeep\n|turn|17\n|\n|t:|1695167475\n|move|p2a: Kommo-o|Draco Meteor|p1a: Dondozo\n|-damage|p1a: Dondozo|50/100 slp\n|-unboost|p2a: Kommo-o|spa|2\n|-curestatus|p1a: Dondozo|slp|[msg]\n|move|p1a: Dondozo|Sleep Talk||[still]\n|-fail|p1a: Dondozo\n|\n|-heal|p1a: Dondozo|56/100|[from] item: Leftovers\n|upkeep\n|turn|18\n|\n|t:|1695167491\n|move|p2a: Kommo-o|Draco Meteor|p1a: Dondozo\n|-damage|p1a: Dondozo|41/100\n|-unboost|p2a: Kommo-o|spa|1\n|move|p1a: Dondozo|Body Press|p2a: Kommo-o\n|-damage|p2a: Kommo-o|0 fnt\n|faint|p2a: Kommo-o\n|\n|-heal|p1a: Dondozo|48/100|[from] item: Leftovers\n|upkeep\n|\n|t:|1695167502\n|switch|p2a: Zamazenta|Zamazenta|100/100\n|-ability|p2a: Zamazenta|Dauntless Shield|boost\n|-boost|p2a: Zamazenta|def|1\n|turn|19\n|\n|t:|1695167513\n|move|p2a: Zamazenta|Reflect|p2a: Zamazenta\n|-sidestart|p2: Pokemaster123j|Reflect\n|move|p1a: Dondozo|Body Press|p2a: Zamazenta\n|-damage|p2a: Zamazenta|70/100\n|\n|-heal|p1a: Dondozo|54/100|[from] item: Leftovers\n|upkeep\n|turn|20\n|\n|t:|1695167521\n|move|p2a: Zamazenta|Light Screen|p2a: Zamazenta\n|-sidestart|p2: Pokemaster123j|move: Light Screen\n|move|p1a: Dondozo|Rest|p1a: Dondozo\n|-status|p1a: Dondozo|slp|[from] move: Rest\n|-heal|p1a: Dondozo|100/100 slp|[silent]\n|\n|upkeep\n|turn|21\n|\n|t:|1695167530\n|move|p2a: Zamazenta|Close Combat|p1a: Dondozo\n|-crit|p1a: Dondozo\n|-damage|p1a: Dondozo|63/100 slp\n|-unboost|p2a: Zamazenta|def|1\n|-unboost|p2a: Zamazenta|spd|1\n|cant|p1a: Dondozo|slp\n|move|p1a: Dondozo|Sleep Talk|p1a: Dondozo\n|move|p1a: Dondozo|Rest||[from]move: Sleep Talk|[still]\n|-fail|p1a: Dondozo\n|\n|-heal|p1a: Dondozo|70/100 slp|[from] item: Leftovers\n|upkeep\n|turn|22\n|\n|t:|1695167549\n|move|p2a: Zamazenta|Play Rough|p1a: Dondozo\n|-supereffective|p1a: Dondozo\n|-damage|p1a: Dondozo|60/100 slp\n|cant|p1a: Dondozo|slp\n|move|p1a: Dondozo|Sleep Talk|p1a: Dondozo\n|move|p1a: Dondozo|Body Press|p2a: Zamazenta|[from]move: Sleep Talk\n|-damage|p2a: Zamazenta|21/100\n|\n|-heal|p1a: Dondozo|66/100 slp|[from] item: Leftovers\n|upkeep\n|turn|23\n|\n|t:|1695167562\n|move|p2a: Zamazenta|Close Combat|p1a: Dondozo\n|-damage|p1a: Dondozo|57/100 slp\n|-unboost|p2a: Zamazenta|def|1\n|-unboost|p2a: Zamazenta|spd|1\n|-curestatus|p1a: Dondozo|slp|[msg]\n|move|p1a: Dondozo|Sleep Talk||[still]\n|-fail|p1a: Dondozo\n|\n|-heal|p1a: Dondozo|63/100|[from] item: Leftovers\n|upkeep\n|turn|24\n|\n|t:|1695167573\n|move|p2a: Zamazenta|Close Combat|p1a: Dondozo\n|-damage|p1a: Dondozo|54/100\n|-unboost|p2a: Zamazenta|def|1\n|-unboost|p2a: Zamazenta|spd|1\n|move|p1a: Dondozo|Body Press|p2a: Zamazenta\n|-damage|p2a: Zamazenta|0 fnt\n|faint|p2a: Zamazenta\n|\n|-heal|p1a: Dondozo|60/100|[from] item: Leftovers\n|upkeep\n|\n|t:|1695167584\n|switch|p2a: Kingambit|Kingambit, F|100/100\n|-activate|p2a: Kingambit|ability: Supreme Overlord\n|-start|p2a: Kingambit|fallen5|[silent]\n|turn|25\n|\n|t:|1695167590\n|move|p2a: Kingambit|Swords Dance|p2a: Kingambit\n|-boost|p2a: Kingambit|atk|2\n|move|p1a: Dondozo|Curse|p1a: Dondozo\n|-unboost|p1a: Dondozo|spe|1\n|-boost|p1a: Dondozo|atk|1\n|-boost|p1a: Dondozo|def|1\n|\n|-heal|p1a: Dondozo|67/100|[from] item: Leftovers\n|upkeep\n|turn|26\n|\n|t:|1695167601\n|-terastallize|p2a: Kingambit|Dark\n|move|p2a: Kingambit|Night Slash|p1a: Dondozo\n|-resisted|p1a: Dondozo\n|-damage|p1a: Dondozo|53/100\n|-damage|p2a: Kingambit|91/100|[from] item: Life Orb\n|move|p1a: Dondozo|Body Press|p2a: Kingambit\n|-supereffective|p2a: Kingambit\n|-damage|p2a: Kingambit|0 fnt\n|faint|p2a: Kingambit\n|-end|p2a: Kingambit|fallen5|[silent]\n|\n|win|nothingwith3gs\n", "uploadtime": 1695167612, "views": 2, "p1id": "nothingwith3gs", "p2id": "pokemaster123j", "formatid": "gen9ou", "rating": 0, "private": 0, "password": ""}