{"id": "gen9ou-1947636301", "p1": "Arkeond", "p2": "NormalU?", "format": "gen9ou", "log": "|j|\u2606Arkeond\n|j|\u2606NormalU?\n|t:|1695180414\n|gametype|singles\n|player|p1|Arkeond|1|1048\n|player|p2|NormalU?|courtney|1095\n|teamsize|p1|6\n|teamsize|p2|6\n|gen|9\n|tier|[Gen 9] OU\n|rated|\n|rule|Sleep Clause Mod: Limit one foe put to sleep\n|rule|Species Clause: Limit one of each Pok\u00e9mon\n|rule|OHKO Clause: OHKO moves are banned\n|rule|Evasion Items Clause: Evasion items are banned\n|rule|Evasion Moves Clause: Evasion moves are banned\n|rule|Endless Battle Clause: Forcing endless battles is banned\n|rule|HP Percentage Mod: HP is shown in percentages\n|clearpoke\n|poke|p1|Torterra, M|\n|poke|p1|Clodsire, F|\n|poke|p1|Dusknoir, M|\n|poke|p1|Heatran, M|\n|poke|p1|Great Tusk|\n|poke|p1|Torkoal, F|\n|poke|p2|Hydreigon, M|\n|poke|p2|Great Tusk|\n|poke|p2|Corviknight, M|\n|poke|p2|Slowking-Galar, M|\n|poke|p2|Ursaluna-Bloodmoon, M|\n|poke|p2|Kleavor, M|\n|teampreview\n|inactive|Battle timer is ON: inactive players will automatically lose when time's up. (requested by NormalU?)\n|\n|t:|1695180424\n|start\n|switch|p1a: Dusknoir|Dusknoir, M|100/100\n|switch|p2a: Hydreigon|Hydreigon, M|100/100\n|-item|p2a: Hydreigon|Leftovers|[from] ability: Frisk|[of] p1a: Dusknoir|[identify]\n|turn|1\n|\n|t:|1695180431\n|move|p2a: Hydreigon|Substitute|p2a: Hydreigon\n|-start|p2a: Hydreigon|Substitute\n|-damage|p2a: Hydreigon|76/100\n|move|p1a: Dusknoir|Ice Punch|p2a: Hydreigon\n|-supereffective|p2a: Hydreigon\n|-end|p2a: Hydreigon|Substitute\n|-damage|p1a: Dusknoir|91/100|[from] item: Life Orb\n|\n|-heal|p2a: Hydreigon|82/100|[from] item: Leftovers\n|upkeep\n|turn|2\n|\n|t:|1695180435\n|switch|p2a: Corviknight|Corviknight, M|100/100\n|move|p1a: Dusknoir|Ice Punch|p2a: Corviknight\n|-damage|p2a: Corviknight|75/100\n|-damage|p1a: Dusknoir|74/100|[from] item: Rocky Helmet|[of] p2a: Corviknight\n|-damage|p1a: Dusknoir|64/100|[from] item: Life Orb\n|\n|upkeep\n|turn|3\n|\n|t:|1695180441\n|switch|p1a: Torkoal|Torkoal, F|100/100\n|-weather|SunnyDay|[from] ability: Drought|[of] p1a: Torkoal\n|move|p2a: Corviknight|Roost|p2a: Corviknight\n|-heal|p2a: Corviknight|100/100\n|-singleturn|p2a: Corviknight|move: Roost\n|\n|-weather|SunnyDay|[upkeep]\n|upkeep\n|turn|4\n|\n|t:|1695180446\n|switch|p1a: Great Tusk|Great Tusk|100/100\n|-activate|p1a: Great Tusk|ability: Protosynthesis\n|-start|p1a: Great Tusk|protosynthesisatk\n|move|p2a: Corviknight|Brave Bird|p1a: Great Tusk\n|-supereffective|p1a: Great Tusk\n|-damage|p1a: Great Tusk|39/100\n|-damage|p2a: Corviknight|80/100|[from] Recoil\n|\n|-weather|SunnyDay|[upkeep]\n|upkeep\n|turn|5\n|\n|t:|1695180451\n|move|p1a: Great Tusk|Close Combat|p2a: Corviknight\n|-damage|p2a: Corviknight|18/100\n|-unboost|p1a: Great Tusk|def|1\n|-unboost|p1a: Great Tusk|spd|1\n|-damage|p1a: Great Tusk|22/100|[from] item: Rocky Helmet|[of] p2a: Corviknight\n|move|p2a: Corviknight|Roost|p2a: Corviknight\n|-heal|p2a: Corviknight|68/100\n|-singleturn|p2a: Corviknight|move: Roost\n|\n|-weather|SunnyDay|[upkeep]\n|upkeep\n|turn|6\n|\n|t:|1695180454\n|move|p1a: Great Tusk|Close Combat|p2a: Corviknight\n|-damage|p2a: Corviknight|0 fnt\n|-unboost|p1a: Great Tusk|def|1\n|-unboost|p1a: Great Tusk|spd|1\n|-damage|p1a: Great Tusk|6/100|[from] item: Rocky Helmet|[of] p2a: Corviknight\n|faint|p2a: Corviknight\n|\n|-weather|SunnyDay|[upkeep]\n|upkeep\n|\n|t:|1695180465\n|switch|p2a: Hydreigon|Hydreigon, M|82/100\n|turn|7\n|\n|t:|1695180471\n|move|p2a: Hydreigon|Dragon Pulse|p1a: Great Tusk\n|-damage|p1a: Great Tusk|0 fnt\n|faint|p1a: Great Tusk\n|-end|p1a: Great Tusk|Protosynthesis|[silent]\n|\n|-weather|SunnyDay|[upkeep]\n|-heal|p2a: Hydreigon|88/100|[from] item: Leftovers\n|upkeep\n|\n|t:|1695180474\n|switch|p1a: Dusknoir|Dusknoir, M|64/100\n|-item|p2a: Hydreigon|Leftovers|[from] ability: Frisk|[of] p1a: Dusknoir|[identify]\n|turn|8\n|\n|t:|1695180483\n|switch|p2a: Kleavor|Kleavor, M|100/100\n|move|p1a: Dusknoir|Ice Punch|p2a: Kleavor\n|-damage|p2a: Kleavor|59/100\n|-damage|p1a: Dusknoir|54/100|[from] item: Life Orb\n|\n|-weather|SunnyDay|[upkeep]\n|upkeep\n|turn|9\n|\n|t:|1695180490\n|switch|p1a: Torkoal|Torkoal, F|100/100\n|move|p2a: Kleavor|Stone Axe|p1a: Torkoal\n|-supereffective|p1a: Torkoal\n|-damage|p1a: Torkoal|32/100\n|-sidestart|p1: Arkeond|move: Stealth Rock\n|\n|-weather|SunnyDay|[upkeep]\n|upkeep\n|turn|10\n|\n|t:|1695180494\n|move|p2a: Kleavor|Stone Axe|p1a: Torkoal\n|-supereffective|p1a: Torkoal\n|-damage|p1a: Torkoal|0 fnt\n|faint|p1a: Torkoal\n|\n|-weather|none\n|upkeep\n|\n|t:|1695180497\n|switch|p1a: Heatran|Heatran, M|100/100\n|-damage|p1a: Heatran|88/100|[from] Stealth Rock\n|turn|11\n|\n|t:|1695180501\n|move|p2a: Kleavor|Stone Axe|p1a: Heatran\n|-damage|p1a: Heatran|42/100\n|move|p1a: Heatran|Magma Storm|p2a: Kleavor\n|-damage|p2a: Kleavor|0 fnt\n|faint|p2a: Kleavor\n|\n|-heal|p1a: Heatran|48/100|[from] item: Leftovers\n|upkeep\n|\n|t:|1695180510\n|switch|p2a: Hydreigon|Hydreigon, M|88/100\n|turn|12\n|\n|t:|1695180521\n|switch|p1a: Clodsire|Clodsire, F|100/100\n|move|p2a: Hydreigon|Substitute|p2a: Hydreigon\n|-start|p2a: Hydreigon|Substitute\n|-damage|p2a: Hydreigon|63/100\n|\n|-heal|p2a: Hydreigon|69/100|[from] item: Leftovers\n|upkeep\n|turn|13\n|\n|t:|1695180525\n|move|p2a: Hydreigon|Hydro Pump|p1a: Clodsire\n|-immune|p1a: Clodsire|[from] ability: Water Absorb\n|move|p1a: Clodsire|Curse|p1a: Clodsire\n|-unboost|p1a: Clodsire|spe|1\n|-boost|p1a: Clodsire|atk|1\n|-boost|p1a: Clodsire|def|1\n|\n|-heal|p2a: Hydreigon|75/100|[from] item: Leftovers\n|upkeep\n|turn|14\n|\n|t:|1695180529\n|move|p2a: Hydreigon|Nasty Plot|p2a: Hydreigon\n|-boost|p2a: Hydreigon|spa|2\n|move|p1a: Clodsire|Curse|p1a: Clodsire\n|-unboost|p1a: Clodsire|spe|1\n|-boost|p1a: Clodsire|atk|1\n|-boost|p1a: Clodsire|def|1\n|\n|-heal|p2a: Hydreigon|81/100|[from] item: Leftovers\n|upkeep\n|turn|15\n|\n|t:|1695180534\n|move|p2a: Hydreigon|Nasty Plot|p2a: Hydreigon\n|-boost|p2a: Hydreigon|spa|2\n|move|p1a: Clodsire|Poison Jab|p2a: Hydreigon\n|-end|p2a: Hydreigon|Substitute\n|\n|-heal|p2a: Hydreigon|88/100|[from] item: Leftovers\n|upkeep\n|turn|16\n|\n|t:|1695180538\n|move|p2a: Hydreigon|Dragon Pulse|p1a: Clodsire\n|-damage|p1a: Clodsire|24/100\n|move|p1a: Clodsire|Poison Jab|p2a: Hydreigon\n|-damage|p2a: Hydreigon|36/100\n|\n|-heal|p2a: Hydreigon|43/100|[from] item: Leftovers\n|upkeep\n|turn|17\n|\n|t:|1695180542\n|move|p2a: Hydreigon|Dragon Pulse|p1a: Clodsire\n|-damage|p1a: Clodsire|0 fnt\n|faint|p1a: Clodsire\n|\n|-heal|p2a: Hydreigon|49/100|[from] item: Leftovers\n|upkeep\n|\n|t:|1695180546\n|switch|p1a: Heatran|Heatran, M|48/100\n|-damage|p1a: Heatran|36/100|[from] Stealth Rock\n|turn|18\n|\n|t:|1695180550\n|move|p2a: Hydreigon|Dragon Pulse|p1a: Heatran\n|-resisted|p1a: Heatran\n|-damage|p1a: Heatran|0 fnt\n|faint|p1a: Heatran\n|\n|-heal|p2a: Hydreigon|55/100|[from] item: Leftovers\n|upkeep\n|\n|t:|1695180553\n|switch|p1a: Dusknoir|Dusknoir, M|54/100\n|-damage|p1a: Dusknoir|42/100|[from] Stealth Rock\n|-item|p2a: Hydreigon|Leftovers|[from] ability: Frisk|[of] p1a: Dusknoir|[identify]\n|turn|19\n|\n|t:|1695180557\n|move|p2a: Hydreigon|Hydro Pump|p1a: Dusknoir|[miss]\n|-miss|p2a: Hydreigon|p1a: Dusknoir\n|move|p1a: Dusknoir|Ice Punch|p2a: Hydreigon\n|-supereffective|p2a: Hydreigon\n|-damage|p2a: Hydreigon|0 fnt\n|faint|p2a: Hydreigon\n|-damage|p1a: Dusknoir|32/100|[from] item: Life Orb\n|\n|upkeep\n|\n|t:|1695180561\n|switch|p2a: Ursaluna|Ursaluna-Bloodmoon, M|100/100\n|turn|20\n|\n|t:|1695180570\n|move|p2a: Ursaluna|Trailblaze|p1a: Dusknoir\n|-damage|p1a: Dusknoir|25/100\n|-boost|p2a: Ursaluna|spe|1\n|move|p1a: Dusknoir|Will-O-Wisp|p2a: Ursaluna\n|-status|p2a: Ursaluna|brn\n|\n|-damage|p2a: Ursaluna|94/100 brn|[from] brn\n|upkeep\n|turn|21\n|\n|t:|1695180575\n|move|p2a: Ursaluna|Tera Blast|p1a: Dusknoir\n|-damage|p1a: Dusknoir|0 fnt\n|faint|p1a: Dusknoir\n|\n|-damage|p2a: Ursaluna|88/100 brn|[from] brn\n|upkeep\n|\n|t:|1695180578\n|switch|p1a: Torterra|Torterra, M|100/100\n|-damage|p1a: Torterra|94/100|[from] Stealth Rock\n|turn|22\n|\n|t:|1695180580\n|move|p2a: Ursaluna|Blood Moon|p1a: Torterra\n|-damage|p1a: Torterra|7/100\n|move|p1a: Torterra|Shell Smash|p1a: Torterra\n|-unboost|p1a: Torterra|def|1\n|-unboost|p1a: Torterra|spd|1\n|-boost|p1a: Torterra|atk|2\n|-boost|p1a: Torterra|spa|2\n|-boost|p1a: Torterra|spe|2\n|\n|-damage|p2a: Ursaluna|82/100 brn|[from] brn\n|upkeep\n|turn|23\n|\n|t:|1695180585\n|-terastallize|p2a: Ursaluna|Fighting\n|move|p1a: Torterra|Bullet Seed|p2a: Ursaluna\n|-damage|p2a: Ursaluna|63/100 brn\n|-damage|p2a: Ursaluna|45/100 brn\n|-damage|p2a: Ursaluna|29/100 brn\n|-damage|p2a: Ursaluna|13/100 brn\n|-damage|p2a: Ursaluna|0 fnt\n|faint|p2a: Ursaluna\n|-hitcount|p2: Ursaluna|5\n|\n|upkeep\n|\n|t:|1695180592\n|switch|p2a: Slowking|Slowking-Galar, M|100/100\n|turn|24\n|\n|t:|1695180601\n|move|p1a: Torterra|Headlong Rush|p2a: Slowking\n|-supereffective|p2a: Slowking\n|-damage|p2a: Slowking|0 fnt\n|-unboost|p1a: Torterra|def|1\n|-unboost|p1a: Torterra|spd|1\n|faint|p2a: Slowking\n|\n|upkeep\n|\n|t:|1695180604\n|switch|p2a: Great Tusk|Great Tusk|100/100\n|-enditem|p2a: Great Tusk|Booster Energy\n|-activate|p2a: Great Tusk|ability: Protosynthesis|[fromitem]\n|-start|p2a: Great Tusk|protosynthesisatk\n|turn|25\n|\n|t:|1695180610\n|move|p1a: Torterra|Bullet Seed|p2a: Great Tusk\n|-supereffective|p2a: Great Tusk\n|-damage|p2a: Great Tusk|67/100\n|-supereffective|p2a: Great Tusk\n|-damage|p2a: Great Tusk|29/100\n|-supereffective|p2a: Great Tusk\n|-damage|p2a: Great Tusk|0 fnt\n|faint|p2a: Great Tusk\n|-end|p2a: Great Tusk|Protosynthesis|[silent]\n|-hitcount|p2: Great Tusk|3\n|\n|win|Arkeond\n|raw|Arkeond's rating: 1048 &rarr; <strong>1085</strong><br />(+37 for winning)\n|raw|NormalU?'s rating: 1095 &rarr; <strong>1067</strong><br />(-28 for losing)\n", "uploadtime": 1695180615, "views": 3, "p1id": "arkeond", "p2id": "normalu", "formatid": "gen9ou", "rating": 1067, "private": 0, "password": ""}