{"id": "gen9ou-1947681152", "p1": "Franky en esprit", "p2": "Birboii", "format": "gen9ou", "log": "|j|\u2606Franky en esprit\n|j|\u2606Birboii\n|t:|1695186222\n|gametype|singles\n|player|p1|Franky en esprit|266|1154\n|player|p2|Birboii|266|1111\n|teamsize|p1|6\n|teamsize|p2|6\n|gen|9\n|tier|[Gen 9] OU\n|rated|\n|rule|Sleep Clause Mod: Limit one foe put to sleep\n|rule|Species Clause: Limit one of each Pok\u00e9mon\n|rule|OHKO Clause: OHKO moves are banned\n|rule|Evasion Items Clause: Evasion items are banned\n|rule|Evasion Moves Clause: Evasion moves are banned\n|rule|Endless Battle Clause: Forcing endless battles is banned\n|rule|HP Percentage Mod: HP is shown in percentages\n|clearpoke\n|poke|p1|Landorus-Therian, M|\n|poke|p1|Garchomp, M|\n|poke|p1|Zapdos|\n|poke|p1|Kingambit, M|\n|poke|p1|Enamorus, F|\n|poke|p1|Meowscarada, F|\n|poke|p2|Ursaluna-Bloodmoon, M|\n|poke|p2|Armarouge, M|\n|poke|p2|Kingambit, M|\n|poke|p2|Rillaboom, F|\n|poke|p2|Zamazenta-*|\n|poke|p2|Grimmsnarl, M|\n|teampreview\n|inactive|Battle timer is ON: inactive players will automatically lose when time's up. (requested by Birboii)\n|\n|t:|1695186245\n|start\n|switch|p1a: Landorus|Landorus-Therian, M|100/100\n|switch|p2a: Venom|Grimmsnarl, M|100/100\n|-ability|p1a: Landorus|Intimidate|boost\n|-unboost|p2a: Venom|atk|1\n|turn|1\n|\n|t:|1695186255\n|move|p2a: Venom|Taunt|p1a: Landorus\n|-start|p1a: Landorus|move: Taunt\n|cant|p1a: Landorus|move: Taunt|Taunt\n|\n|upkeep\n|turn|2\n|\n|t:|1695186261\n|move|p2a: Venom|Reflect|p2a: Venom\n|-sidestart|p2: Birboii|Reflect\n|move|p1a: Landorus|Earthquake|p2a: Venom\n|-damage|p2a: Venom|65/100\n|\n|upkeep\n|turn|3\n|\n|t:|1695186266\n|move|p2a: Venom|Light Screen|p2a: Venom\n|-sidestart|p2: Birboii|move: Light Screen\n|move|p1a: Landorus|Earthquake|p2a: Venom\n|-damage|p2a: Venom|31/100\n|\n|-end|p1a: Landorus|move: Taunt\n|upkeep\n|turn|4\n|\n|t:|1695186271\n|move|p2a: Venom|Parting Shot|p1a: Landorus\n|-unboost|p1a: Landorus|atk|1\n|-unboost|p1a: Landorus|spa|1\n|\n|t:|1695186285\n|switch|p2a: Bazooka|Armarouge, M|100/100|[from] Parting Shot\n|move|p1a: Landorus|U-turn|p2a: Bazooka\n|-damage|p2a: Bazooka|92/100\n|-ability|p2a: Bazooka|Weak Armor|boost\n|-unboost|p2a: Bazooka|def|1\n|-boost|p2a: Bazooka|spe|2\n|\n|t:|1695186298\n|switch|p1a: Garchomp|Garchomp, M|100/100|[from] U-turn\n|\n|upkeep\n|turn|5\n|\n|t:|1695186307\n|move|p2a: Bazooka|Iron Defense|p2a: Bazooka\n|-boost|p2a: Bazooka|def|2\n|move|p1a: Garchomp|Earthquake|p2a: Bazooka\n|-supereffective|p2a: Bazooka\n|-damage|p2a: Bazooka|59/100\n|-ability|p2a: Bazooka|Weak Armor|boost\n|-unboost|p2a: Bazooka|def|1\n|-boost|p2a: Bazooka|spe|2\n|-enditem|p2a: Bazooka|Weakness Policy\n|-boost|p2a: Bazooka|atk|2|[from] item: Weakness Policy\n|-boost|p2a: Bazooka|spa|2|[from] item: Weakness Policy\n|\n|upkeep\n|turn|6\n|\n|t:|1695186321\n|move|p2a: Bazooka|Stored Power|p1a: Garchomp\n|-damage|p1a: Garchomp|0 fnt\n|faint|p1a: Garchomp\n|\n|upkeep\n|\n|t:|1695186330\n|switch|p1a: Kingambit|Kingambit, M|100/100\n|-activate|p1a: Kingambit|ability: Supreme Overlord\n|-start|p1a: Kingambit|fallen1|[silent]\n|turn|7\n|\n|t:|1695186351\n|move|p2a: Bazooka|Iron Defense|p2a: Bazooka\n|-boost|p2a: Bazooka|def|2\n|move|p1a: Kingambit|Kowtow Cleave|p2a: Bazooka\n|-supereffective|p2a: Bazooka\n|-damage|p2a: Bazooka|26/100\n|-ability|p2a: Bazooka|Weak Armor|boost\n|-unboost|p2a: Bazooka|def|1\n|-boost|p2a: Bazooka|spe|2\n|\n|upkeep\n|turn|8\n|\n|t:|1695186363\n|move|p1a: Kingambit|Sucker Punch||[still]\n|-fail|p1a: Kingambit\n|move|p2a: Bazooka|Calm Mind|p2a: Bazooka\n|-boost|p2a: Bazooka|spa|1\n|-boost|p2a: Bazooka|spd|1\n|\n|upkeep\n|turn|9\n|\n|t:|1695186368\n|move|p2a: Bazooka|Aura Sphere|p1a: Kingambit\n|-supereffective|p1a: Kingambit\n|-damage|p1a: Kingambit|0 fnt\n|faint|p1a: Kingambit\n|-end|p1a: Kingambit|fallen1|[silent]\n|\n|-sideend|p2: Birboii|Reflect\n|upkeep\n|-message|Franky en esprit forfeited.\n|\n|win|Birboii\n|raw|Franky en esprit's rating: 1154 &rarr; <strong>1126</strong><br />(-28 for losing)\n|raw|Birboii's rating: 1111 &rarr; <strong>1139</strong><br />(+28 for winning)\n|l|\u2606Franky en esprit\n", "uploadtime": 1695186385, "views": 5, "p1id": "frankyenesprit", "p2id": "birboii", "formatid": "gen9ou", "rating": 1126, "private": 0, "password": ""}