{"id": "gen9ou-1947591027", "p1": "SadaShidz\ufe0f", "p2": "Bandalo Salvaje", "format": "gen9ou", "log": "|j|\u2606SadaShidz\ufe0f\n|j|\u2606Bandalo Salvaje\n|t:|1695175638\n|gametype|singles\n|player|p1|SadaShidz\ufe0f|sada-ai|1355\n|player|p2|Bandalo Salvaje|drayden|1256\n|teamsize|p1|6\n|teamsize|p2|6\n|gen|9\n|tier|[Gen 9] OU\n|rated|\n|rule|Sleep Clause Mod: Limit one foe put to sleep\n|rule|Species Clause: Limit one of each Pok\u00e9mon\n|rule|OHKO Clause: OHKO moves are banned\n|rule|Evasion Items Clause: Evasion items are banned\n|rule|Evasion Moves Clause: Evasion moves are banned\n|rule|Endless Battle Clause: Forcing endless battles is banned\n|rule|HP Percentage Mod: HP is shown in percentages\n|clearpoke\n|poke|p1|Iron Treads|\n|poke|p1|Munkidori, M|\n|poke|p1|Sinistcha-Masterpiece|\n|poke|p1|Ogerpon-Hearthflame, F|\n|poke|p1|Iron Valiant|\n|poke|p1|Ursaluna-Bloodmoon, M|\n|poke|p2|Weezing-Galar, M|\n|poke|p2|Alomomola, M|\n|poke|p2|Garganacl, M|\n|poke|p2|Gliscor, F|\n|poke|p2|Blissey, F|\n|poke|p2|Skeledirge, F|\n|teampreview\n|inactive|Battle timer is ON: inactive players will automatically lose when time's up. (requested by Bandalo Salvaje)\n|\n|t:|1695175669\n|start\n|switch|p1a: Mojo Jojo|Munkidori, M, shiny|100/100\n|switch|p2a: Gliscor|Gliscor, F|100/100\n|turn|1\n|\n|t:|1695175677\n|move|p1a: Mojo Jojo|Psychic|p2a: Gliscor\n|-damage|p2a: Gliscor|35/100\n|-damage|p1a: Mojo Jojo|91/100|[from] item: Life Orb\n|move|p2a: Gliscor|Knock Off|p1a: Mojo Jojo\n|-supereffective|p1a: Mojo Jojo\n|-damage|p1a: Mojo Jojo|22/100\n|-enditem|p1a: Mojo Jojo|Life Orb|[from] move: Knock Off|[of] p2a: Gliscor\n|\n|-status|p2a: Gliscor|tox|[from] item: Toxic Orb\n|upkeep\n|turn|2\n|\n|t:|1695175693\n|switch|p2a: Blissey|Blissey, F|100/100\n|move|p1a: Mojo Jojo|Psychic|p2a: Blissey\n|-damage|p2a: Blissey|86/100\n|-status|p2a: Blissey|tox|[from] ability: Toxic Chain|[of] p1a: Mojo Jojo\n|\n|-heal|p2a: Blissey|93/100 tox|[from] item: Leftovers\n|-damage|p2a: Blissey|86/100 tox|[from] psn\n|upkeep\n|turn|3\n|\n|t:|1695175708\n|switch|p1a: Elon Tusks|Iron Treads|100/100\n|-enditem|p1a: Elon Tusks|Booster Energy\n|-activate|p1a: Elon Tusks|ability: Quark Drive|[fromitem]\n|-start|p1a: Elon Tusks|quarkdrivespe\n|move|p2a: Blissey|Seismic Toss|p1a: Elon Tusks\n|-damage|p1a: Elon Tusks|69/100\n|\n|-heal|p2a: Blissey|93/100 tox|[from] item: Leftovers\n|-damage|p2a: Blissey|80/100 tox|[from] psn\n|upkeep\n|turn|4\n|\n|t:|1695175721\n|-curestatus|p2a: Blissey|tox|[from] ability: Natural Cure\n|switch|p2a: Alomomola|Alomomola, M|100/100\n|move|p1a: Elon Tusks|Stealth Rock|p2a: Alomomola\n|-sidestart|p2: Bandalo Salvaje|move: Stealth Rock\n|\n|upkeep\n|turn|5\n|\n|t:|1695175729\n|move|p1a: Elon Tusks|Knock Off|p2a: Alomomola\n|-damage|p2a: Alomomola|83/100\n|-enditem|p2a: Alomomola|Heavy-Duty Boots|[from] move: Knock Off|[of] p1a: Elon Tusks\n|move|p2a: Alomomola|Whirlpool|p1a: Elon Tusks\n|-supereffective|p1a: Elon Tusks\n|-damage|p1a: Elon Tusks|52/100\n|-activate|p1a: Elon Tusks|move: Whirlpool|[of] p2a: Alomomola\n|\n|-damage|p1a: Elon Tusks|39/100|[from] move: Whirlpool|[partiallytrapped]\n|upkeep\n|turn|6\n|\n|t:|1695175741\n|move|p1a: Elon Tusks|Rapid Spin|p2a: Alomomola\n|-damage|p2a: Alomomola|74/100\n|-boost|p1a: Elon Tusks|spe|1\n|-end|p1a: Elon Tusks|Whirlpool|[partiallytrapped]\n|move|p2a: Alomomola|Scald|p1a: Elon Tusks\n|-supereffective|p1a: Elon Tusks\n|-damage|p1a: Elon Tusks|2/100\n|\n|upkeep\n|turn|7\n|\n|t:|1695175753\n|move|p1a: Elon Tusks|Earthquake|p2a: Alomomola\n|-damage|p2a: Alomomola|49/100\n|move|p2a: Alomomola|Wish|p2a: Alomomola\n|\n|upkeep\n|turn|8\n|\n|t:|1695175765\n|move|p1a: Elon Tusks|Knock Off|p2a: Alomomola\n|-damage|p2a: Alomomola|38/100\n|move|p2a: Alomomola|Scald|p1a: Elon Tusks\n|-supereffective|p1a: Elon Tusks\n|-damage|p1a: Elon Tusks|0 fnt\n|faint|p1a: Elon Tusks\n|-end|p1a: Elon Tusks|Quark Drive|[silent]\n|\n|-heal|p2a: Alomomola|88/100|[from] move: Wish|[wisher] Alomomola\n|upkeep\n|\n|t:|1695175773\n|switch|p1a: Ponyo|Ogerpon-Hearthflame, F|100/100\n|-ability|p1a: Ponyo|Mold Breaker\n|turn|9\n|inactive|Bandalo Salvaje has 120 seconds left.\n|\n|t:|1695175805\n|switch|p2a: Skeledirge|Skeledirge, F|100/100\n|move|p1a: Ponyo|Swords Dance|p1a: Ponyo\n|-boost|p1a: Ponyo|atk|2\n|\n|upkeep\n|turn|10\n|inactive|Bandalo Salvaje has 120 seconds left.\n|\n|t:|1695175818\n|-terastallize|p1a: Ponyo|Fire\n|detailschange|p1a: Ponyo|Ogerpon-Hearthflame-Tera, F, tera:Fire\n|-ability|p1a: Ponyo|Embody Aspect (Hearthflame)|boost\n|-boost|p1a: Ponyo|atk|1\n|move|p1a: Ponyo|Knock Off|p2a: Skeledirge\n|-supereffective|p2a: Skeledirge\n|-damage|p2a: Skeledirge|53/100\n|-enditem|p2a: Skeledirge|Heavy-Duty Boots|[from] move: Knock Off|[of] p1a: Ponyo\n|move|p2a: Skeledirge|Torch Song|p1a: Ponyo\n|-resisted|p1a: Ponyo\n|-damage|p1a: Ponyo|84/100\n|-boost|p2a: Skeledirge|spa|1\n|\n|upkeep\n|turn|11\n|inactive|Bandalo Salvaje has 120 seconds left.\n|\n|t:|1695175832\n|move|p1a: Ponyo|Swords Dance|p1a: Ponyo\n|-boost|p1a: Ponyo|atk|2\n|move|p2a: Skeledirge|Slack Off|p2a: Skeledirge\n|-heal|p2a: Skeledirge|100/100\n|\n|upkeep\n|turn|12\n|\n|t:|1695175840\n|move|p1a: Ponyo|Knock Off|p2a: Skeledirge\n|-supereffective|p2a: Skeledirge\n|-damage|p2a: Skeledirge|71/100\n|move|p2a: Skeledirge|Shadow Ball|p1a: Ponyo\n|-damage|p1a: Ponyo|27/100\n|\n|upkeep\n|turn|13\n|\n|t:|1695175848\n|switch|p1a: XJ9|Iron Valiant|100/100\n|-enditem|p1a: XJ9|Booster Energy\n|-activate|p1a: XJ9|ability: Quark Drive|[fromitem]\n|-start|p1a: XJ9|quarkdrivespe\n|move|p2a: Skeledirge|Shadow Ball|p1a: XJ9\n|-damage|p1a: XJ9|12/100\n|\n|upkeep\n|turn|14\n|inactive|Bandalo Salvaje has 120 seconds left.\n|\n|t:|1695175868\n|switch|p2a: Gliscor|Gliscor, F|35/100 tox\n|-damage|p2a: Gliscor|23/100 tox|[from] Stealth Rock\n|move|p1a: XJ9|Destiny Bond|p1a: XJ9\n|-singlemove|p1a: XJ9|Destiny Bond\n|\n|-heal|p2a: Gliscor|35/100 tox|[from] ability: Poison Heal\n|upkeep\n|turn|15\n|inactive|Bandalo Salvaje has 120 seconds left.\n|\n|t:|1695175879\n|move|p1a: XJ9|Moonblast|p2a: Gliscor\n|-damage|p2a: Gliscor|0 fnt\n|faint|p2a: Gliscor\n|\n|upkeep\n|inactive|Bandalo Salvaje has 120 seconds left.\n|\n|t:|1695175912\n|switch|p2a: Alomomola|Alomomola, M|100/100\n|-damage|p2a: Alomomola|88/100|[from] Stealth Rock\n|turn|16\n|\n|t:|1695175930\n|-end|p1a: XJ9|Quark Drive|[silent]\n|switch|p1a: Sippin Green|Sinistcha-Masterpiece, shiny|100/100\n|move|p2a: Alomomola|Whirlpool|p1a: Sippin Green|[miss]\n|-miss|p2a: Alomomola|p1a: Sippin Green\n|\n|upkeep\n|turn|17\n|inactive|Bandalo Salvaje has 90 seconds left.\n|\n|t:|1695175964\n|switch|p2a: Weezing|Weezing-Galar, M|100/100\n|-damage|p2a: Weezing|88/100|[from] Stealth Rock\n|move|p1a: Sippin Green|Calm Mind|p1a: Sippin Green\n|-boost|p1a: Sippin Green|spa|1\n|-boost|p1a: Sippin Green|spd|1\n|\n|upkeep\n|turn|18\n|inactive|Bandalo Salvaje has 90 seconds left.\n|\n|t:|1695175975\n|move|p1a: Sippin Green|Calm Mind|p1a: Sippin Green\n|-boost|p1a: Sippin Green|spa|1\n|-boost|p1a: Sippin Green|spd|1\n|move|p2a: Weezing|Haze|p2a: Weezing\n|-clearallboost\n|\n|upkeep\n|turn|19\n|inactive|Bandalo Salvaje has 90 seconds left.\n|\n|t:|1695175983\n|move|p1a: Sippin Green|Calm Mind|p1a: Sippin Green\n|-boost|p1a: Sippin Green|spa|1\n|-boost|p1a: Sippin Green|spd|1\n|move|p2a: Weezing|Will-O-Wisp|p1a: Sippin Green\n|-status|p1a: Sippin Green|brn\n|\n|-damage|p1a: Sippin Green|98/100 brn|[from] brn\n|upkeep\n|turn|20\n|\n|t:|1695175992\n|move|p1a: Sippin Green|Shadow Ball|p2a: Weezing\n|-crit|p2a: Weezing\n|-damage|p2a: Weezing|0 fnt\n|faint|p2a: Weezing\n|\n|-heal|p1a: Sippin Green|100/100 brn|[from] item: Leftovers\n|-damage|p1a: Sippin Green|98/100 brn|[from] brn\n|upkeep\n|inactive|Bandalo Salvaje has 90 seconds left.\n|\n|t:|1695176015\n|switch|p2a: Skeledirge|Skeledirge, F|71/100\n|-damage|p2a: Skeledirge|46/100|[from] Stealth Rock\n|turn|21\n|\n|t:|1695176020\n|-terastallize|p2a: Skeledirge|Fairy\n|move|p1a: Sippin Green|Shadow Ball|p2a: Skeledirge\n|-damage|p2a: Skeledirge|2/100\n|move|p2a: Skeledirge|Slack Off|p2a: Skeledirge\n|-heal|p2a: Skeledirge|52/100\n|\n|-heal|p1a: Sippin Green|100/100 brn|[from] item: Leftovers\n|-damage|p1a: Sippin Green|98/100 brn|[from] brn\n|upkeep\n|turn|22\n|inactive|Bandalo Salvaje has 90 seconds left.\n|\n|t:|1695176035\n|move|p1a: Sippin Green|Shadow Ball|p2a: Skeledirge\n|-damage|p2a: Skeledirge|8/100\n|-unboost|p2a: Skeledirge|spd|1\n|move|p2a: Skeledirge|Torch Song|p1a: Sippin Green\n|-supereffective|p1a: Sippin Green\n|-damage|p1a: Sippin Green|59/100 brn\n|-boost|p2a: Skeledirge|spa|1\n|\n|-heal|p1a: Sippin Green|65/100 brn|[from] item: Leftovers\n|-damage|p1a: Sippin Green|62/100 brn|[from] brn\n|upkeep\n|turn|23\n|inactive|Bandalo Salvaje has 90 seconds left.\n|\n|t:|1695176049\n|move|p1a: Sippin Green|Matcha Gotcha|p2a: Skeledirge\n|-damage|p2a: Skeledirge|0 fnt\n|-heal|p1a: Sippin Green|67/100 brn|[from] drain|[of] p2a: Skeledirge\n|faint|p2a: Skeledirge\n|\n|-heal|p1a: Sippin Green|73/100 brn|[from] item: Leftovers\n|-damage|p1a: Sippin Green|70/100 brn|[from] brn\n|upkeep\n|\n|t:|1695176063\n|switch|p2a: Garganacl|Garganacl, M|100/100\n|-damage|p2a: Garganacl|88/100|[from] Stealth Rock\n|turn|24\n|\n|t:|1695176073\n|move|p1a: Sippin Green|Matcha Gotcha|p2a: Garganacl\n|-supereffective|p2a: Garganacl\n|-damage|p2a: Garganacl|0 fnt\n|-heal|p1a: Sippin Green|100/100 brn|[from] drain|[of] p2a: Garganacl\n|faint|p2a: Garganacl\n|\n|-damage|p1a: Sippin Green|98/100 brn|[from] brn\n|upkeep\n|-message|Bandalo Salvaje forfeited.\n|\n|win|SadaShidz\ufe0f\n|raw|SadaShidz\ufe0f's rating: 1355 &rarr; <strong>1369</strong><br />(+14 for winning)\n|raw|Bandalo Salvaje's rating: 1256 &rarr; <strong>1238</strong><br />(-18 for losing)\n|l|\u2606Bandalo Salvaje\n", "uploadtime": 1695176090, "views": 6, "p1id": "sadashidz", "p2id": "bandalosalvaje", "formatid": "gen9ou", "rating": 1238, "private": 0, "password": ""}