{"id": "gen9ou-1947677843", "p1": "Roaring Tune", "p2": "Boshiee", "format": "gen9ou", "log": "|j|\u2606Roaring Tune\n|j|\u2606Boshiee\n|t:|1695185759\n|gametype|singles\n|player|p1|Roaring Tune|artist-gen4|1374\n|player|p2|Boshiee|clair|1391\n|teamsize|p1|6\n|teamsize|p2|6\n|gen|9\n|tier|[Gen 9] OU\n|rated|\n|rule|Sleep Clause Mod: Limit one foe put to sleep\n|rule|Species Clause: Limit one of each Pok\u00e9mon\n|rule|OHKO Clause: OHKO moves are banned\n|rule|Evasion Items Clause: Evasion items are banned\n|rule|Evasion Moves Clause: Evasion moves are banned\n|rule|Endless Battle Clause: Forcing endless battles is banned\n|rule|HP Percentage Mod: HP is shown in percentages\n|clearpoke\n|poke|p1|Gliscor, F|\n|poke|p1|Empoleon, M|\n|poke|p1|Mandibuzz, F|\n|poke|p1|Iron Treads|\n|poke|p1|Roaring Moon|\n|poke|p1|Walking Wake|\n|poke|p2|Roaring Moon|\n|poke|p2|Corviknight, M|\n|poke|p2|Garchomp, M|\n|poke|p2|Walking Wake|\n|poke|p2|Dondozo, M|\n|poke|p2|Dragonite, M|\n|teampreview\n|inactive|Battle timer is ON: inactive players will automatically lose when time's up. (requested by Roaring Tune)\n|\n|t:|1695185789\n|start\n|switch|p1a: Gliscor|Gliscor, F|100/100\n|switch|p2a: Corviknight|Corviknight, M, shiny|100/100\n|-ability|p2a: Corviknight|Pressure\n|turn|1\n|\n|t:|1695185794\n|move|p1a: Gliscor|Toxic Spikes|p2a: Corviknight\n|-sidestart|p2: Boshiee|move: Toxic Spikes\n|move|p2a: Corviknight|U-turn|p1a: Gliscor\n|-resisted|p1a: Gliscor\n|-damage|p1a: Gliscor|96/100\n|\n|t:|1695185822\n|switch|p2a: Dragonite|Dragonite, M|100/100|[from] U-turn\n|\n|-status|p1a: Gliscor|tox|[from] item: Toxic Orb\n|upkeep\n|turn|2\n|\n|t:|1695185827\n|move|p2a: Dragonite|Dragon Dance|p2a: Dragonite\n|-boost|p2a: Dragonite|atk|1\n|-boost|p2a: Dragonite|spe|1\n|move|p1a: Gliscor|U-turn|p2a: Dragonite\n|-resisted|p2a: Dragonite\n|-damage|p2a: Dragonite|96/100\n|\n|t:|1695185828\n|switch|p1a: Mandibuzz|Mandibuzz, F|100/100|[from] U-turn\n|\n|upkeep\n|turn|3\n|\n|t:|1695185851\n|switch|p2a: Corviknight|Corviknight, M, shiny|100/100\n|-ability|p2a: Corviknight|Pressure\n|move|p1a: Mandibuzz|Foul Play|p2a: Corviknight\n|-damage|p2a: Corviknight|83/100\n|-damage|p1a: Mandibuzz|84/100|[from] item: Rocky Helmet|[of] p2a: Corviknight\n|\n|upkeep\n|turn|4\n|\n|t:|1695185860\n|switch|p1a: Iron Treads|Iron Treads|100/100\n|move|p2a: Corviknight|Defog|p1a: Iron Treads\n|-unboost|p1a: Iron Treads|evasion|1\n|-sideend|p2: Boshiee|Toxic Spikes|[from] move: Defog|[of] p2a: Corviknight\n|\n|upkeep\n|turn|5\n|\n|t:|1695185868\n|switch|p2a: Dondozo|Dondozo, M, shiny|100/100\n|move|p1a: Iron Treads|Knock Off|p2a: Dondozo\n|-damage|p2a: Dondozo|87/100\n|-enditem|p2a: Dondozo|Leftovers|[from] move: Knock Off|[of] p1a: Iron Treads\n|\n|upkeep\n|turn|6\n|\n|t:|1695185890\n|move|p1a: Iron Treads|Volt Switch|p2a: Dondozo\n|-supereffective|p2a: Dondozo\n|-damage|p2a: Dondozo|73/100\n|\n|t:|1695185892\n|-end|p1a: Iron Treads|Quark Drive|[silent]\n|switch|p1a: Walking Wake|Walking Wake|100/100|[from] Volt Switch\n|move|p2a: Dondozo|Curse|p2a: Dondozo\n|-unboost|p2a: Dondozo|spe|1\n|-boost|p2a: Dondozo|atk|1\n|-boost|p2a: Dondozo|def|1\n|\n|upkeep\n|turn|7\n|\n|t:|1695185910\n|move|p1a: Walking Wake|Scald|p2a: Dondozo\n|-resisted|p2a: Dondozo\n|-crit|p2a: Dondozo\n|-damage|p2a: Dondozo|53/100\n|move|p2a: Dondozo|Body Slam|p1a: Walking Wake\n|-damage|p1a: Walking Wake|67/100\n|\n|upkeep\n|turn|8\n|\n|t:|1695185919\n|move|p1a: Walking Wake|Draco Meteor|p2a: Dondozo\n|-damage|p2a: Dondozo|8/100\n|-unboost|p1a: Walking Wake|spa|2\n|move|p2a: Dondozo|Rest|p2a: Dondozo\n|-status|p2a: Dondozo|slp|[from] move: Rest\n|-heal|p2a: Dondozo|100/100 slp|[silent]\n|\n|upkeep\n|turn|9\n|\n|t:|1695185922\n|move|p1a: Walking Wake|Draco Meteor|p2a: Dondozo\n|-crit|p2a: Dondozo\n|-damage|p2a: Dondozo|35/100 slp\n|-unboost|p1a: Walking Wake|spa|2\n|cant|p2a: Dondozo|slp\n|move|p2a: Dondozo|Sleep Talk|p2a: Dondozo\n|move|p2a: Dondozo|Curse|p2a: Dondozo|[from]move: Sleep Talk\n|-unboost|p2a: Dondozo|spe|1\n|-boost|p2a: Dondozo|atk|1\n|-boost|p2a: Dondozo|def|1\n|\n|upkeep\n|turn|10\n|\n|t:|1695185925\n|move|p1a: Walking Wake|Draco Meteor|p2a: Dondozo\n|-damage|p2a: Dondozo|0 fnt\n|-unboost|p1a: Walking Wake|spa|2\n|faint|p2a: Dondozo\n|\n|upkeep\n|\n|t:|1695185937\n|switch|p2a: Garchomp|Garchomp, M, shiny|100/100\n|turn|11\n|\n|t:|1695185962\n|-end|p1a: Walking Wake|Protosynthesis|[silent]\n|switch|p1a: Mandibuzz|Mandibuzz, F|84/100\n|move|p2a: Garchomp|Stealth Rock|p1a: Mandibuzz\n|-sidestart|p1: Roaring Tune|move: Stealth Rock\n|\n|upkeep\n|turn|12\n|\n|t:|1695185980\n|move|p1a: Mandibuzz|Defog|p2a: Garchomp\n|-unboost|p2a: Garchomp|evasion|1\n|-sideend|p1: Roaring Tune|Stealth Rock|[from] move: Defog|[of] p1a: Mandibuzz\n|move|p2a: Garchomp|Dragon Tail|p1a: Mandibuzz|[miss]\n|-miss|p2a: Garchomp|p1a: Mandibuzz\n|\n|upkeep\n|turn|13\n|\n|t:|1695185985\n|move|p2a: Garchomp|Stealth Rock|p1a: Mandibuzz\n|-sidestart|p1: Roaring Tune|move: Stealth Rock\n|move|p1a: Mandibuzz|Foul Play|p2a: Garchomp\n|-damage|p2a: Garchomp|72/100\n|-damage|p1a: Mandibuzz|72/100|[from] ability: Rough Skin|[of] p2a: Garchomp\n|\n|-heal|p2a: Garchomp|78/100|[from] item: Leftovers\n|upkeep\n|turn|14\n|\n|t:|1695185992\n|move|p1a: Mandibuzz|U-turn|p2a: Garchomp\n|-damage|p2a: Garchomp|68/100\n|-damage|p1a: Mandibuzz|59/100|[from] ability: Rough Skin|[of] p2a: Garchomp\n|\n|t:|1695185996\n|switch|p1a: Gliscor|Gliscor, F|96/100 tox|[from] U-turn\n|-damage|p1a: Gliscor|83/100 tox|[from] Stealth Rock\n|move|p2a: Garchomp|Dragon Tail|p1a: Gliscor\n|-damage|p1a: Gliscor|66/100 tox\n|drag|p1a: Iron Treads|Iron Treads|100/100\n|-damage|p1a: Iron Treads|97/100|[from] Stealth Rock\n|\n|-heal|p1a: Iron Treads|100/100|[from] item: Leftovers\n|-heal|p2a: Garchomp|75/100|[from] item: Leftovers\n|upkeep\n|turn|15\n|\n|t:|1695186009\n|-end|p1a: Iron Treads|Quark Drive|[silent]\n|switch|p1a: Mandibuzz|Mandibuzz, F|59/100\n|move|p2a: Garchomp|Earthquake|p1a: Mandibuzz\n|-immune|p1a: Mandibuzz\n|\n|-heal|p2a: Garchomp|81/100|[from] item: Leftovers\n|upkeep\n|turn|16\n|\n|t:|1695186013\n|move|p1a: Mandibuzz|Roost|p1a: Mandibuzz\n|-heal|p1a: Mandibuzz|100/100\n|-singleturn|p1a: Mandibuzz|move: Roost\n|move|p2a: Garchomp|Dragon Tail|p1a: Mandibuzz\n|-damage|p1a: Mandibuzz|85/100\n|drag|p1a: Walking Wake|Walking Wake|67/100\n|\n|-heal|p2a: Garchomp|87/100|[from] item: Leftovers\n|upkeep\n|turn|17\n|\n|t:|1695186024\n|switch|p2a: Corviknight|Corviknight, M, shiny|83/100\n|-ability|p2a: Corviknight|Pressure\n|move|p1a: Walking Wake|Draco Meteor|p2a: Corviknight\n|-resisted|p2a: Corviknight\n|-damage|p2a: Corviknight|52/100\n|-unboost|p1a: Walking Wake|spa|2\n|\n|upkeep\n|turn|18\n|\n|t:|1695186028\n|move|p1a: Walking Wake|Scald|p2a: Corviknight\n|-damage|p2a: Corviknight|33/100\n|-status|p2a: Corviknight|brn\n|move|p2a: Corviknight|Roost|p2a: Corviknight\n|-heal|p2a: Corviknight|83/100 brn\n|-singleturn|p2a: Corviknight|move: Roost\n|\n|-damage|p2a: Corviknight|77/100 brn|[from] brn\n|upkeep\n|turn|19\n|\n|t:|1695186037\n|-end|p1a: Walking Wake|Protosynthesis|[silent]\n|switch|p1a: Gliscor|Gliscor, F|66/100 tox\n|-damage|p1a: Gliscor|53/100 tox|[from] Stealth Rock\n|move|p2a: Corviknight|U-turn|p1a: Gliscor\n|-resisted|p1a: Gliscor\n|-damage|p1a: Gliscor|51/100 tox\n|\n|t:|1695186048\n|switch|p2a: Roaring Moon|Roaring Moon|100/100|[from] U-turn\n|\n|-heal|p1a: Gliscor|64/100 tox|[from] ability: Poison Heal\n|upkeep\n|turn|20\n|\n|t:|1695186052\n|move|p2a: Roaring Moon|Knock Off|p1a: Gliscor\n|-damage|p1a: Gliscor|14/100 tox\n|-enditem|p1a: Gliscor|Toxic Orb|[from] move: Knock Off|[of] p2a: Roaring Moon\n|move|p1a: Gliscor|U-turn|p2a: Roaring Moon\n|-supereffective|p2a: Roaring Moon\n|-damage|p2a: Roaring Moon|60/100\n|\n|t:|1695186057\n|switch|p1a: Mandibuzz|Mandibuzz, F|85/100|[from] U-turn\n|\n|upkeep\n|turn|21\n|\n|t:|1695186067\n|-end|p2a: Roaring Moon|Protosynthesis|[silent]\n|switch|p2a: Garchomp|Garchomp, M, shiny|87/100\n|move|p1a: Mandibuzz|U-turn|p2a: Garchomp\n|-damage|p2a: Garchomp|79/100\n|-damage|p1a: Mandibuzz|73/100|[from] ability: Rough Skin|[of] p2a: Garchomp\n|\n|t:|1695186069\n|switch|p1a: Gliscor|Gliscor, F|14/100 tox|[from] U-turn\n|-damage|p1a: Gliscor|2/100 tox|[from] Stealth Rock\n|\n|-heal|p2a: Garchomp|85/100|[from] item: Leftovers\n|-heal|p1a: Gliscor|14/100 tox|[from] ability: Poison Heal\n|upkeep\n|turn|22\n|\n|t:|1695186084\n|switch|p2a: Walking Wake|Walking Wake|100/100\n|move|p1a: Gliscor|Protect||[still]\n|-fail|p1a: Gliscor\n|\n|-heal|p1a: Gliscor|27/100 tox|[from] ability: Poison Heal\n|upkeep\n|turn|23\n|\n|t:|1695186094\n|switch|p1a: Empoleon|Empoleon, M|100/100\n|-damage|p1a: Empoleon|94/100|[from] Stealth Rock\n|move|p2a: Walking Wake|Substitute|p2a: Walking Wake\n|-start|p2a: Walking Wake|Substitute\n|-damage|p2a: Walking Wake|75/100\n|\n|-heal|p2a: Walking Wake|82/100|[from] item: Leftovers\n|-heal|p1a: Empoleon|100/100|[from] item: Leftovers\n|upkeep\n|turn|24\n|\n|t:|1695186097\n|move|p2a: Walking Wake|Flamethrower|p1a: Empoleon\n|-damage|p1a: Empoleon|77/100\n|-status|p1a: Empoleon|brn\n|move|p1a: Empoleon|Ice Beam|p2a: Walking Wake\n|-end|p2a: Walking Wake|Substitute\n|\n|-heal|p2a: Walking Wake|88/100|[from] item: Leftovers\n|-heal|p1a: Empoleon|84/100 brn|[from] item: Leftovers\n|-damage|p1a: Empoleon|77/100 brn|[from] brn\n|upkeep\n|turn|25\n|\n|t:|1695186117\n|-end|p2a: Walking Wake|Protosynthesis|[silent]\n|switch|p2a: Corviknight|Corviknight, M, shiny|77/100 brn\n|-ability|p2a: Corviknight|Pressure\n|move|p1a: Empoleon|Ice Beam|p2a: Corviknight\n|-damage|p2a: Corviknight|54/100 brn\n|\n|-heal|p1a: Empoleon|84/100 brn|[from] item: Leftovers\n|-damage|p2a: Corviknight|48/100 brn|[from] brn\n|-damage|p1a: Empoleon|77/100 brn|[from] brn\n|upkeep\n|turn|26\n|\n|t:|1695186123\n|move|p2a: Corviknight|Roost|p2a: Corviknight\n|-heal|p2a: Corviknight|98/100 brn\n|-singleturn|p2a: Corviknight|move: Roost\n|move|p1a: Empoleon|Stealth Rock|p2a: Corviknight\n|-sidestart|p2: Boshiee|move: Stealth Rock\n|\n|-heal|p1a: Empoleon|84/100 brn|[from] item: Leftovers\n|-damage|p2a: Corviknight|92/100 brn|[from] brn\n|-damage|p1a: Empoleon|77/100 brn|[from] brn\n|upkeep\n|turn|27\n|\n|t:|1695186131\n|move|p2a: Corviknight|Body Press|p1a: Empoleon\n|-supereffective|p1a: Empoleon\n|-damage|p1a: Empoleon|49/100 brn\n|move|p1a: Empoleon|Roost|p1a: Empoleon\n|-heal|p1a: Empoleon|99/100 brn\n|-singleturn|p1a: Empoleon|move: Roost\n|\n|-heal|p1a: Empoleon|100/100 brn|[from] item: Leftovers\n|-damage|p2a: Corviknight|85/100 brn|[from] brn\n|-damage|p1a: Empoleon|94/100 brn|[from] brn\n|upkeep\n|turn|28\n|\n|t:|1695186140\n|move|p2a: Corviknight|Body Press|p1a: Empoleon\n|-supereffective|p1a: Empoleon\n|-damage|p1a: Empoleon|67/100 brn\n|move|p1a: Empoleon|Ice Beam|p2a: Corviknight\n|-damage|p2a: Corviknight|62/100 brn\n|\n|-heal|p1a: Empoleon|74/100 brn|[from] item: Leftovers\n|-damage|p2a: Corviknight|56/100 brn|[from] brn\n|-damage|p1a: Empoleon|67/100 brn|[from] brn\n|upkeep\n|turn|29\n|\n|t:|1695186142\n|move|p2a: Corviknight|Roost|p2a: Corviknight\n|-heal|p2a: Corviknight|100/100 brn\n|-singleturn|p2a: Corviknight|move: Roost\n|move|p1a: Empoleon|Roost|p1a: Empoleon\n|-heal|p1a: Empoleon|100/100 brn\n|-singleturn|p1a: Empoleon|move: Roost\n|\n|-damage|p2a: Corviknight|94/100 brn|[from] brn\n|-damage|p1a: Empoleon|94/100 brn|[from] brn\n|upkeep\n|turn|30\n|\n|t:|1695186167\n|move|p2a: Corviknight|U-turn|p1a: Empoleon\n|-resisted|p1a: Empoleon\n|-damage|p1a: Empoleon|91/100 brn\n|inactive|Boshiee has 120 seconds left.\n|\n|t:|1695186178\n|switch|p2a: Walking Wake|Walking Wake|88/100|[from] U-turn\n|-damage|p2a: Walking Wake|75/100|[from] Stealth Rock\n|move|p1a: Empoleon|Surf|p2a: Walking Wake\n|-resisted|p2a: Walking Wake\n|-damage|p2a: Walking Wake|66/100\n|\n|-heal|p2a: Walking Wake|73/100|[from] item: Leftovers\n|-heal|p1a: Empoleon|97/100 brn|[from] item: Leftovers\n|-damage|p1a: Empoleon|91/100 brn|[from] brn\n|upkeep\n|turn|31\n|inactive|Boshiee has 120 seconds left.\n|\n|t:|1695186199\n|-end|p2a: Walking Wake|Protosynthesis|[silent]\n|switch|p2a: Corviknight|Corviknight, M, shiny|94/100 brn\n|-damage|p2a: Corviknight|82/100 brn|[from] Stealth Rock\n|-ability|p2a: Corviknight|Pressure\n|move|p1a: Empoleon|Stealth Rock||[still]\n|-fail|p1a: Empoleon\n|\n|-heal|p1a: Empoleon|97/100 brn|[from] item: Leftovers\n|-damage|p2a: Corviknight|75/100 brn|[from] brn\n|-damage|p1a: Empoleon|91/100 brn|[from] brn\n|upkeep\n|turn|32\n|\n|t:|1695186214\n|move|p2a: Corviknight|Body Press|p1a: Empoleon\n|-supereffective|p1a: Empoleon\n|-damage|p1a: Empoleon|65/100 brn\n|move|p1a: Empoleon|Surf|p2a: Corviknight\n|-damage|p2a: Corviknight|45/100 brn\n|\n|-heal|p1a: Empoleon|71/100 brn|[from] item: Leftovers\n|-damage|p2a: Corviknight|39/100 brn|[from] brn\n|-damage|p1a: Empoleon|65/100 brn|[from] brn\n|upkeep\n|turn|33\n|\n|t:|1695186223\n|move|p2a: Corviknight|Body Press|p1a: Empoleon\n|-supereffective|p1a: Empoleon\n|-damage|p1a: Empoleon|40/100 brn\n|move|p1a: Empoleon|Surf|p2a: Corviknight\n|-damage|p2a: Corviknight|5/100 brn\n|\n|-heal|p1a: Empoleon|46/100 brn|[from] item: Leftovers\n|-damage|p2a: Corviknight|0 fnt|[from] brn\n|faint|p2a: Corviknight\n|-damage|p1a: Empoleon|40/100 brn|[from] brn\n|upkeep\n|\n|t:|1695186232\n|switch|p2a: Roaring Moon|Roaring Moon|60/100\n|-damage|p2a: Roaring Moon|48/100|[from] Stealth Rock\n|turn|34\n|\n|t:|1695186237\n|switch|p1a: Mandibuzz|Mandibuzz, F|73/100\n|move|p2a: Roaring Moon|Knock Off|p1a: Mandibuzz\n|-resisted|p1a: Mandibuzz\n|-damage|p1a: Mandibuzz|50/100\n|-enditem|p1a: Mandibuzz|Heavy-Duty Boots|[from] move: Knock Off|[of] p2a: Roaring Moon\n|\n|upkeep\n|turn|35\n|inactive|Boshiee has 120 seconds left.\n|\n|t:|1695186256\n|-end|p2a: Roaring Moon|Protosynthesis|[silent]\n|switch|p2a: Dragonite|Dragonite, M|96/100\n|move|p1a: Mandibuzz|Roost|p1a: Mandibuzz\n|-heal|p1a: Mandibuzz|100/100\n|-singleturn|p1a: Mandibuzz|move: Roost\n|\n|upkeep\n|turn|36\n|inactive|Boshiee has 120 seconds left.\n|inactive|Boshiee has 90 seconds left.\n|\n|t:|1695186296\n|-terastallize|p2a: Dragonite|Normal\n|move|p2a: Dragonite|Extreme Speed|p1a: Mandibuzz\n|-damage|p1a: Mandibuzz|74/100\n|move|p1a: Mandibuzz|Defog|p2a: Dragonite\n|-unboost|p2a: Dragonite|evasion|1\n|-sideend|p2: Boshiee|Stealth Rock|[from] move: Defog|[of] p1a: Mandibuzz\n|-sideend|p1: Roaring Tune|Stealth Rock|[from] move: Defog|[of] p1a: Mandibuzz\n|\n|upkeep\n|turn|37\n|inactive|Boshiee has 90 seconds left.\n|\n|t:|1695186310\n|switch|p2a: Garchomp|Garchomp, M, shiny|85/100\n|move|p1a: Mandibuzz|Roost|p1a: Mandibuzz\n|-heal|p1a: Mandibuzz|100/100\n|-singleturn|p1a: Mandibuzz|move: Roost\n|\n|-heal|p2a: Garchomp|91/100|[from] item: Leftovers\n|upkeep\n|turn|38\n|\n|t:|1695186314\n|switch|p1a: Gliscor|Gliscor, F|27/100 tox\n|move|p2a: Garchomp|Stealth Rock|p1a: Gliscor\n|-sidestart|p1: Roaring Tune|move: Stealth Rock\n|\n|-heal|p2a: Garchomp|97/100|[from] item: Leftovers\n|-heal|p1a: Gliscor|39/100 tox|[from] ability: Poison Heal\n|upkeep\n|turn|39\n|\n|t:|1695186323\n|switch|p2a: Dragonite|Dragonite, M, tera:Normal|96/100\n|move|p1a: Gliscor|Toxic Spikes|p2a: Dragonite\n|-sidestart|p2: Boshiee|move: Toxic Spikes\n|\n|-heal|p1a: Gliscor|52/100 tox|[from] ability: Poison Heal\n|upkeep\n|turn|40\n|inactive|Boshiee has 90 seconds left.\n|\n|t:|1695186344\n|move|p2a: Dragonite|Dragon Dance|p2a: Dragonite\n|-boost|p2a: Dragonite|atk|1\n|-boost|p2a: Dragonite|spe|1\n|move|p1a: Gliscor|U-turn|p2a: Dragonite\n|-damage|p2a: Dragonite|80/100\n|\n|t:|1695186350\n|switch|p1a: Iron Treads|Iron Treads|100/100|[from] U-turn\n|-damage|p1a: Iron Treads|97/100|[from] Stealth Rock\n|\n|-heal|p1a: Iron Treads|100/100|[from] item: Leftovers\n|upkeep\n|turn|41\n|\n|t:|1695186365\n|move|p2a: Dragonite|Earthquake|p1a: Iron Treads\n|-supereffective|p1a: Iron Treads\n|-damage|p1a: Iron Treads|18/100\n|move|p1a: Iron Treads|Rapid Spin|p2a: Dragonite\n|-damage|p2a: Dragonite|67/100\n|-boost|p1a: Iron Treads|spe|1\n|-sideend|p1: Roaring Tune|Stealth Rock|[from] move: Rapid Spin|[of] p1a: Iron Treads\n|\n|-heal|p1a: Iron Treads|24/100|[from] item: Leftovers\n|upkeep\n|turn|42\n|\n|t:|1695186377\n|move|p2a: Dragonite|Extreme Speed|p1a: Iron Treads\n|-resisted|p1a: Iron Treads\n|-damage|p1a: Iron Treads|0 fnt\n|faint|p1a: Iron Treads\n|-end|p1a: Iron Treads|Quark Drive|[silent]\n|\n|upkeep\n|\n|t:|1695186379\n|switch|p1a: Mandibuzz|Mandibuzz, F|100/100\n|turn|43\n|inactive|Boshiee has 90 seconds left.\n|\n|t:|1695186402\n|switch|p2a: Walking Wake|Walking Wake|73/100\n|-status|p2a: Walking Wake|psn\n|move|p1a: Mandibuzz|Foul Play|p2a: Walking Wake\n|-damage|p2a: Walking Wake|49/100 psn\n|\n|-heal|p2a: Walking Wake|55/100 psn|[from] item: Leftovers\n|-damage|p2a: Walking Wake|43/100 psn|[from] psn\n|upkeep\n|turn|44\n|\n|t:|1695186410\n|move|p2a: Walking Wake|Dragon Pulse|p1a: Mandibuzz\n|-damage|p1a: Mandibuzz|63/100\n|move|p1a: Mandibuzz|U-turn|p2a: Walking Wake\n|-damage|p2a: Walking Wake|30/100 psn\n|\n|t:|1695186413\n|switch|p1a: Empoleon|Empoleon, M|40/100 brn|[from] U-turn\n|\n|-heal|p2a: Walking Wake|36/100 psn|[from] item: Leftovers\n|-heal|p1a: Empoleon|46/100 brn|[from] item: Leftovers\n|-damage|p2a: Walking Wake|24/100 psn|[from] psn\n|-damage|p1a: Empoleon|40/100 brn|[from] brn\n|upkeep\n|turn|45\n|\n|t:|1695186428\n|-end|p2a: Walking Wake|Protosynthesis|[silent]\n|switch|p2a: Garchomp|Garchomp, M, shiny|97/100\n|-status|p2a: Garchomp|psn\n|move|p1a: Empoleon|Roost|p1a: Empoleon\n|-heal|p1a: Empoleon|90/100 brn\n|-singleturn|p1a: Empoleon|move: Roost\n|\n|-heal|p2a: Garchomp|100/100 psn|[from] item: Leftovers\n|-heal|p1a: Empoleon|96/100 brn|[from] item: Leftovers\n|-damage|p2a: Garchomp|88/100 psn|[from] psn\n|-damage|p1a: Empoleon|90/100 brn|[from] brn\n|upkeep\n|turn|46\n|\n|t:|1695186433\n|move|p2a: Garchomp|Stealth Rock|p1a: Empoleon\n|-sidestart|p1: Roaring Tune|move: Stealth Rock\n|move|p1a: Empoleon|Ice Beam|p2a: Garchomp\n|-supereffective|p2a: Garchomp\n|-damage|p2a: Garchomp|0 fnt\n|faint|p2a: Garchomp\n|\n|-heal|p1a: Empoleon|96/100 brn|[from] item: Leftovers\n|-damage|p1a: Empoleon|90/100 brn|[from] brn\n|upkeep\n|\n|t:|1695186445\n|switch|p2a: Roaring Moon|Roaring Moon|48/100\n|-status|p2a: Roaring Moon|psn\n|turn|47\n|\n|t:|1695186451\n|move|p2a: Roaring Moon|Earthquake|p1a: Empoleon\n|-supereffective|p1a: Empoleon\n|-damage|p1a: Empoleon|0 fnt\n|faint|p1a: Empoleon\n|\n|-damage|p2a: Roaring Moon|36/100 psn|[from] psn\n|upkeep\n|\n|t:|1695186454\n|switch|p1a: Mandibuzz|Mandibuzz, F|63/100\n|-damage|p1a: Mandibuzz|38/100|[from] Stealth Rock\n|turn|48\n|inactive|Boshiee has 120 seconds left.\n|\n|t:|1695186465\n|-end|p2a: Roaring Moon|Protosynthesis|[silent]\n|switch|p2a: Dragonite|Dragonite, M, tera:Normal|67/100\n|move|p1a: Mandibuzz|Roost|p1a: Mandibuzz\n|-heal|p1a: Mandibuzz|88/100\n|-singleturn|p1a: Mandibuzz|move: Roost\n|\n|upkeep\n|turn|49\n|inactive|Boshiee has 120 seconds left.\n|\n|t:|1695186476\n|move|p2a: Dragonite|Roost|p2a: Dragonite\n|-heal|p2a: Dragonite|100/100\n|move|p1a: Mandibuzz|Foul Play|p2a: Dragonite\n|-damage|p2a: Dragonite|69/100\n|\n|upkeep\n|turn|50\n|inactive|Boshiee has 120 seconds left.\n|\n|t:|1695186490\n|switch|p2a: Roaring Moon|Roaring Moon|36/100 psn\n|move|p1a: Mandibuzz|Foul Play|p2a: Roaring Moon\n|-resisted|p2a: Roaring Moon\n|-damage|p2a: Roaring Moon|1/100 psn\n|\n|-damage|p2a: Roaring Moon|0 fnt|[from] psn\n|faint|p2a: Roaring Moon\n|-end|p2a: Roaring Moon|Protosynthesis|[silent]\n|upkeep\n|\n|t:|1695186493\n|switch|p2a: Walking Wake|Walking Wake|24/100 psn\n|turn|51\n|\n|t:|1695186500\n|switch|p1a: Walking Wake|Walking Wake|67/100\n|move|p2a: Walking Wake|Scald|p1a: Walking Wake\n|-resisted|p1a: Walking Wake\n|-damage|p1a: Walking Wake|52/100\n|\n|-heal|p2a: Walking Wake|30/100 psn|[from] item: Leftovers\n|-damage|p2a: Walking Wake|18/100 psn|[from] psn\n|upkeep\n|turn|52\n|\n|t:|1695186513\n|move|p1a: Walking Wake|Scald|p2a: Walking Wake\n|-resisted|p2a: Walking Wake\n|-damage|p2a: Walking Wake|6/100 psn\n|move|p2a: Walking Wake|Dragon Pulse|p1a: Walking Wake\n|-supereffective|p1a: Walking Wake\n|-damage|p1a: Walking Wake|0 fnt\n|faint|p1a: Walking Wake\n|-end|p1a: Walking Wake|Protosynthesis|[silent]\n|\n|-heal|p2a: Walking Wake|13/100 psn|[from] item: Leftovers\n|-damage|p2a: Walking Wake|0 fnt|[from] psn\n|faint|p2a: Walking Wake\n|-end|p2a: Walking Wake|Protosynthesis|[silent]\n|upkeep\n|\n|t:|1695186521\n|switch|p1a: Roaring Moon|Roaring Moon|100/100\n|switch|p2a: Dragonite|Dragonite, M, tera:Normal|69/100\n|-damage|p1a: Roaring Moon|88/100|[from] Stealth Rock\n|turn|53\n|\n|t:|1695186532\n|-terastallize|p1a: Roaring Moon|Dark\n|move|p2a: Dragonite|Extreme Speed|p1a: Roaring Moon\n|-damage|p1a: Roaring Moon|33/100\n|move|p1a: Roaring Moon|Knock Off|p2a: Dragonite\n|-damage|p2a: Dragonite|0 fnt\n|-enditem|p2a: Dragonite|Heavy-Duty Boots|[from] move: Knock Off|[of] p1a: Roaring Moon\n|faint|p2a: Dragonite\n|\n|win|Roaring Tune\n|raw|Roaring Tune's rating: 1374 &rarr; <strong>1395</strong><br />(+21 for winning)\n|raw|Boshiee's rating: 1391 &rarr; <strong>1370</strong><br />(-21 for losing)\n|l|\u2606Boshiee\n", "uploadtime": 1695186547, "views": 3, "p1id": "roaringtune", "p2id": "boshiee", "formatid": "gen9ou", "rating": 1370, "private": 0, "password": ""}