{"id": "gen9ou-1947671809", "p1": "Shadow2054", "p2": "Thissauce", "format": "gen9ou", "log": "|j|\u2606Shadow2054\n|j|\u2606Thissauce\n|t:|1695184919\n|gametype|singles\n|player|p1|Shadow2054|265|1221\n|player|p2|Thissauce|266|1172\n|teamsize|p1|6\n|teamsize|p2|6\n|gen|9\n|tier|[Gen 9] OU\n|rated|\n|rule|Sleep Clause Mod: Limit one foe put to sleep\n|rule|Species Clause: Limit one of each Pok\u00e9mon\n|rule|OHKO Clause: OHKO moves are banned\n|rule|Evasion Items Clause: Evasion items are banned\n|rule|Evasion Moves Clause: Evasion moves are banned\n|rule|Endless Battle Clause: Forcing endless battles is banned\n|rule|HP Percentage Mod: HP is shown in percentages\n|clearpoke\n|poke|p1|Ambipom, F|\n|poke|p1|Conkeldurr, F|\n|poke|p1|Manaphy|\n|poke|p1|Munkidori, M|\n|poke|p1|Gliscor, M|\n|poke|p1|Brambleghast, M|\n|poke|p2|Hoopa-Unbound|\n|poke|p2|Ursaluna, M|\n|poke|p2|Hatterene, F|\n|poke|p2|Cresselia, F|\n|poke|p2|Iron Hands|\n|poke|p2|Kingambit, F|\n|teampreview\n|\n|t:|1695184953\n|start\n|switch|p1a: Munkidori|Munkidori, M|100/100\n|switch|p2a: Iron Hands|Iron Hands|100/100\n|-enditem|p2a: Iron Hands|Booster Energy\n|-activate|p2a: Iron Hands|ability: Quark Drive|[fromitem]\n|-start|p2a: Iron Hands|quarkdriveatk\n|turn|1\n|\n|t:|1695184964\n|-terastallize|p2a: Iron Hands|Flying\n|move|p1a: Munkidori|U-turn|p2a: Iron Hands\n|-resisted|p2a: Iron Hands\n|-damage|p2a: Iron Hands|97/100\n|\n|t:|1695184972\n|switch|p1a: Gliscor|Gliscor, M|100/100|[from] U-turn\n|move|p2a: Iron Hands|Wild Charge|p1a: Gliscor\n|-immune|p1a: Gliscor\n|\n|-status|p1a: Gliscor|tox|[from] item: Toxic Orb\n|upkeep\n|turn|2\n|\n|t:|1695184977\n|move|p1a: Gliscor|U-turn|p2a: Iron Hands\n|-resisted|p2a: Iron Hands\n|-damage|p2a: Iron Hands|92/100\n|\n|t:|1695184986\n|switch|p1a: Manaphy|Manaphy|100/100|[from] U-turn\n|move|p2a: Iron Hands|Ice Punch|p1a: Manaphy\n|-resisted|p1a: Manaphy\n|-damage|p1a: Manaphy|83/100\n|\n|-heal|p1a: Manaphy|89/100|[from] item: Leftovers\n|upkeep\n|turn|3\n|\n|t:|1695184992\n|switch|p1a: Gliscor|Gliscor, M|100/100 tox\n|move|p2a: Iron Hands|Wild Charge|p1a: Gliscor\n|-immune|p1a: Gliscor\n|\n|upkeep\n|turn|4\n|\n|t:|1695184998\n|move|p1a: Gliscor|Stealth Rock|p2a: Iron Hands\n|-sidestart|p2: Thissauce|move: Stealth Rock\n|move|p2a: Iron Hands|Ice Punch|p1a: Gliscor\n|-supereffective|p1a: Gliscor\n|-damage|p1a: Gliscor|0 fnt\n|faint|p1a: Gliscor\n|\n|upkeep\n|\n|t:|1695185051\n|switch|p1a: Ambipom|Ambipom, F|100/100\n|turn|5\n|\n|t:|1695185062\n|move|p1a: Ambipom|Fake Out|p2a: Iron Hands\n|-damage|p2a: Iron Hands|70/100\n|cant|p2a: Iron Hands|flinch\n|\n|upkeep\n|turn|6\n|\n|t:|1695185067\n|switch|p1a: Brambleghast|Brambleghast, M|100/100\n|move|p2a: Iron Hands|Drain Punch|p1a: Brambleghast\n|-immune|p1a: Brambleghast\n|\n|upkeep\n|turn|7\n|\n|t:|1695185091\n|move|p1a: Brambleghast|Strength Sap|p2a: Iron Hands\n|-unboost|p2a: Iron Hands|atk|1\n|move|p2a: Iron Hands|Ice Punch|p1a: Brambleghast\n|-supereffective|p1a: Brambleghast\n|-damage|p1a: Brambleghast|2/100\n|\n|upkeep\n|turn|8\n|\n|t:|1695185097\n|move|p1a: Brambleghast|Strength Sap|p2a: Iron Hands\n|-unboost|p2a: Iron Hands|atk|1\n|-heal|p1a: Brambleghast|100/100\n|move|p2a: Iron Hands|Ice Punch|p1a: Brambleghast\n|-supereffective|p1a: Brambleghast\n|-damage|p1a: Brambleghast|28/100\n|\n|upkeep\n|turn|9\n|\n|t:|1695185132\n|move|p1a: Brambleghast|Strength Sap|p2a: Iron Hands\n|-unboost|p2a: Iron Hands|atk|1\n|-heal|p1a: Brambleghast|100/100\n|move|p2a: Iron Hands|Swords Dance|p2a: Iron Hands\n|-boost|p2a: Iron Hands|atk|2\n|\n|upkeep\n|turn|10\n|\n|t:|1695185144\n|move|p1a: Brambleghast|Power Whip|p2a: Iron Hands\n|-resisted|p2a: Iron Hands\n|-damage|p2a: Iron Hands|52/100\n|move|p2a: Iron Hands|Swords Dance|p2a: Iron Hands\n|-boost|p2a: Iron Hands|atk|2\n|\n|upkeep\n|turn|11\n|\n|t:|1695185154\n|move|p1a: Brambleghast|Power Whip|p2a: Iron Hands\n|-resisted|p2a: Iron Hands\n|-damage|p2a: Iron Hands|34/100\n|move|p2a: Iron Hands|Ice Punch|p1a: Brambleghast\n|-supereffective|p1a: Brambleghast\n|-damage|p1a: Brambleghast|0 fnt\n|faint|p1a: Brambleghast\n|\n|upkeep\n|\n|t:|1695185188\n|switch|p1a: Ambipom|Ambipom, F|100/100\n|turn|12\n|\n|t:|1695185190\n|move|p1a: Ambipom|Fake Out|p2a: Iron Hands\n|-damage|p2a: Iron Hands|14/100\n|cant|p2a: Iron Hands|flinch\n|\n|upkeep\n|turn|13\n|\n|t:|1695185193\n|move|p1a: Ambipom|Last Resort|p2a: Iron Hands\n|-damage|p2a: Iron Hands|0 fnt\n|faint|p2a: Iron Hands\n|-end|p2a: Iron Hands|Quark Drive|[silent]\n|\n|upkeep\n|\n|t:|1695185196\n|switch|p2a: Cresselia|Cresselia, F|100/100\n|-damage|p2a: Cresselia|88/100|[from] Stealth Rock\n|turn|14\n|\n|t:|1695185207\n|switch|p1a: Manaphy|Manaphy|89/100\n|move|p2a: Cresselia|Trick Room|p2a: Cresselia\n|-fieldstart|move: Trick Room|[of] p2a: Cresselia\n|\n|-heal|p1a: Manaphy|96/100|[from] item: Leftovers\n|upkeep\n|turn|15\n|\n|t:|1695185215\n|switch|p2a: Kingambit|Kingambit, F|100/100\n|-damage|p2a: Kingambit|94/100|[from] Stealth Rock\n|-activate|p2a: Kingambit|ability: Supreme Overlord\n|-start|p2a: Kingambit|fallen1|[silent]\n|move|p1a: Manaphy|Scald|p2a: Kingambit\n|-damage|p2a: Kingambit|64/100\n|\n|-heal|p2a: Kingambit|71/100|[from] item: Leftovers\n|-heal|p1a: Manaphy|100/100|[from] item: Leftovers\n|upkeep\n|turn|16\n|\n|t:|1695185226\n|move|p2a: Kingambit|Swords Dance|p2a: Kingambit\n|-boost|p2a: Kingambit|atk|2\n|move|p1a: Manaphy|Scald|p2a: Kingambit\n|-damage|p2a: Kingambit|41/100\n|\n|-heal|p2a: Kingambit|47/100|[from] item: Leftovers\n|upkeep\n|turn|17\n|\n|t:|1695185233\n|move|p2a: Kingambit|Kowtow Cleave|p1a: Manaphy\n|-damage|p1a: Manaphy|0 fnt\n|faint|p1a: Manaphy\n|\n|-heal|p2a: Kingambit|53/100|[from] item: Leftovers\n|upkeep\n|\n|t:|1695185249\n|switch|p1a: Ambipom|Ambipom, F|100/100\n|turn|18\n|\n|t:|1695185261\n|move|p1a: Ambipom|Fake Out|p2a: Kingambit\n|-resisted|p2a: Kingambit\n|-damage|p2a: Kingambit|42/100\n|cant|p2a: Kingambit|flinch\n|\n|-heal|p2a: Kingambit|48/100|[from] item: Leftovers\n|-fieldend|move: Trick Room\n|upkeep\n|turn|19\n|\n|t:|1695185267\n|switch|p1a: Conkeldurr|Conkeldurr, F|100/100\n|move|p2a: Kingambit|Sucker Punch||[still]\n|-fail|p2a: Kingambit\n|\n|-heal|p2a: Kingambit|54/100|[from] item: Leftovers\n|-status|p1a: Conkeldurr|brn|[from] item: Flame Orb\n|upkeep\n|turn|20\n|\n|t:|1695185272\n|move|p1a: Conkeldurr|Mach Punch|p2a: Kingambit\n|-supereffective|p2a: Kingambit\n|-damage|p2a: Kingambit|0 fnt\n|faint|p2a: Kingambit\n|-end|p2a: Kingambit|fallen1|[silent]\n|\n|-damage|p1a: Conkeldurr|94/100 brn|[from] brn\n|upkeep\n|\n|t:|1695185277\n|switch|p2a: Cresselia|Cresselia, F|88/100\n|-damage|p2a: Cresselia|76/100|[from] Stealth Rock\n|turn|21\n|\n|t:|1695185280\n|-terastallize|p1a: Conkeldurr|Normal\n|move|p2a: Cresselia|Moonblast|p1a: Conkeldurr\n|-damage|p1a: Conkeldurr|72/100 brn\n|-unboost|p1a: Conkeldurr|spa|1\n|move|p1a: Conkeldurr|Facade|p2a: Cresselia\n|-damage|p2a: Cresselia|2/100\n|\n|-damage|p1a: Conkeldurr|66/100 brn|[from] brn\n|upkeep\n|turn|22\n|\n|t:|1695185288\n|move|p1a: Conkeldurr|Mach Punch|p2a: Cresselia\n|-resisted|p2a: Cresselia\n|-damage|p2a: Cresselia|0 fnt\n|faint|p2a: Cresselia\n|\n|-damage|p1a: Conkeldurr|60/100 brn|[from] brn\n|upkeep\n|\n|t:|1695185299\n|switch|p2a: Hoopa|Hoopa-Unbound|100/100\n|-damage|p2a: Hoopa|88/100|[from] Stealth Rock\n|turn|23\n|\n|t:|1695185305\n|switch|p1a: Munkidori|Munkidori, M|100/100\n|move|p2a: Hoopa|Drain Punch|p1a: Munkidori\n|-resisted|p1a: Munkidori\n|-damage|p1a: Munkidori|87/100\n|-heal|p2a: Hoopa|94/100|[from] drain|[of] p1a: Munkidori\n|\n|upkeep\n|turn|24\n|\n|t:|1695185314\n|move|p1a: Munkidori|Sludge Wave|p2a: Hoopa\n|-damage|p2a: Hoopa|53/100\n|-status|p2a: Hoopa|psn\n|move|p2a: Hoopa|Trick Room|p2a: Hoopa\n|-fieldstart|move: Trick Room|[of] p2a: Hoopa\n|\n|-damage|p2a: Hoopa|41/100 psn|[from] psn\n|upkeep\n|turn|25\n|\n|t:|1695185321\n|move|p2a: Hoopa|Psychic|p1a: Munkidori\n|-damage|p1a: Munkidori|26/100\n|-unboost|p1a: Munkidori|spd|1\n|move|p1a: Munkidori|Sludge Wave|p2a: Hoopa\n|-damage|p2a: Hoopa|0 fnt\n|faint|p2a: Hoopa\n|\n|upkeep\n|\n|t:|1695185324\n|switch|p2a: Hatterene|Hatterene, F|100/100\n|-damage|p2a: Hatterene|88/100|[from] Stealth Rock\n|turn|26\n|\n|t:|1695185333\n|move|p2a: Hatterene|Psychic|p1a: Munkidori\n|-damage|p1a: Munkidori|0 fnt\n|faint|p1a: Munkidori\n|\n|upkeep\n|\n|t:|1695185336\n|switch|p1a: Ambipom|Ambipom, F|100/100\n|turn|27\n|\n|t:|1695185349\n|move|p1a: Ambipom|Fake Out|p2a: Hatterene\n|-damage|p2a: Hatterene|55/100\n|cant|p2a: Hatterene|flinch\n|\n|upkeep\n|turn|28\n|\n|t:|1695185352\n|move|p2a: Hatterene|Psychic|p1a: Ambipom\n|-damage|p1a: Ambipom|13/100\n|move|p1a: Ambipom|Last Resort|p2a: Hatterene\n|-damage|p2a: Hatterene|0 fnt\n|faint|p2a: Hatterene\n|\n|-fieldend|move: Trick Room\n|upkeep\n|\n|t:|1695185354\n|switch|p2a: Ursaluna|Ursaluna, M|100/100\n|-damage|p2a: Ursaluna|94/100|[from] Stealth Rock\n|turn|29\n|\n|t:|1695185357\n|move|p1a: Ambipom|Last Resort|p2a: Ursaluna\n|-damage|p2a: Ursaluna|39/100\n|move|p2a: Ursaluna|Facade|p1a: Ambipom\n|-damage|p1a: Ambipom|0 fnt\n|faint|p1a: Ambipom\n|\n|-status|p2a: Ursaluna|brn|[from] item: Flame Orb\n|upkeep\n|\n|t:|1695185363\n|switch|p1a: Conkeldurr|Conkeldurr, F, tera:Normal|60/100 brn\n|turn|30\n|\n|t:|1695185369\n|move|p1a: Conkeldurr|Mach Punch|p2a: Ursaluna\n|-supereffective|p2a: Ursaluna\n|-damage|p2a: Ursaluna|0 fnt\n|faint|p2a: Ursaluna\n|\n|win|Shadow2054\n|raw|Shadow2054's rating: 1221 &rarr; <strong>1241</strong><br />(+20 for winning)\n|raw|Thissauce's rating: 1153 &rarr; <strong>1133</strong><br />(-20 for losing)\n|l|\u2606Thissauce\n", "uploadtime": 1695185380, "views": 7, "p1id": "shadow2054", "p2id": "thissauce", "formatid": "gen9ou", "rating": 1133, "private": 0, "password": ""}