{"id": "gen9ou-1947643293", "p1": "4war4e", "p2": "Brainiac 5.0", "format": "gen9ou", "log": "|j|\u26064war4e\n|j|\u2606Brainiac 5.0\n|t:|1695181209\n|gametype|singles\n|player|p1|4war4e|1|1534\n|player|p2|Brainiac 5.0|blaine|1517\n|teamsize|p1|6\n|teamsize|p2|6\n|gen|9\n|tier|[Gen 9] OU\n|rated|\n|rule|Sleep Clause Mod: Limit one foe put to sleep\n|rule|Species Clause: Limit one of each Pok\u00e9mon\n|rule|OHKO Clause: OHKO moves are banned\n|rule|Evasion Items Clause: Evasion items are banned\n|rule|Evasion Moves Clause: Evasion moves are banned\n|rule|Endless Battle Clause: Forcing endless battles is banned\n|rule|HP Percentage Mod: HP is shown in percentages\n|clearpoke\n|poke|p1|Mew|\n|poke|p1|Ursaluna-Bloodmoon, M|\n|poke|p1|Ogerpon-Hearthflame, F|\n|poke|p1|Walking Wake|\n|poke|p1|Ninetales, F|\n|poke|p1|Great Tusk|\n|poke|p2|Ribombee, M|\n|poke|p2|Ogerpon-Wellspring, F|\n|poke|p2|Kingambit, M|\n|poke|p2|Ursaluna-Bloodmoon, M|\n|poke|p2|Gholdengo|\n|poke|p2|Samurott-Hisui, F|\n|teampreview\n|inactive|Battle timer is ON: inactive players will automatically lose when time's up. (requested by 4war4e)\n|\n|t:|1695181224\n|start\n|switch|p1a: Ursaluna|Ursaluna-Bloodmoon, M|100/100\n|switch|p2a: Ribombee|Ribombee, M|100/100\n|turn|1\n|\n|t:|1695181234\n|move|p2a: Ribombee|Sticky Web|p1a: Ursaluna\n|-sidestart|p1: 4war4e|move: Sticky Web\n|move|p1a: Ursaluna|Calm Mind|p1a: Ursaluna\n|-boost|p1a: Ursaluna|spa|1\n|-boost|p1a: Ursaluna|spd|1\n|\n|upkeep\n|turn|2\n|\n|t:|1695181237\n|move|p2a: Ribombee|Stun Spore|p1a: Ursaluna\n|-status|p1a: Ursaluna|par\n|cant|p1a: Ursaluna|par\n|\n|upkeep\n|turn|3\n|\n|t:|1695181258\n|move|p2a: Ribombee|U-turn|p1a: Ursaluna\n|-damage|p1a: Ursaluna|91/100 par\n|\n|t:|1695181262\n|switch|p2a: Samurott|Samurott-Hisui, F|100/100|[from] U-turn\n|cant|p1a: Ursaluna|par\n|\n|upkeep\n|turn|4\n|\n|t:|1695181266\n|move|p1a: Ursaluna|Vacuum Wave|p2a: Samurott\n|-supereffective|p2a: Samurott\n|-damage|p2a: Samurott|28/100\n|move|p2a: Samurott|Ceaseless Edge|p1a: Ursaluna|[miss]\n|-miss|p2a: Samurott|p1a: Ursaluna\n|\n|upkeep\n|turn|5\n|c|\u2606Brainiac 5.0|llmfao\n|\n|t:|1695181291\n|move|p1a: Ursaluna|Vacuum Wave|p2a: Samurott\n|-supereffective|p2a: Samurott\n|-crit|p2a: Samurott\n|-damage|p2a: Samurott|0 fnt\n|faint|p2a: Samurott\n|\n|upkeep\n|\n|t:|1695181299\n|switch|p2a: Gholdengo|Gholdengo|100/100\n|-item|p2a: Gholdengo|Air Balloon\n|turn|6\n|\n|t:|1695181303\n|move|p1a: Ursaluna|Vacuum Wave|p2a: Gholdengo\n|-supereffective|p2a: Gholdengo\n|-damage|p2a: Gholdengo|56/100\n|-enditem|p2a: Gholdengo|Air Balloon\n|move|p2a: Gholdengo|Focus Blast|p1a: Ursaluna|[miss]\n|-miss|p2a: Gholdengo|p1a: Ursaluna\n|\n|upkeep\n|turn|7\n|\n|t:|1695181309\n|move|p2a: Gholdengo|Focus Blast|p1a: Ursaluna\n|-supereffective|p1a: Ursaluna\n|-damage|p1a: Ursaluna|37/100 par\n|move|p1a: Ursaluna|Earth Power|p2a: Gholdengo\n|-supereffective|p2a: Gholdengo\n|-damage|p2a: Gholdengo|0 fnt\n|faint|p2a: Gholdengo\n|\n|upkeep\n|c|\u2606Brainiac 5.0|super cool\n|\n|t:|1695181319\n|switch|p2a: Ursaluna|Ursaluna-Bloodmoon, M|100/100\n|turn|8\n|\n|t:|1695181323\n|move|p2a: Ursaluna|Tera Blast|p1a: Ursaluna\n|-damage|p1a: Ursaluna|0 fnt\n|faint|p1a: Ursaluna\n|-damage|p2a: Ursaluna|91/100|[from] item: Life Orb\n|\n|upkeep\n|\n|t:|1695181332\n|switch|p1a: Great Tusk|Great Tusk|100/100\n|turn|9\n|c|\u2606Brainiac 5.0|bro isnt even gonna acknowledge it\n|\n|t:|1695181344\n|move|p1a: Great Tusk|Rapid Spin|p2a: Ursaluna\n|-damage|p2a: Ursaluna|80/100\n|-boost|p1a: Great Tusk|spe|1\n|-sideend|p1: 4war4e|Sticky Web|[from] move: Rapid Spin|[of] p1a: Great Tusk\n|move|p2a: Ursaluna|Moonblast|p1a: Great Tusk\n|-supereffective|p1a: Great Tusk\n|-damage|p1a: Great Tusk|0 fnt\n|faint|p1a: Great Tusk\n|-end|p1a: Great Tusk|Protosynthesis|[silent]\n|-damage|p2a: Ursaluna|70/100|[from] item: Life Orb\n|\n|upkeep\n|\n|t:|1695181351\n|switch|p1a: Ninetales|Ninetales, F|100/100\n|-weather|SunnyDay|[from] ability: Drought|[of] p1a: Ninetales\n|turn|10\n|\n|t:|1695181357\n|move|p1a: Ninetales|Energy Ball|p2a: Ursaluna\n|-supereffective|p2a: Ursaluna\n|-damage|p2a: Ursaluna|14/100\n|move|p2a: Ursaluna|Earth Power|p1a: Ninetales\n|-supereffective|p1a: Ninetales\n|-damage|p1a: Ninetales|0 fnt\n|faint|p1a: Ninetales\n|-damage|p2a: Ursaluna|5/100|[from] item: Life Orb\n|\n|-weather|SunnyDay|[upkeep]\n|upkeep\n|\n|t:|1695181360\n|switch|p1a: Walking Wake|Walking Wake|100/100\n|-activate|p1a: Walking Wake|ability: Protosynthesis\n|-start|p1a: Walking Wake|protosynthesisspe\n|turn|11\n|\n|t:|1695181362\n|move|p1a: Walking Wake|Hydro Steam|p2a: Ursaluna\n|-supereffective|p2a: Ursaluna\n|-damage|p2a: Ursaluna|0 fnt\n|faint|p2a: Ursaluna\n|\n|-weather|SunnyDay|[upkeep]\n|upkeep\n|\n|t:|1695181367\n|switch|p2a: Ribombee|Ribombee, M|100/100\n|turn|12\n|\n|t:|1695181369\n|move|p1a: Walking Wake|Hydro Steam|p2a: Ribombee\n|-enditem|p2a: Ribombee|Focus Sash\n|-damage|p2a: Ribombee|1/100\n|move|p2a: Ribombee|Moonblast|p1a: Walking Wake\n|-supereffective|p1a: Walking Wake\n|-damage|p1a: Walking Wake|9/100\n|\n|-weather|SunnyDay|[upkeep]\n|upkeep\n|turn|13\n|\n|t:|1695181375\n|move|p1a: Walking Wake|Hydro Steam|p2a: Ribombee\n|-damage|p2a: Ribombee|0 fnt\n|faint|p2a: Ribombee\n|\n|-weather|SunnyDay|[upkeep]\n|upkeep\n|\n|t:|1695181385\n|switch|p2a: Kingambit|Kingambit, M|100/100\n|-activate|p2a: Kingambit|ability: Supreme Overlord\n|-start|p2a: Kingambit|fallen4|[silent]\n|turn|14\n|\n|t:|1695181386\n|move|p2a: Kingambit|Sucker Punch|p1a: Walking Wake\n|-damage|p1a: Walking Wake|0 fnt\n|faint|p1a: Walking Wake\n|-end|p1a: Walking Wake|Protosynthesis|[silent]\n|\n|-weather|SunnyDay|[upkeep]\n|upkeep\n|\n|t:|1695181389\n|switch|p1a: Ogerpon|Ogerpon-Hearthflame, F|100/100\n|-ability|p1a: Ogerpon|Mold Breaker\n|turn|15\n|\n|t:|1695181396\n|move|p1a: Ogerpon|Ivy Cudgel|p2a: Kingambit\n|-supereffective|p2a: Kingambit\n|-damage|p2a: Kingambit|0 fnt\n|faint|p2a: Kingambit\n|-end|p2a: Kingambit|fallen4|[silent]\n|\n|-weather|SunnyDay|[upkeep]\n|upkeep\n|\n|t:|1695181398\n|switch|p2a: Ogerpon|Ogerpon-Wellspring, F|100/100\n|turn|16\n|\n|t:|1695181404\n|-terastallize|p2a: Ogerpon|Water\n|detailschange|p2a: Ogerpon|Ogerpon-Wellspring-Tera, F, tera:Water\n|-ability|p2a: Ogerpon|Embody Aspect (Wellspring)|boost\n|-boost|p2a: Ogerpon|spd|1\n|move|p2a: Ogerpon|Ivy Cudgel|p1a: Ogerpon\n|-damage|p1a: Ogerpon|45/100\n|move|p1a: Ogerpon|Ivy Cudgel|p2a: Ogerpon\n|-resisted|p2a: Ogerpon\n|-damage|p2a: Ogerpon|45/100\n|\n|-weather|SunnyDay|[upkeep]\n|upkeep\n|turn|17\n|\n|t:|1695181412\n|move|p1a: Ogerpon|Horn Leech|p2a: Ogerpon\n|-supereffective|p2a: Ogerpon\n|-damage|p2a: Ogerpon|0 fnt\n|-heal|p1a: Ogerpon|68/100|[from] drain|[of] p2a: Ogerpon\n|faint|p2a: Ogerpon\n|\n|win|4war4e\n|raw|4war4e's rating: 1534 &rarr; <strong>1553</strong><br />(+19 for winning)\n|raw|Brainiac 5.0's rating: 1517 &rarr; <strong>1498</strong><br />(-19 for losing)\n|l|\u2606Brainiac 5.0\n", "uploadtime": 1695181418, "views": 5, "p1id": "4war4e", "p2id": "brainiac50", "formatid": "gen9ou", "rating": 1498, "private": 0, "password": ""}