{"id": "gen9ou-1947653845", "p1": "ramen1107", "p2": "Katyqueen", "format": "gen9ou", "log": "|j|\u2606ramen1107\n|j|\u2606Katyqueen\n|t:|1695182496\n|gametype|singles\n|player|p1|ramen1107|steven|1089\n|player|p2|Katyqueen|shauntal|1129\n|teamsize|p1|6\n|teamsize|p2|6\n|gen|9\n|tier|[Gen 9] OU\n|rated|\n|rule|Sleep Clause Mod: Limit one foe put to sleep\n|rule|Species Clause: Limit one of each Pok\u00e9mon\n|rule|OHKO Clause: OHKO moves are banned\n|rule|Evasion Items Clause: Evasion items are banned\n|rule|Evasion Moves Clause: Evasion moves are banned\n|rule|Endless Battle Clause: Forcing endless battles is banned\n|rule|HP Percentage Mod: HP is shown in percentages\n|clearpoke\n|poke|p1|Iron Moth|\n|poke|p1|Ursaluna-Bloodmoon, M|\n|poke|p1|Great Tusk|\n|poke|p1|Kingambit, M|\n|poke|p1|Dragonite, M|\n|poke|p1|Iron Valiant|\n|poke|p2|Ninetales-Alola, M|\n|poke|p2|Sandslash-Alola, F|\n|poke|p2|Frosmoth, F|\n|poke|p2|Landorus-Therian, M|\n|poke|p2|Manaphy|\n|poke|p2|Kingambit, M|\n|teampreview\n|\n|t:|1695182529\n|start\n|switch|p1a: Iron Moth|Iron Moth|100/100\n|switch|p2a: Ninetales|Ninetales-Alola, M|100/100\n|-weather|Snow|[from] ability: Snow Warning|[of] p2a: Ninetales\n|-enditem|p1a: Iron Moth|Booster Energy\n|-activate|p1a: Iron Moth|ability: Quark Drive|[fromitem]\n|-start|p1a: Iron Moth|quarkdrivespe\n|turn|1\n|\n|t:|1695182546\n|move|p1a: Iron Moth|Fiery Dance|p2a: Ninetales\n|-supereffective|p2a: Ninetales\n|-damage|p2a: Ninetales|16/100\n|move|p2a: Ninetales|Aurora Veil|p2a: Ninetales\n|-sidestart|p2: Katyqueen|move: Aurora Veil\n|\n|-weather|Snow|[upkeep]\n|upkeep\n|turn|2\n|\n|t:|1695182560\n|switch|p2a: Manaphy|Manaphy|100/100\n|move|p1a: Iron Moth|Sludge Wave|p2a: Manaphy\n|-damage|p2a: Manaphy|78/100\n|\n|-weather|Snow|[upkeep]\n|upkeep\n|turn|3\n|\n|t:|1695182566\n|move|p1a: Iron Moth|Fiery Dance|p2a: Manaphy\n|-resisted|p2a: Manaphy\n|-damage|p2a: Manaphy|68/100\n|-boost|p1a: Iron Moth|spa|1\n|move|p2a: Manaphy|Tail Glow|p2a: Manaphy\n|-boost|p2a: Manaphy|spa|3\n|\n|-weather|Snow|[upkeep]\n|upkeep\n|turn|4\n|\n|t:|1695182574\n|move|p1a: Iron Moth|Fiery Dance|p2a: Manaphy\n|-resisted|p2a: Manaphy\n|-damage|p2a: Manaphy|52/100\n|-boost|p1a: Iron Moth|spa|1\n|move|p2a: Manaphy|Surf|p1a: Iron Moth\n|-supereffective|p1a: Iron Moth\n|-damage|p1a: Iron Moth|0 fnt\n|faint|p1a: Iron Moth\n|-end|p1a: Iron Moth|Quark Drive|[silent]\n|\n|-weather|Snow|[upkeep]\n|upkeep\n|inactive|Battle timer is ON: inactive players will automatically lose when time's up. (requested by Katyqueen)\n|\n|t:|1695182586\n|switch|p1a: Iron Valiant|Iron Valiant|100/100\n|-enditem|p1a: Iron Valiant|Booster Energy\n|-activate|p1a: Iron Valiant|ability: Quark Drive|[fromitem]\n|-start|p1a: Iron Valiant|quarkdrivespe\n|turn|5\n|\n|t:|1695182607\n|move|p1a: Iron Valiant|Thunderbolt|p2a: Manaphy\n|-supereffective|p2a: Manaphy\n|-damage|p2a: Manaphy|22/100\n|-status|p2a: Manaphy|par\n|move|p2a: Manaphy|Surf|p1a: Iron Valiant\n|-damage|p1a: Iron Valiant|0 fnt\n|faint|p1a: Iron Valiant\n|-end|p1a: Iron Valiant|Quark Drive|[silent]\n|\n|-weather|none\n|upkeep\n|\n|t:|1695182617\n|switch|p1a: Kingambit|Kingambit, M|100/100\n|-activate|p1a: Kingambit|ability: Supreme Overlord\n|-start|p1a: Kingambit|fallen2|[silent]\n|-item|p1a: Kingambit|Air Balloon\n|turn|6\n|-message|ramen1107 forfeited.\n|\n|win|Katyqueen\n|raw|ramen1107's rating: 1089 &rarr; <strong>1068</strong><br />(-21 for losing)\n|raw|Katyqueen's rating: 1129 &rarr; <strong>1151</strong><br />(+22 for winning)\n|l|\u2606ramen1107\n", "uploadtime": 1695182629, "views": 5, "p1id": "ramen1107", "p2id": "katyqueen", "formatid": "gen9ou", "rating": 1068, "private": 0, "password": ""}