{"id": "gen9ou-1947626205", "p1": "Socriet", "p2": "sticky one still", "format": "gen9ou", "log": "|j|\u2606Socriet\n|j|\u2606sticky one still\n|t:|1695179294\n|gametype|singles\n|player|p1|Socriet|101|1542\n|player|p2|sticky one still|marlon|1561\n|teamsize|p1|6\n|teamsize|p2|6\n|gen|9\n|tier|[Gen 9] OU\n|rated|\n|rule|Sleep Clause Mod: Limit one foe put to sleep\n|rule|Species Clause: Limit one of each Pok\u00e9mon\n|rule|OHKO Clause: OHKO moves are banned\n|rule|Evasion Items Clause: Evasion items are banned\n|rule|Evasion Moves Clause: Evasion moves are banned\n|rule|Endless Battle Clause: Forcing endless battles is banned\n|rule|HP Percentage Mod: HP is shown in percentages\n|clearpoke\n|poke|p1|Samurott-Hisui, M|\n|poke|p1|Dragonite, M|\n|poke|p1|Great Tusk|\n|poke|p1|Enamorus, F|\n|poke|p1|Gholdengo|\n|poke|p1|Slowking-Galar, M|\n|poke|p2|Rillaboom, M|\n|poke|p2|Ogerpon, F|\n|poke|p2|Dragapult, F|\n|poke|p2|Kommo-o, F|\n|poke|p2|Toxapex, F|\n|poke|p2|Great Tusk|\n|teampreview\n|inactive|Battle timer is ON: inactive players will automatically lose when time's up. (requested by Socriet)\n|inactive|sticky one still has 120 seconds left.\n|\n|t:|1695179342\n|start\n|switch|p1a: Enamorus|Enamorus, F|100/100\n|switch|p2a: swagapult|Dragapult, F|100/100\n|turn|1\n|\n|t:|1695179354\n|switch|p2a: toxicex|Toxapex, F|100/100\n|move|p1a: Enamorus|Earth Power|p2a: toxicex\n|-supereffective|p2a: toxicex\n|-damage|p2a: toxicex|43/100\n|-unboost|p2a: toxicex|spd|1\n|\n|-heal|p2a: toxicex|49/100|[from] item: Leftovers\n|upkeep\n|turn|2\n|inactive|Socriet has 120 seconds left.\n|\n|t:|1695179407\n|switch|p1a: Gholdengo|Gholdengo|100/100\n|-item|p1a: Gholdengo|Air Balloon\n|switch|p2a: 3.5 for 20|Rillaboom, M|100/100\n|-fieldstart|move: Grassy Terrain|[from] ability: Grassy Surge|[of] p2a: 3.5 for 20\n|\n|upkeep\n|turn|3\n|inactive|Socriet has 120 seconds left.\n|\n|t:|1695179422\n|move|p2a: 3.5 for 20|Swords Dance|p2a: 3.5 for 20\n|-boost|p2a: 3.5 for 20|atk|2\n|move|p1a: Gholdengo|Shadow Ball|p2a: 3.5 for 20\n|-damage|p2a: 3.5 for 20|50/100\n|\n|-heal|p2a: 3.5 for 20|56/100|[from] Grassy Terrain\n|upkeep\n|turn|4\n|inactive|Socriet has 120 seconds left.\n|\n|t:|1695179432\n|switch|p1a: Dragonite|Dragonite, M|100/100\n|move|p2a: 3.5 for 20|Knock Off|p1a: Dragonite\n|-damage|p1a: Dragonite|72/100\n|-enditem|p1a: Dragonite|Heavy-Duty Boots|[from] move: Knock Off|[of] p2a: 3.5 for 20\n|\n|-heal|p2a: 3.5 for 20|62/100|[from] Grassy Terrain\n|upkeep\n|turn|5\n|inactive|Socriet has 120 seconds left.\n|\n|t:|1695179460\n|move|p2a: 3.5 for 20|U-turn|p1a: Dragonite\n|-resisted|p1a: Dragonite\n|-damage|p1a: Dragonite|53/100\n|\n|t:|1695179464\n|switch|p2a: no kommotion|Kommo-o, F|100/100|[from] U-turn\n|move|p1a: Dragonite|Roost|p1a: Dragonite\n|-heal|p1a: Dragonite|100/100\n|-singleturn|p1a: Dragonite|move: Roost\n|\n|upkeep\n|turn|6\n|\n|t:|1695179488\n|switch|p1a: Slowking|Slowking-Galar, M|100/100\n|move|p2a: no kommotion|Stealth Rock|p1a: Slowking\n|-sidestart|p1: Socriet|move: Stealth Rock\n|\n|upkeep\n|turn|7\n|inactive|sticky one still has 120 seconds left.\n|\n|t:|1695179520\n|switch|p2a: humble tusk|Great Tusk|100/100\n|move|p1a: Slowking|Future Sight|p2a: humble tusk\n|-start|p1a: Slowking|move: Future Sight\n|\n|upkeep\n|turn|8\n|\n|t:|1695179532\n|switch|p1a: Great Tusk|Great Tusk|100/100\n|-damage|p1a: Great Tusk|98/100|[from] Stealth Rock\n|move|p2a: humble tusk|Headlong Rush|p1a: Great Tusk\n|-damage|p1a: Great Tusk|66/100\n|-unboost|p2a: humble tusk|def|1\n|-unboost|p2a: humble tusk|spd|1\n|\n|-heal|p1a: Great Tusk|72/100|[from] Grassy Terrain\n|-heal|p1a: Great Tusk|79/100|[from] item: Leftovers\n|upkeep\n|turn|9\n|\n|t:|1695179539\n|-end|p2a: humble tusk|Protosynthesis|[silent]\n|switch|p2a: swagapult|Dragapult, F|100/100\n|move|p1a: Great Tusk|Stealth Rock|p2a: swagapult\n|-sidestart|p2: sticky one still|move: Stealth Rock\n|\n|-end|p2a: swagapult|move: Future Sight\n|-damage|p2a: swagapult|37/100\n|-heal|p2a: swagapult|43/100|[from] Grassy Terrain\n|-heal|p1a: Great Tusk|85/100|[from] Grassy Terrain\n|-heal|p1a: Great Tusk|91/100|[from] item: Leftovers\n|-fieldend|move: Grassy Terrain\n|upkeep\n|turn|10\n|inactive|Socriet has 120 seconds left.\n|\n|t:|1695179553\n|-end|p1a: Great Tusk|Protosynthesis|[silent]\n|switch|p1a: Slowking|Slowking-Galar, M|100/100\n|move|p2a: swagapult|Shadow Ball|p1a: Slowking\n|-supereffective|p1a: Slowking\n|-damage|p1a: Slowking|41/100\n|\n|upkeep\n|turn|11\n|inactive|Socriet has 120 seconds left.\n|\n|t:|1695179569\n|switch|p1a: Samurott|Samurott-Hisui, M|100/100\n|-damage|p1a: Samurott|88/100|[from] Stealth Rock\n|move|p2a: swagapult|Shadow Ball|p1a: Samurott\n|-resisted|p1a: Samurott\n|-damage|p1a: Samurott|50/100\n|\n|upkeep\n|turn|12\n|inactive|Socriet has 120 seconds left.\n|\n|t:|1695179582\n|-terastallize|p2a: swagapult|Ghost\n|move|p1a: Samurott|Razor Shell|p2a: swagapult\n|-damage|p2a: swagapult|0 fnt\n|faint|p2a: swagapult\n|\n|upkeep\n|\n|t:|1695179588\n|switch|p2a: 3.5 for 20|Rillaboom, M|62/100\n|-damage|p2a: 3.5 for 20|50/100|[from] Stealth Rock\n|-fieldstart|move: Grassy Terrain|[from] ability: Grassy Surge|[of] p2a: 3.5 for 20\n|turn|13\n|inactive|Socriet has 120 seconds left.\n|\n|t:|1695179600\n|switch|p1a: Gholdengo|Gholdengo|100/100\n|-damage|p1a: Gholdengo|94/100|[from] Stealth Rock\n|-item|p1a: Gholdengo|Air Balloon\n|move|p2a: 3.5 for 20|Grassy Glide|p1a: Gholdengo\n|-resisted|p1a: Gholdengo\n|-damage|p1a: Gholdengo|77/100\n|-enditem|p1a: Gholdengo|Air Balloon\n|\n|-heal|p2a: 3.5 for 20|56/100|[from] Grassy Terrain\n|-heal|p1a: Gholdengo|83/100|[from] Grassy Terrain\n|upkeep\n|turn|14\n|inactive|Socriet has 120 seconds left.\n|\n|t:|1695179626\n|switch|p2a: toxicex|Toxapex, F|82/100\n|-damage|p2a: toxicex|70/100|[from] Stealth Rock\n|move|p1a: Gholdengo|Nasty Plot|p1a: Gholdengo\n|-boost|p1a: Gholdengo|spa|2\n|\n|-heal|p1a: Gholdengo|89/100|[from] Grassy Terrain\n|-heal|p2a: toxicex|76/100|[from] Grassy Terrain\n|-heal|p2a: toxicex|82/100|[from] item: Leftovers\n|upkeep\n|turn|15\n|inactive|sticky one still has 120 seconds left.\n|\n|t:|1695179657\n|move|p1a: Gholdengo|Shadow Ball|p2a: toxicex\n|-damage|p2a: toxicex|30/100\n|move|p2a: toxicex|Haze|p2a: toxicex\n|-clearallboost\n|\n|-heal|p1a: Gholdengo|95/100|[from] Grassy Terrain\n|-heal|p2a: toxicex|36/100|[from] Grassy Terrain\n|-heal|p2a: toxicex|42/100|[from] item: Leftovers\n|upkeep\n|turn|16\n|\n|t:|1695179667\n|switch|p2a: humble tusk|Great Tusk|100/100\n|move|p1a: Gholdengo|Nasty Plot|p1a: Gholdengo\n|-boost|p1a: Gholdengo|spa|2\n|\n|-heal|p1a: Gholdengo|100/100|[from] Grassy Terrain\n|upkeep\n|turn|17\n|inactive|Socriet has 120 seconds left.\n|\n|t:|1695179685\n|switch|p1a: Great Tusk|Great Tusk|91/100\n|-damage|p1a: Great Tusk|88/100|[from] Stealth Rock\n|move|p2a: humble tusk|Headlong Rush|p1a: Great Tusk\n|-damage|p1a: Great Tusk|57/100\n|-unboost|p2a: humble tusk|def|1\n|-unboost|p2a: humble tusk|spd|1\n|\n|-heal|p1a: Great Tusk|64/100|[from] Grassy Terrain\n|-heal|p1a: Great Tusk|70/100|[from] item: Leftovers\n|upkeep\n|turn|18\n|\n|t:|1695179693\n|move|p2a: humble tusk|Knock Off|p1a: Great Tusk\n|-resisted|p1a: Great Tusk\n|-damage|p1a: Great Tusk|62/100\n|-enditem|p1a: Great Tusk|Leftovers|[from] move: Knock Off|[of] p2a: humble tusk\n|move|p1a: Great Tusk|Rapid Spin|p2a: humble tusk\n|-damage|p2a: humble tusk|84/100\n|-boost|p1a: Great Tusk|spe|1\n|-sideend|p1: Socriet|Stealth Rock|[from] move: Rapid Spin|[of] p1a: Great Tusk\n|\n|-heal|p1a: Great Tusk|68/100|[from] Grassy Terrain\n|-heal|p2a: humble tusk|90/100|[from] Grassy Terrain\n|upkeep\n|turn|19\n|inactive|Socriet has 120 seconds left.\n|\n|t:|1695179700\n|move|p1a: Great Tusk|Knock Off|p2a: humble tusk\n|-resisted|p2a: humble tusk\n|-damage|p2a: humble tusk|74/100\n|-enditem|p2a: humble tusk|Heavy-Duty Boots|[from] move: Knock Off|[of] p1a: Great Tusk\n|move|p2a: humble tusk|Rapid Spin|p1a: Great Tusk\n|-damage|p1a: Great Tusk|60/100\n|-boost|p2a: humble tusk|spe|1\n|-sideend|p2: sticky one still|Stealth Rock|[from] move: Rapid Spin|[of] p2a: humble tusk\n|\n|-heal|p2a: humble tusk|80/100|[from] Grassy Terrain\n|-heal|p1a: Great Tusk|66/100|[from] Grassy Terrain\n|upkeep\n|turn|20\n|inactive|sticky one still has 120 seconds left.\n|\n|t:|1695179749\n|move|p2a: humble tusk|Headlong Rush|p1a: Great Tusk\n|-damage|p1a: Great Tusk|39/100\n|-unboost|p2a: humble tusk|def|1\n|-unboost|p2a: humble tusk|spd|1\n|move|p1a: Great Tusk|Stealth Rock|p2a: humble tusk\n|-sidestart|p2: sticky one still|move: Stealth Rock\n|\n|-heal|p2a: humble tusk|86/100|[from] Grassy Terrain\n|-heal|p1a: Great Tusk|45/100|[from] Grassy Terrain\n|-fieldend|move: Grassy Terrain\n|upkeep\n|turn|21\n|inactive|sticky one still has 90 seconds left.\n|l|\u2606sticky one still\n|inactive|sticky one still disconnected and has a minute to reconnect!\n|player|p2|\n|j|\u2606sticky one still\n|inactive|sticky one still reconnected and has 65 seconds left.\n|player|p2|sticky one still|marlon\n|inactive|sticky one still has 60 seconds left.\n|\n|t:|1695179810\n|-end|p2a: humble tusk|Protosynthesis|[silent]\n|switch|p2a: 3.5 for 20|Rillaboom, M|56/100\n|-damage|p2a: 3.5 for 20|44/100|[from] Stealth Rock\n|-fieldstart|move: Grassy Terrain|[from] ability: Grassy Surge|[of] p2a: 3.5 for 20\n|move|p1a: Great Tusk|Earthquake|p2a: 3.5 for 20\n|-resisted|p2a: 3.5 for 20\n|-damage|p2a: 3.5 for 20|34/100\n|\n|-heal|p1a: Great Tusk|51/100|[from] Grassy Terrain\n|-heal|p2a: 3.5 for 20|40/100|[from] Grassy Terrain\n|upkeep\n|turn|22\n|inactive|sticky one still has 60 seconds left.\n|\n|t:|1695179824\n|move|p1a: Great Tusk|Knock Off|p2a: 3.5 for 20\n|-damage|p2a: 3.5 for 20|12/100\n|-enditem|p2a: 3.5 for 20|Terrain Extender|[from] move: Knock Off|[of] p1a: Great Tusk\n|move|p2a: 3.5 for 20|Swords Dance|p2a: 3.5 for 20\n|-boost|p2a: 3.5 for 20|atk|2\n|\n|-heal|p1a: Great Tusk|57/100|[from] Grassy Terrain\n|-heal|p2a: 3.5 for 20|19/100|[from] Grassy Terrain\n|upkeep\n|turn|23\n|\n|t:|1695179834\n|move|p2a: 3.5 for 20|Grassy Glide|p1a: Great Tusk\n|-supereffective|p1a: Great Tusk\n|-damage|p1a: Great Tusk|0 fnt\n|faint|p1a: Great Tusk\n|-end|p1a: Great Tusk|Protosynthesis|[silent]\n|\n|-heal|p2a: 3.5 for 20|25/100|[from] Grassy Terrain\n|upkeep\n|inactive|Socriet has 120 seconds left.\n|\n|t:|1695179868\n|switch|p1a: Enamorus|Enamorus, F|100/100\n|turn|24\n|\n|t:|1695179876\n|move|p2a: 3.5 for 20|Grassy Glide|p1a: Enamorus\n|-resisted|p1a: Enamorus\n|-damage|p1a: Enamorus|56/100\n|move|p1a: Enamorus|Psychic|p2a: 3.5 for 20\n|-damage|p2a: 3.5 for 20|0 fnt\n|faint|p2a: 3.5 for 20\n|\n|upkeep\n|\n|t:|1695179880\n|switch|p2a: flower power|Ogerpon, F|100/100\n|-damage|p2a: flower power|88/100|[from] Stealth Rock\n|turn|25\n|\n|t:|1695179894\n|switch|p1a: Dragonite|Dragonite, M|100/100\n|move|p2a: flower power|Ivy Cudgel|p1a: Dragonite\n|-resisted|p1a: Dragonite\n|-damage|p1a: Dragonite|89/100\n|\n|-heal|p2a: flower power|94/100|[from] Grassy Terrain\n|upkeep\n|turn|26\n|inactive|Socriet has 120 seconds left.\n|inactive|Socriet has 90 seconds left.\n|\n|t:|1695179952\n|switch|p2a: no kommotion|Kommo-o, F|100/100\n|-damage|p2a: no kommotion|94/100|[from] Stealth Rock\n|move|p1a: Dragonite|Extreme Speed|p2a: no kommotion\n|-damage|p2a: no kommotion|75/100\n|-damage|p1a: Dragonite|73/100|[from] item: Rocky Helmet|[of] p2a: no kommotion\n|\n|-heal|p2a: no kommotion|82/100|[from] Grassy Terrain\n|upkeep\n|turn|27\n|inactive|Socriet has 90 seconds left.\n|inactive|sticky one still has 90 seconds left.\n|\n|t:|1695179987\n|switch|p1a: Enamorus|Enamorus, F|56/100\n|move|p2a: no kommotion|Stealth Rock|p1a: Enamorus\n|-sidestart|p1: Socriet|move: Stealth Rock\n|\n|-heal|p2a: no kommotion|88/100|[from] Grassy Terrain\n|upkeep\n|turn|28\n|\n|t:|1695179994\n|switch|p2a: toxicex|Toxapex, F|75/100\n|-damage|p2a: toxicex|63/100|[from] Stealth Rock\n|move|p1a: Enamorus|Psychic|p2a: toxicex\n|-supereffective|p2a: toxicex\n|-damage|p2a: toxicex|7/100\n|\n|-heal|p2a: toxicex|13/100|[from] Grassy Terrain\n|-heal|p2a: toxicex|20/100|[from] item: Leftovers\n|-fieldend|move: Grassy Terrain\n|upkeep\n|turn|29\n|\n|t:|1695180000\n|move|p1a: Enamorus|Psychic|p2a: toxicex\n|-supereffective|p2a: toxicex\n|-damage|p2a: toxicex|0 fnt\n|faint|p2a: toxicex\n|\n|upkeep\n|\n|t:|1695180004\n|switch|p2a: flower power|Ogerpon, F|94/100\n|-damage|p2a: flower power|82/100|[from] Stealth Rock\n|turn|30\n|inactive|Socriet has 90 seconds left.\n|\n|t:|1695180021\n|switch|p2a: humble tusk|Great Tusk|86/100\n|-damage|p2a: humble tusk|83/100|[from] Stealth Rock\n|switch|p1a: Gholdengo|Gholdengo|100/100\n|-damage|p1a: Gholdengo|94/100|[from] Stealth Rock\n|\n|upkeep\n|turn|31\n|j| logicless_bt\n|j| mantaray202\n|inactive|sticky one still has 90 seconds left.\n|l|\u2606sticky one still\n|inactive|sticky one still disconnected and has a minute to reconnect!\n|player|p2|\n|j|\u2606sticky one still\n|inactive|sticky one still reconnected and has 65 seconds left.\n|player|p2|sticky one still|marlon\n|inactive|sticky one still has 60 seconds left.\n|\n|t:|1695180079\n|move|p2a: humble tusk|Headlong Rush|p1a: Gholdengo\n|-supereffective|p1a: Gholdengo\n|-damage|p1a: Gholdengo|0 fnt\n|-unboost|p2a: humble tusk|def|1\n|-unboost|p2a: humble tusk|spd|1\n|faint|p1a: Gholdengo\n|\n|upkeep\n|inactive|Socriet has 90 seconds left.\n|\n|t:|1695180109\n|switch|p1a: Enamorus|Enamorus, F|56/100\n|-damage|p1a: Enamorus|31/100|[from] Stealth Rock\n|turn|32\n|inactive|sticky one still has 60 seconds left.\n|\n|t:|1695180148\n|move|p1a: Enamorus|Moonblast|p2a: humble tusk\n|-supereffective|p2a: humble tusk\n|-damage|p2a: humble tusk|0 fnt\n|faint|p2a: humble tusk\n|-end|p2a: humble tusk|Protosynthesis|[silent]\n|\n|upkeep\n|\n|t:|1695180150\n|switch|p2a: flower power|Ogerpon, F|82/100\n|-damage|p2a: flower power|70/100|[from] Stealth Rock\n|turn|33\n|inactive|Socriet has 90 seconds left.\n|\n|t:|1695180156\n|switch|p1a: Dragonite|Dragonite, M|73/100\n|-damage|p1a: Dragonite|48/100|[from] Stealth Rock\n|move|p2a: flower power|Ivy Cudgel|p1a: Dragonite\n|-resisted|p1a: Dragonite\n|-crit|p1a: Dragonite\n|-damage|p1a: Dragonite|22/100\n|\n|upkeep\n|turn|34\n|\n|t:|1695180164\n|move|p2a: flower power|Ivy Cudgel|p1a: Dragonite\n|-resisted|p1a: Dragonite\n|-crit|p1a: Dragonite\n|-damage|p1a: Dragonite|0 fnt\n|faint|p1a: Dragonite\n|\n|upkeep\n|\n|t:|1695180174\n|switch|p1a: Samurott|Samurott-Hisui, M|50/100\n|-damage|p1a: Samurott|37/100|[from] Stealth Rock\n|turn|35\n|\n|t:|1695180186\n|switch|p1a: Enamorus|Enamorus, F|31/100\n|-damage|p1a: Enamorus|6/100|[from] Stealth Rock\n|switch|p2a: no kommotion|Kommo-o, F|88/100\n|-damage|p2a: no kommotion|82/100|[from] Stealth Rock\n|\n|upkeep\n|turn|36\n|c|\u2606sticky one still|gg\n|c|\u2606sticky one still|wp\n|c|\u2606Socriet|gg\n|c|\u2606Socriet|wp to you too\n|inactive|sticky one still has 60 seconds left.\n|\n|t:|1695180201\n|move|p1a: Enamorus|Moonblast|p2a: no kommotion\n|-supereffective|p2a: no kommotion\n|-damage|p2a: no kommotion|0 fnt\n|faint|p2a: no kommotion\n|\n|upkeep\n|c|\u2606Socriet|not over yet tho\n|\n|t:|1695180205\n|switch|p2a: flower power|Ogerpon, F|70/100\n|-damage|p2a: flower power|57/100|[from] Stealth Rock\n|turn|37\n|\n|t:|1695180209\n|move|p2a: flower power|Ivy Cudgel|p1a: Enamorus\n|-resisted|p1a: Enamorus\n|-damage|p1a: Enamorus|0 fnt\n|faint|p1a: Enamorus\n|\n|upkeep\n|\n|t:|1695180215\n|switch|p1a: Samurott|Samurott-Hisui, M|37/100\n|-damage|p1a: Samurott|25/100|[from] Stealth Rock\n|turn|38\n|inactive|Socriet has 120 seconds left.\n|\n|t:|1695180230\n|move|p1a: Samurott|Ceaseless Edge|p2a: flower power\n|-damage|p2a: flower power|4/100\n|-sidestart|p2: sticky one still|Spikes\n|move|p2a: flower power|Ivy Cudgel|p1a: Samurott\n|-supereffective|p1a: Samurott\n|-crit|p1a: Samurott\n|-damage|p1a: Samurott|0 fnt\n|faint|p1a: Samurott\n|\n|upkeep\n|inactive|Socriet has 120 seconds left.\n|c|\u2606sticky one still|no way\n|\n|t:|1695180237\n|switch|p1a: Slowking|Slowking-Galar, M|74/100\n|turn|39\n|c|\u2606sticky one still|u dont live this\n|inactive|sticky one still has 90 seconds left.\n|c|\u2606sticky one still|even with a crit\n|\n|t:|1695180245\n|-terastallize|p1a: Slowking|Grass\n|move|p2a: flower power|Ivy Cudgel|p1a: Slowking\n|-resisted|p1a: Slowking\n|-damage|p1a: Slowking|33/100\n|move|p1a: Slowking|Sludge Bomb|p2a: flower power\n|-supereffective|p2a: flower power\n|-damage|p2a: flower power|0 fnt\n|faint|p2a: flower power\n|\n|win|Socriet\n|raw|Socriet's rating: 1542 &rarr; <strong>1561</strong><br />(+19 for winning)\n|raw|sticky one still's rating: 1522 &rarr; <strong>1503</strong><br />(-19 for losing)\n|c|\u2606sticky one still|gg\n|l|\u2606sticky one still\n|c|\u2606Socriet|gg haha\n|l| mantaray202\n|l| logicless_bt\n", "uploadtime": 1695181067, "views": 3, "p1id": "socriet", "p2id": "stickyonestill", "formatid": "gen9ou", "rating": 1503, "private": 0, "password": ""}