{"id": "gen9ou-1947698360", "p1": "waha8", "p2": "smo's mad", "format": "gen9ou", "log": "|j|\u2606waha8\n|j|\u2606smo's mad\n|t:|1695188835\n|gametype|singles\n|player|p1|waha8|265|1471\n|player|p2|smo's mad|scientist-gen4|1371\n|teamsize|p1|6\n|teamsize|p2|6\n|gen|9\n|tier|[Gen 9] OU\n|rated|\n|rule|Sleep Clause Mod: Limit one foe put to sleep\n|rule|Species Clause: Limit one of each Pok\u00e9mon\n|rule|OHKO Clause: OHKO moves are banned\n|rule|Evasion Items Clause: Evasion items are banned\n|rule|Evasion Moves Clause: Evasion moves are banned\n|rule|Endless Battle Clause: Forcing endless battles is banned\n|rule|HP Percentage Mod: HP is shown in percentages\n|clearpoke\n|poke|p1|Lokix, M|\n|poke|p1|Ribombee, F|\n|poke|p1|Gholdengo|\n|poke|p1|Dragonite, M|\n|poke|p1|Slowking-Galar, F|\n|poke|p1|Chandelure, F|\n|poke|p2|Jirachi|\n|poke|p2|Roaring Moon|\n|poke|p2|Great Tusk|\n|poke|p2|Ceruledge, F|\n|poke|p2|Zapdos|\n|poke|p2|Ninetales-Alola, F|\n|teampreview\n|\n|t:|1695188854\n|start\n|switch|p1a: Chandelure|Chandelure, F|100/100\n|switch|p2a: Ceruledge|Ceruledge, F|100/100\n|turn|1\n|\n|t:|1695188863\n|move|p2a: Ceruledge|Poltergeist|p1a: Chandelure\n|-activate|p1a: Chandelure|move: Poltergeist|Leftovers\n|-supereffective|p1a: Chandelure\n|-damage|p1a: Chandelure|0 fnt\n|faint|p1a: Chandelure\n|\n|upkeep\n|\n|t:|1695188874\n|switch|p1a: Dragonite|Dragonite, M|100/100\n|turn|2\n|\n|t:|1695188885\n|switch|p2a: Ninetales|Ninetales-Alola, F|100/100\n|-weather|Snow|[from] ability: Snow Warning|[of] p2a: Ninetales\n|move|p1a: Dragonite|Dragon Dance|p1a: Dragonite\n|-boost|p1a: Dragonite|atk|1\n|-boost|p1a: Dragonite|spe|1\n|\n|-weather|Snow|[upkeep]\n|upkeep\n|turn|3\n|\n|t:|1695188897\n|switch|p1a: Gholdengo|Gholdengo|100/100\n|move|p2a: Ninetales|Aurora Veil|p2a: Ninetales\n|-sidestart|p2: smo's mad|move: Aurora Veil\n|\n|-weather|Snow|[upkeep]\n|upkeep\n|turn|4\n|\n|t:|1695188906\n|switch|p2a: Roaring Moon|Roaring Moon|100/100\n|-enditem|p2a: Roaring Moon|Booster Energy\n|-activate|p2a: Roaring Moon|ability: Protosynthesis|[fromitem]\n|-start|p2a: Roaring Moon|protosynthesisatk\n|move|p1a: Gholdengo|Nasty Plot|p1a: Gholdengo\n|-boost|p1a: Gholdengo|spa|2\n|\n|-weather|Snow|[upkeep]\n|upkeep\n|turn|5\n|\n|t:|1695188916\n|move|p2a: Roaring Moon|Knock Off|p1a: Gholdengo\n|-supereffective|p1a: Gholdengo\n|-damage|p1a: Gholdengo|0 fnt\n|-enditem|p1a: Gholdengo|Leftovers|[from] move: Knock Off|[of] p2a: Roaring Moon\n|faint|p1a: Gholdengo\n|\n|-weather|Snow|[upkeep]\n|upkeep\n|\n|t:|1695188925\n|switch|p1a: Lokix|Lokix, M|100/100\n|turn|6\n|\n|t:|1695188929\n|move|p2a: Roaring Moon|Acrobatics|p1a: Lokix\n|-supereffective|p1a: Lokix\n|-damage|p1a: Lokix|0 fnt\n|faint|p1a: Lokix\n|\n|-weather|none\n|upkeep\n|-message|waha8 forfeited.\n|\n|win|smo's mad\n|raw|waha8's rating: 1471 &rarr; <strong>1445</strong><br />(-26 for losing)\n|raw|smo&apos;s mad's rating: 1371 &rarr; <strong>1397</strong><br />(+26 for winning)\n|l|\u2606waha8\n", "uploadtime": 1695188951, "views": 9, "p1id": "waha8", "p2id": "smosmad", "formatid": "gen9ou", "rating": 1397, "private": 0, "password": ""}