{"id": "gen9ou-1947666230", "p1": "Miguelissussybaka", "p2": "JachiMalz", "format": "gen9ou", "log": "|j|\u2606Miguelissussybaka\n|j|\u2606JachiMalz\n|t:|1695184135\n|gametype|singles\n|player|p1|Miguelissussybaka|infielder|1299\n|player|p2|JachiMalz|rocketgruntf|1321\n|teamsize|p1|6\n|teamsize|p2|6\n|gen|9\n|tier|[Gen 9] OU\n|rated|\n|rule|Sleep Clause Mod: Limit one foe put to sleep\n|rule|Species Clause: Limit one of each Pok\u00e9mon\n|rule|OHKO Clause: OHKO moves are banned\n|rule|Evasion Items Clause: Evasion items are banned\n|rule|Evasion Moves Clause: Evasion moves are banned\n|rule|Endless Battle Clause: Forcing endless battles is banned\n|rule|HP Percentage Mod: HP is shown in percentages\n|clearpoke\n|poke|p1|Kingambit, F|\n|poke|p1|Sinistcha|\n|poke|p1|Sneasler, F|\n|poke|p1|Fezandipiti, M|\n|poke|p1|Gliscor, M|\n|poke|p1|Infernape, F|\n|poke|p2|Milotic, F|\n|poke|p2|Dragapult, F|\n|poke|p2|Landorus-Therian, M|\n|poke|p2|Great Tusk|\n|poke|p2|Roaring Moon|\n|poke|p2|Corviknight, F|\n|teampreview\n|inactive|Battle timer is ON: inactive players will automatically lose when time's up. (requested by Miguelissussybaka)\n|\n|t:|1695184153\n|start\n|switch|p1a: Sneasler|Sneasler, F|100/100\n|switch|p2a: Roaring Moon|Roaring Moon|100/100\n|turn|1\n|inactive|JachiMalz has 120 seconds left.\n|c|\u2606Miguelissussybaka|:0\n|inactive|JachiMalz has 90 seconds left.\n|\n|t:|1695184222\n|-end|p2a: Roaring Moon|Protosynthesis|[silent]\n|switch|p2a: Landorus|Landorus-Therian, M|100/100\n|-ability|p2a: Landorus|Intimidate|boost\n|-unboost|p1a: Sneasler|atk|1\n|move|p1a: Sneasler|U-turn|p2a: Landorus\n|-resisted|p2a: Landorus\n|-damage|p2a: Landorus|91/100\n|\n|t:|1695184241\n|switch|p1a: Gliscor|Gliscor, M|100/100|[from] U-turn\n|\n|-status|p1a: Gliscor|tox|[from] item: Toxic Orb\n|upkeep\n|turn|2\n|inactive|JachiMalz has 90 seconds left.\n|\n|t:|1695184254\n|move|p2a: Landorus|U-turn|p1a: Gliscor\n|-resisted|p1a: Gliscor\n|-damage|p1a: Gliscor|93/100 tox\n|\n|t:|1695184255\n|switch|p2a: Corviknight|Corviknight, F|100/100|[from] U-turn\n|-ability|p2a: Corviknight|Pressure\n|move|p1a: Gliscor|Stealth Rock|p2a: Corviknight\n|-sidestart|p2: JachiMalz|move: Stealth Rock\n|\n|-heal|p1a: Gliscor|100/100 tox|[from] ability: Poison Heal\n|upkeep\n|turn|3\n|\n|t:|1695184265\n|move|p1a: Gliscor|Knock Off|p2a: Corviknight\n|-damage|p2a: Corviknight|87/100\n|-damage|p1a: Gliscor|84/100 tox|[from] item: Rocky Helmet|[of] p2a: Corviknight\n|-enditem|p2a: Corviknight|Rocky Helmet|[from] move: Knock Off|[of] p1a: Gliscor\n|move|p2a: Corviknight|Defog|p1a: Gliscor\n|-unboost|p1a: Gliscor|evasion|1\n|-sideend|p2: JachiMalz|Stealth Rock|[from] move: Defog|[of] p2a: Corviknight\n|\n|-heal|p1a: Gliscor|97/100 tox|[from] ability: Poison Heal\n|upkeep\n|turn|4\n|\n|t:|1695184276\n|move|p1a: Gliscor|Stealth Rock|p2a: Corviknight\n|-sidestart|p2: JachiMalz|move: Stealth Rock\n|move|p2a: Corviknight|Body Press|p1a: Gliscor\n|-resisted|p1a: Gliscor\n|-damage|p1a: Gliscor|85/100 tox\n|\n|-heal|p1a: Gliscor|98/100 tox|[from] ability: Poison Heal\n|upkeep\n|turn|5\n|\n|t:|1695184293\n|move|p1a: Gliscor|Knock Off|p2a: Corviknight\n|-damage|p2a: Corviknight|79/100\n|move|p2a: Corviknight|Defog|p1a: Gliscor\n|-unboost|p1a: Gliscor|evasion|1\n|-sideend|p2: JachiMalz|Stealth Rock|[from] move: Defog|[of] p2a: Corviknight\n|\n|-heal|p1a: Gliscor|100/100 tox|[from] ability: Poison Heal\n|upkeep\n|turn|6\n|\n|t:|1695184311\n|switch|p2a: Milotic|Milotic, F|100/100\n|move|p1a: Gliscor|Stealth Rock|p2a: Milotic\n|-sidestart|p2: JachiMalz|move: Stealth Rock\n|\n|upkeep\n|turn|7\n|\n|t:|1695184321\n|switch|p1a: Fezandipiti|Fezandipiti, M|100/100\n|move|p2a: Milotic|Ice Beam|p1a: Fezandipiti\n|-damage|p1a: Fezandipiti|88/100\n|\n|-heal|p1a: Fezandipiti|94/100|[from] item: Leftovers\n|upkeep\n|turn|8\n|\n|t:|1695184329\n|move|p1a: Fezandipiti|Tail Slap|p2a: Milotic\n|-damage|p2a: Milotic|94/100\n|-damage|p2a: Milotic|89/100\n|-status|p2a: Milotic|tox|[from] ability: Toxic Chain|[of] p1a: Fezandipiti\n|-crit|p2a: Milotic\n|-damage|p2a: Milotic|83/100 tox\n|-damage|p2a: Milotic|79/100 tox\n|-hitcount|p2a: Milotic|4\n|move|p2a: Milotic|Flip Turn|p1a: Fezandipiti\n|-damage|p1a: Fezandipiti|82/100\n|\n|t:|1695184342\n|switch|p2a: Landorus|Landorus-Therian, M|91/100|[from] Flip Turn\n|-damage|p2a: Landorus|79/100|[from] Stealth Rock\n|-ability|p2a: Landorus|Intimidate|boost\n|-unboost|p1a: Fezandipiti|atk|1\n|\n|-heal|p1a: Fezandipiti|88/100|[from] item: Leftovers\n|upkeep\n|turn|9\n|\n|t:|1695184356\n|switch|p1a: Gliscor|Gliscor, M|100/100 tox\n|move|p2a: Landorus|U-turn|p1a: Gliscor\n|-resisted|p1a: Gliscor\n|-damage|p1a: Gliscor|93/100 tox\n|\n|t:|1695184359\n|switch|p2a: Milotic|Milotic, F|79/100 tox|[from] U-turn\n|-damage|p2a: Milotic|67/100 tox|[from] Stealth Rock\n|\n|-heal|p2a: Milotic|73/100 tox|[from] item: Leftovers\n|-heal|p1a: Gliscor|100/100 tox|[from] ability: Poison Heal\n|-damage|p2a: Milotic|67/100 tox|[from] psn\n|upkeep\n|turn|10\n|\n|t:|1695184375\n|switch|p1a: Fezandipiti|Fezandipiti, M|88/100\n|move|p2a: Milotic|Ice Beam|p1a: Fezandipiti\n|-damage|p1a: Fezandipiti|75/100\n|-status|p1a: Fezandipiti|frz\n|\n|-heal|p1a: Fezandipiti|81/100 frz|[from] item: Leftovers\n|-heal|p2a: Milotic|73/100 tox|[from] item: Leftovers\n|-damage|p2a: Milotic|61/100 tox|[from] psn\n|upkeep\n|turn|11\n|\n|t:|1695184388\n|cant|p1a: Fezandipiti|frz\n|move|p2a: Milotic|Flip Turn|p1a: Fezandipiti\n|-damage|p1a: Fezandipiti|68/100 frz\n|\n|t:|1695184392\n|switch|p2a: Roaring Moon|Roaring Moon|100/100|[from] Flip Turn\n|-damage|p2a: Roaring Moon|88/100|[from] Stealth Rock\n|\n|-heal|p1a: Fezandipiti|74/100 frz|[from] item: Leftovers\n|upkeep\n|turn|12\n|\n|t:|1695184411\n|switch|p1a: Gliscor|Gliscor, M|100/100 tox\n|move|p2a: Roaring Moon|Iron Head|p1a: Gliscor\n|-damage|p1a: Gliscor|64/100 tox\n|\n|-heal|p1a: Gliscor|76/100 tox|[from] ability: Poison Heal\n|upkeep\n|turn|13\n|\n|t:|1695184431\n|-end|p2a: Roaring Moon|Protosynthesis|[silent]\n|switch|p2a: Corviknight|Corviknight, F|79/100\n|-damage|p2a: Corviknight|66/100|[from] Stealth Rock\n|-ability|p2a: Corviknight|Pressure\n|switch|p1a: Sinistcha|Sinistcha|100/100\n|\n|upkeep\n|turn|14\n|inactive|Miguelissussybaka has 120 seconds left.\n|\n|t:|1695184460\n|move|p1a: Sinistcha|Calm Mind|p1a: Sinistcha\n|-boost|p1a: Sinistcha|spa|1\n|-boost|p1a: Sinistcha|spd|1\n|move|p2a: Corviknight|Defog|p1a: Sinistcha\n|-unboost|p1a: Sinistcha|evasion|1\n|-sideend|p2: JachiMalz|Stealth Rock|[from] move: Defog|[of] p2a: Corviknight\n|\n|upkeep\n|turn|15\n|inactive|Miguelissussybaka has 120 seconds left.\n|\n|t:|1695184471\n|move|p1a: Sinistcha|Shadow Ball|p2a: Corviknight\n|-damage|p2a: Corviknight|0 fnt\n|faint|p2a: Corviknight\n|\n|upkeep\n|\n|t:|1695184473\n|switch|p2a: Roaring Moon|Roaring Moon|88/100\n|turn|16\n|inactive|Miguelissussybaka has 120 seconds left.\n|\n|t:|1695184514\n|switch|p1a: Infernape|Infernape, F|100/100\n|-terastallize|p2a: Roaring Moon|Dragon\n|move|p2a: Roaring Moon|Outrage|p1a: Infernape\n|-damage|p1a: Infernape|0 fnt\n|faint|p1a: Infernape\n|\n|upkeep\n|inactive|Miguelissussybaka has 90 seconds left.\n|\n|t:|1695184534\n|switch|p1a: Fezandipiti|Fezandipiti, M|74/100 frz\n|turn|17\n|\n|t:|1695184538\n|move|p2a: Roaring Moon|Outrage|p1a: Fezandipiti|[from]lockedmove\n|-immune|p1a: Fezandipiti\n|cant|p1a: Fezandipiti|frz\n|\n|-heal|p1a: Fezandipiti|80/100 frz|[from] item: Leftovers\n|upkeep\n|turn|18\n|\n|t:|1695184543\n|-end|p2a: Roaring Moon|Protosynthesis|[silent]\n|switch|p2a: Milotic|Milotic, F|61/100 tox\n|cant|p1a: Fezandipiti|frz\n|\n|-heal|p1a: Fezandipiti|86/100 frz|[from] item: Leftovers\n|-heal|p2a: Milotic|67/100 tox|[from] item: Leftovers\n|-damage|p2a: Milotic|61/100 tox|[from] psn\n|upkeep\n|turn|19\n|\n|t:|1695184550\n|cant|p1a: Fezandipiti|frz\n|move|p2a: Milotic|Recover|p2a: Milotic\n|-heal|p2a: Milotic|100/100 tox\n|\n|-heal|p1a: Fezandipiti|92/100 frz|[from] item: Leftovers\n|-damage|p2a: Milotic|88/100 tox|[from] psn\n|upkeep\n|turn|20\n|\n|t:|1695184559\n|cant|p1a: Fezandipiti|frz\n|move|p2a: Milotic|Flip Turn|p1a: Fezandipiti\n|-damage|p1a: Fezandipiti|79/100 frz\n|\n|t:|1695184561\n|switch|p2a: Roaring Moon|Roaring Moon, tera:Dragon|88/100|[from] Flip Turn\n|\n|-heal|p1a: Fezandipiti|85/100 frz|[from] item: Leftovers\n|upkeep\n|turn|21\n|inactive|Miguelissussybaka has 120 seconds left.\n|\n|t:|1695184593\n|switch|p1a: Gliscor|Gliscor, M|76/100 tox\n|move|p2a: Roaring Moon|Outrage|p1a: Gliscor\n|-damage|p1a: Gliscor|0 fnt\n|faint|p1a: Gliscor\n|\n|upkeep\n|\n|t:|1695184600\n|switch|p1a: Fezandipiti|Fezandipiti, M|85/100 frz\n|turn|22\n|\n|t:|1695184603\n|move|p2a: Roaring Moon|Outrage|p1a: Fezandipiti|[from]lockedmove\n|-immune|p1a: Fezandipiti\n|-start|p2a: Roaring Moon|confusion|[fatigue]\n|cant|p1a: Fezandipiti|frz\n|\n|-heal|p1a: Fezandipiti|91/100 frz|[from] item: Leftovers\n|upkeep\n|turn|23\n|\n|t:|1695184612\n|-end|p2a: Roaring Moon|Protosynthesis|[silent]\n|switch|p2a: Landorus|Landorus-Therian, M|79/100\n|-ability|p2a: Landorus|Intimidate|boost\n|-unboost|p1a: Fezandipiti|atk|1\n|cant|p1a: Fezandipiti|frz\n|\n|-heal|p1a: Fezandipiti|97/100 frz|[from] item: Leftovers\n|upkeep\n|turn|24\n|\n|t:|1695184624\n|switch|p1a: Sinistcha|Sinistcha|100/100\n|move|p2a: Landorus|Earth Power|p1a: Sinistcha\n|-resisted|p1a: Sinistcha\n|-damage|p1a: Sinistcha|72/100\n|\n|-heal|p1a: Sinistcha|78/100|[from] item: Leftovers\n|upkeep\n|turn|25\n|\n|t:|1695184630\n|move|p2a: Landorus|Earth Power|p1a: Sinistcha\n|-resisted|p1a: Sinistcha\n|-damage|p1a: Sinistcha|47/100\n|move|p1a: Sinistcha|Matcha Gotcha|p2a: Landorus\n|-damage|p2a: Landorus|26/100\n|-heal|p1a: Sinistcha|77/100|[from] drain|[of] p2a: Landorus\n|\n|-heal|p1a: Sinistcha|83/100|[from] item: Leftovers\n|upkeep\n|turn|26\n|inactive|Miguelissussybaka has 120 seconds left.\n|\n|t:|1695184642\n|switch|p2a: Dragapult|Dragapult, F|100/100\n|move|p1a: Sinistcha|Strength Sap|p2a: Dragapult\n|-unboost|p2a: Dragapult|atk|1\n|-heal|p1a: Sinistcha|100/100\n|\n|upkeep\n|turn|27\n|inactive|Miguelissussybaka has 120 seconds left.\n|\n|t:|1695184661\n|switch|p1a: Sneasler|Sneasler, F|100/100\n|move|p2a: Dragapult|Shadow Ball|p1a: Sneasler\n|-damage|p1a: Sneasler|26/100\n|-unboost|p1a: Sneasler|spd|1\n|\n|upkeep\n|turn|28\n|\n|t:|1695184673\n|switch|p1a: Kingambit|Kingambit, F|100/100\n|-activate|p1a: Kingambit|ability: Supreme Overlord\n|-start|p1a: Kingambit|fallen2|[silent]\n|move|p2a: Dragapult|Shadow Ball|p1a: Kingambit\n|-resisted|p1a: Kingambit\n|-damage|p1a: Kingambit|72/100\n|\n|-heal|p1a: Kingambit|78/100|[from] item: Leftovers\n|upkeep\n|turn|29\n|\n|t:|1695184691\n|switch|p2a: Roaring Moon|Roaring Moon, tera:Dragon|88/100\n|-terastallize|p1a: Kingambit|Fairy\n|move|p1a: Kingambit|Swords Dance|p1a: Kingambit\n|-boost|p1a: Kingambit|atk|2\n|\n|-heal|p1a: Kingambit|85/100|[from] item: Leftovers\n|upkeep\n|turn|30\n|\n|t:|1695184703\n|move|p2a: Roaring Moon|Iron Head|p1a: Kingambit\n|-supereffective|p1a: Kingambit\n|-damage|p1a: Kingambit|20/100\n|move|p1a: Kingambit|Kowtow Cleave|p2a: Roaring Moon\n|-damage|p2a: Roaring Moon|0 fnt\n|faint|p2a: Roaring Moon\n|-end|p2a: Roaring Moon|Protosynthesis|[silent]\n|\n|-heal|p1a: Kingambit|26/100|[from] item: Leftovers\n|upkeep\n|\n|t:|1695184708\n|switch|p2a: Landorus|Landorus-Therian, M|26/100\n|-ability|p2a: Landorus|Intimidate|boost\n|-unboost|p1a: Kingambit|atk|1\n|turn|31\n|\n|t:|1695184719\n|move|p1a: Kingambit|Sucker Punch|p2a: Landorus\n|-damage|p2a: Landorus|0 fnt\n|faint|p2a: Landorus\n|\n|-heal|p1a: Kingambit|33/100|[from] item: Leftovers\n|upkeep\n|\n|t:|1695184721\n|switch|p2a: Great Tusk|Great Tusk|100/100\n|turn|32\n|inactive|Miguelissussybaka has 120 seconds left.\n|\n|t:|1695184731\n|-end|p1a: Kingambit|fallen2|[silent]\n|switch|p1a: Sinistcha|Sinistcha|100/100\n|move|p2a: Great Tusk|Earthquake|p1a: Sinistcha\n|-resisted|p1a: Sinistcha\n|-damage|p1a: Sinistcha|78/100\n|\n|-heal|p1a: Sinistcha|84/100|[from] item: Leftovers\n|upkeep\n|turn|33\n|\n|t:|1695184736\n|-end|p2a: Great Tusk|Protosynthesis|[silent]\n|switch|p2a: Dragapult|Dragapult, F|100/100\n|move|p1a: Sinistcha|Matcha Gotcha|p2a: Dragapult\n|-resisted|p2a: Dragapult\n|-damage|p2a: Dragapult|72/100\n|-heal|p1a: Sinistcha|99/100|[from] drain|[of] p2a: Dragapult\n|-status|p2a: Dragapult|brn\n|\n|-heal|p1a: Sinistcha|100/100|[from] item: Leftovers\n|-damage|p2a: Dragapult|66/100 brn|[from] brn\n|upkeep\n|turn|34\n|\n|t:|1695184753\n|switch|p1a: Kingambit|Kingambit, F, tera:Fairy|33/100\n|-activate|p1a: Kingambit|ability: Supreme Overlord\n|-start|p1a: Kingambit|fallen2|[silent]\n|move|p2a: Dragapult|Shadow Ball|p1a: Kingambit\n|-damage|p1a: Kingambit|0 fnt\n|faint|p1a: Kingambit\n|-end|p1a: Kingambit|fallen2|[silent]\n|\n|-damage|p2a: Dragapult|60/100 brn|[from] brn\n|upkeep\n|inactive|Miguelissussybaka has 120 seconds left.\n|\n|t:|1695184777\n|switch|p1a: Fezandipiti|Fezandipiti, M|97/100 frz\n|turn|35\n|\n|t:|1695184781\n|move|p2a: Dragapult|Shadow Ball|p1a: Fezandipiti\n|-damage|p1a: Fezandipiti|61/100 frz\n|-unboost|p1a: Fezandipiti|spd|1\n|cant|p1a: Fezandipiti|frz\n|\n|-heal|p1a: Fezandipiti|67/100 frz|[from] item: Leftovers\n|-damage|p2a: Dragapult|54/100 brn|[from] brn\n|upkeep\n|turn|36\n|inactive|Miguelissussybaka has 120 seconds left.\n|\n|t:|1695184798\n|move|p2a: Dragapult|Shadow Ball|p1a: Fezandipiti\n|-damage|p1a: Fezandipiti|9/100 frz\n|cant|p1a: Fezandipiti|frz\n|\n|-heal|p1a: Fezandipiti|15/100 frz|[from] item: Leftovers\n|-damage|p2a: Dragapult|48/100 brn|[from] brn\n|upkeep\n|turn|37\n|inactive|Miguelissussybaka has 120 seconds left.\n|\n|t:|1695184810\n|move|p2a: Dragapult|Shadow Ball|p1a: Fezandipiti\n|-damage|p1a: Fezandipiti|0 fnt\n|faint|p1a: Fezandipiti\n|\n|-damage|p2a: Dragapult|42/100 brn|[from] brn\n|upkeep\n|c|\u2606Miguelissussybaka|bro\n|c|\u2606Miguelissussybaka|9 turns frozen\n|c|\u2606JachiMalz|that mon deserves it ngl\n|\n|t:|1695184832\n|switch|p1a: Sneasler|Sneasler, F|26/100\n|turn|38\n|\n|t:|1695184844\n|move|p1a: Sneasler|Dire Claw|p2a: Dragapult\n|-resisted|p2a: Dragapult\n|-damage|p2a: Dragapult|15/100 brn\n|move|p2a: Dragapult|Shadow Ball|p1a: Sneasler\n|-damage|p1a: Sneasler|0 fnt\n|faint|p1a: Sneasler\n|\n|-damage|p2a: Dragapult|9/100 brn|[from] brn\n|upkeep\n|\n|t:|1695184850\n|switch|p1a: Sinistcha|Sinistcha|100/100\n|turn|39\n|\n|t:|1695184854\n|switch|p2a: Great Tusk|Great Tusk|100/100\n|move|p1a: Sinistcha|Matcha Gotcha|p2a: Great Tusk\n|-supereffective|p2a: Great Tusk\n|-damage|p2a: Great Tusk|15/100\n|\n|upkeep\n|turn|40\n|c|\u2606Miguelissussybaka|no shot\n|\n|t:|1695184863\n|move|p2a: Great Tusk|Head Smash|p1a: Sinistcha\n|-damage|p1a: Sinistcha|49/100\n|-damage|p2a: Great Tusk|0 fnt|[from] Recoil\n|faint|p2a: Great Tusk\n|-end|p2a: Great Tusk|Protosynthesis|[silent]\n|move|p1a: Sinistcha|Calm Mind|p1a: Sinistcha\n|-boost|p1a: Sinistcha|spa|1\n|-boost|p1a: Sinistcha|spd|1\n|\n|-heal|p1a: Sinistcha|55/100|[from] item: Leftovers\n|upkeep\n|\n|t:|1695184866\n|switch|p2a: Milotic|Milotic, F|88/100 tox\n|turn|41\n|\n|t:|1695184873\n|move|p1a: Sinistcha|Matcha Gotcha|p2a: Milotic|[miss]\n|-miss|p1a: Sinistcha|p2a: Milotic\n|move|p2a: Milotic|Ice Beam|p1a: Sinistcha\n|-supereffective|p1a: Sinistcha\n|-damage|p1a: Sinistcha|19/100\n|\n|-heal|p1a: Sinistcha|25/100|[from] item: Leftovers\n|-heal|p2a: Milotic|94/100 tox|[from] item: Leftovers\n|-damage|p2a: Milotic|88/100 tox|[from] psn\n|upkeep\n|turn|42\n|\n|t:|1695184879\n|move|p1a: Sinistcha|Matcha Gotcha|p2a: Milotic\n|-supereffective|p2a: Milotic\n|-damage|p2a: Milotic|19/100 tox\n|-heal|p1a: Sinistcha|73/100|[from] drain|[of] p2a: Milotic\n|move|p2a: Milotic|Ice Beam|p1a: Sinistcha\n|-supereffective|p1a: Sinistcha\n|-damage|p1a: Sinistcha|35/100\n|\n|-heal|p1a: Sinistcha|41/100|[from] item: Leftovers\n|-heal|p2a: Milotic|25/100 tox|[from] item: Leftovers\n|-damage|p2a: Milotic|13/100 tox|[from] psn\n|upkeep\n|turn|43\n|inactive|Miguelissussybaka has 120 seconds left.\n|\n|t:|1695184905\n|move|p1a: Sinistcha|Calm Mind|p1a: Sinistcha\n|-boost|p1a: Sinistcha|spa|1\n|-boost|p1a: Sinistcha|spd|1\n|move|p2a: Milotic|Ice Beam|p1a: Sinistcha\n|-supereffective|p1a: Sinistcha\n|-damage|p1a: Sinistcha|10/100\n|\n|-heal|p1a: Sinistcha|16/100|[from] item: Leftovers\n|-heal|p2a: Milotic|19/100 tox|[from] item: Leftovers\n|-damage|p2a: Milotic|1/100 tox|[from] psn\n|upkeep\n|turn|44\n|\n|t:|1695184933\n|move|p1a: Sinistcha|Strength Sap|p2a: Milotic\n|-unboost|p2a: Milotic|atk|1\n|-heal|p1a: Sinistcha|66/100\n|move|p2a: Milotic|Ice Beam|p1a: Sinistcha\n|-supereffective|p1a: Sinistcha\n|-damage|p1a: Sinistcha|34/100\n|\n|-heal|p1a: Sinistcha|40/100|[from] item: Leftovers\n|-heal|p2a: Milotic|7/100 tox|[from] item: Leftovers\n|-damage|p2a: Milotic|0 fnt|[from] psn\n|faint|p2a: Milotic\n|upkeep\n|\n|t:|1695184936\n|switch|p2a: Dragapult|Dragapult, F|9/100 brn\n|turn|45\n|c|\u2606Miguelissussybaka|welp\n|c|\u2606Miguelissussybaka|gg\n|\n|t:|1695184954\n|move|p2a: Dragapult|Draco Meteor|p1a: Sinistcha\n|-damage|p1a: Sinistcha|0 fnt\n|-unboost|p2a: Dragapult|spa|2\n|faint|p1a: Sinistcha\n|\n|win|JachiMalz\n|raw|Miguelissussybaka's rating: 1299 &rarr; <strong>1276</strong><br />(-23 for losing)\n|raw|JachiMalz's rating: 1321 &rarr; <strong>1340</strong><br />(+19 for winning)\n|c|\u2606JachiMalz|gg\n", "uploadtime": 1695184961, "views": 5, "p1id": "miguelissussybaka", "p2id": "jachimalz", "formatid": "gen9ou", "rating": 1276, "private": 0, "password": ""}