{"id": "gen9ou-1947689566", "p1": "Awakening4935", "p2": "edgardojch", "format": "gen9ou", "log": "|j|\u2606Awakening4935\n|j|\u2606edgardojch\n|t:|1695187460\n|gametype|singles\n|player|p1|Awakening4935|cynthia-gen4|1041\n|player|p2|edgardojch|nate|1037\n|teamsize|p1|6\n|teamsize|p2|6\n|gen|9\n|tier|[Gen 9] OU\n|rated|\n|rule|Sleep Clause Mod: Limit one foe put to sleep\n|rule|Species Clause: Limit one of each Pok\u00e9mon\n|rule|OHKO Clause: OHKO moves are banned\n|rule|Evasion Items Clause: Evasion items are banned\n|rule|Evasion Moves Clause: Evasion moves are banned\n|rule|Endless Battle Clause: Forcing endless battles is banned\n|rule|HP Percentage Mod: HP is shown in percentages\n|clearpoke\n|poke|p1|Ninetales-Alola, F|\n|poke|p1|Slowking-Galar, M|\n|poke|p1|Ursaluna-Bloodmoon, M|\n|poke|p1|Torterra, M|\n|poke|p1|Glaceon, M|\n|poke|p1|Glimmora, M|\n|poke|p2|Ninetales-Alola, F|\n|poke|p2|Moltres|\n|poke|p2|Clefable, M|\n|poke|p2|Torterra, F|\n|poke|p2|Chandelure, M|\n|poke|p2|Dragonite, M|\n|teampreview\n|inactive|Battle timer is ON: inactive players will automatically lose when time's up. (requested by edgardojch)\n|\n|t:|1695187479\n|start\n|switch|p1a: Papa|Slowking-Galar, M|100/100\n|switch|p2a: Chandelure|Chandelure, M|100/100\n|turn|1\n|j| SBMalus\n|\n|t:|1695187491\n|move|p2a: Chandelure|Dark Pulse|p1a: Papa\n|-supereffective|p1a: Papa\n|-damage|p1a: Papa|47/100\n|move|p1a: Papa|Chilly Reception|p1a: Papa\n|-weather|Snow\n|\n|t:|1695187503\n|switch|p1a: Shadow of Death|Ursaluna-Bloodmoon, M|100/100|[from] Chilly Reception\n|\n|-weather|Snow|[upkeep]\n|upkeep\n|turn|2\n|\n|t:|1695187513\n|move|p2a: Chandelure|Dark Pulse|p1a: Shadow of Death\n|-damage|p1a: Shadow of Death|58/100\n|move|p1a: Shadow of Death|Calm Mind|p1a: Shadow of Death\n|-boost|p1a: Shadow of Death|spa|1\n|-boost|p1a: Shadow of Death|spd|1\n|\n|-weather|Snow|[upkeep]\n|upkeep\n|turn|3\n|\n|t:|1695187522\n|move|p2a: Chandelure|Dark Pulse|p1a: Shadow of Death\n|-damage|p1a: Shadow of Death|32/100\n|move|p1a: Shadow of Death|Blood Moon|p2a: Chandelure\n|-damage|p2a: Chandelure|0 fnt\n|faint|p2a: Chandelure\n|\n|-weather|Snow|[upkeep]\n|upkeep\n|\n|t:|1695187530\n|switch|p2a: Ninetales|Ninetales-Alola, F|100/100\n|turn|4\n|\n|t:|1695187534\n|move|p2a: Ninetales|Freeze-Dry|p1a: Shadow of Death\n|-supereffective|p1a: Shadow of Death\n|-crit|p1a: Shadow of Death\n|-damage|p1a: Shadow of Death|0 fnt\n|faint|p1a: Shadow of Death\n|\n|-weather|Snow|[upkeep]\n|upkeep\n|\n|t:|1695187544\n|switch|p1a: Baby|Glaceon, M, shiny|100/100\n|turn|5\n|\n|t:|1695187554\n|move|p2a: Ninetales|Aurora Veil|p2a: Ninetales\n|-sidestart|p2: edgardojch|move: Aurora Veil\n|move|p1a: Baby|Calm Mind|p1a: Baby\n|-boost|p1a: Baby|spa|1\n|-boost|p1a: Baby|spd|1\n|\n|-weather|Snow|[upkeep]\n|upkeep\n|turn|6\n|\n|t:|1695187562\n|move|p2a: Ninetales|Encore|p1a: Baby\n|-start|p1a: Baby|Encore\n|move|p1a: Baby|Calm Mind|p1a: Baby\n|-boost|p1a: Baby|spa|1\n|-boost|p1a: Baby|spd|1\n|\n|-weather|Snow|[upkeep]\n|upkeep\n|turn|7\n|\n|t:|1695187570\n|switch|p2a: Torterra|Torterra, F|100/100\n|move|p1a: Baby|Calm Mind|p1a: Baby\n|-boost|p1a: Baby|spa|1\n|-boost|p1a: Baby|spd|1\n|\n|-weather|Snow|[upkeep]\n|upkeep\n|turn|8\n|\n|t:|1695187580\n|-terastallize|p1a: Baby|Electric\n|move|p2a: Torterra|Shell Smash|p2a: Torterra\n|-unboost|p2a: Torterra|def|1\n|-unboost|p2a: Torterra|spd|1\n|-boost|p2a: Torterra|atk|2\n|-boost|p2a: Torterra|spa|2\n|-boost|p2a: Torterra|spe|2\n|-enditem|p2a: Torterra|White Herb\n|-clearnegativeboost|p2a: Torterra|[silent]\n|move|p1a: Baby|Calm Mind|p1a: Baby\n|-boost|p1a: Baby|spa|1\n|-boost|p1a: Baby|spd|1\n|\n|-weather|none\n|-end|p1a: Baby|Encore\n|upkeep\n|turn|9\n|c| SBMalus|oh goddammit awk\n|\n|t:|1695187598\n|move|p2a: Torterra|Earthquake|p1a: Baby\n|-supereffective|p1a: Baby\n|-damage|p1a: Baby|0 fnt\n|faint|p1a: Baby\n|\n|upkeep\n|\n|t:|1695187604\n|switch|p1a: Papa|Slowking-Galar, M|80/100\n|turn|10\n|\n|t:|1695187609\n|move|p2a: Torterra|Shell Smash|p2a: Torterra\n|-unboost|p2a: Torterra|def|1\n|-unboost|p2a: Torterra|spd|1\n|-boost|p2a: Torterra|atk|2\n|-boost|p2a: Torterra|spa|2\n|-boost|p2a: Torterra|spe|2\n|move|p1a: Papa|Flamethrower|p2a: Torterra\n|-supereffective|p2a: Torterra\n|-damage|p2a: Torterra|55/100\n|-status|p2a: Torterra|brn\n|\n|-damage|p2a: Torterra|49/100 brn|[from] brn\n|upkeep\n|turn|11\n|-message|edgardojch forfeited.\n|\n|win|Awakening4935\n|raw|Awakening4935's rating: 1041 &rarr; <strong>1074</strong><br />(+33 for winning)\n|raw|edgardojch's rating: 1037 &rarr; <strong>1022</strong><br />(-15 for losing)\n|l|\u2606edgardojch\n|c| SBMalus|HOLD\n", "uploadtime": 1695187627, "views": 6, "p1id": "awakening4935", "p2id": "edgardojch", "formatid": "gen9ou", "rating": 1022, "private": 0, "password": ""}