{"id": "gen9ou-1947607800", "p1": "JeanC17", "p2": "Yobo Blue", "format": "gen9ou", "log": "|j|\u2606JeanC17\n|j|\u2606Yobo Blue\n|t:|1695177360\n|gametype|singles\n|player|p1|JeanC17|1|1340\n|player|p2|Yobo Blue|lucas|1442\n|teamsize|p1|6\n|teamsize|p2|6\n|gen|9\n|tier|[Gen 9] OU\n|rated|\n|rule|Sleep Clause Mod: Limit one foe put to sleep\n|rule|Species Clause: Limit one of each Pok\u00e9mon\n|rule|OHKO Clause: OHKO moves are banned\n|rule|Evasion Items Clause: Evasion items are banned\n|rule|Evasion Moves Clause: Evasion moves are banned\n|rule|Endless Battle Clause: Forcing endless battles is banned\n|rule|HP Percentage Mod: HP is shown in percentages\n|clearpoke\n|poke|p1|Azumarill, M|\n|poke|p1|Staraptor, F|\n|poke|p1|Toedscruel, F|\n|poke|p1|Skeledirge, F|\n|poke|p1|Ninetales-Alola, F|\n|poke|p1|Iron Valiant|\n|poke|p2|Gholdengo|\n|poke|p2|Clefable, M|\n|poke|p2|Gliscor, M|\n|poke|p2|Ursaluna-Bloodmoon, M|\n|poke|p2|Ogerpon-Wellspring, F|\n|poke|p2|Glimmora, M|\n|teampreview\n|inactive|Battle timer is ON: inactive players will automatically lose when time's up. (requested by Yobo Blue)\n|\n|t:|1695177376\n|start\n|switch|p1a: Staraptor|Staraptor, F|100/100\n|switch|p2a: Glimmora|Glimmora, M|100/100\n|-ability|p1a: Staraptor|Intimidate|boost\n|-unboost|p2a: Glimmora|atk|1\n|turn|1\n|\n|t:|1695177383\n|move|p1a: Staraptor|U-turn|p2a: Glimmora\n|-resisted|p2a: Glimmora\n|-damage|p2a: Glimmora|89/100\n|-activate|p2a: Glimmora|ability: Toxic Debris\n|-sidestart|p1: JeanC17|move: Toxic Spikes\n|\n|t:|1695177385\n|switch|p1a: Toedscruel|Toedscruel, F|100/100|[from] U-turn\n|-status|p1a: Toedscruel|psn\n|move|p2a: Glimmora|Stealth Rock|p1a: Toedscruel\n|-sidestart|p1: JeanC17|move: Stealth Rock\n|\n|-damage|p1a: Toedscruel|88/100 psn|[from] psn\n|upkeep\n|turn|2\n|\n|t:|1695177394\n|move|p2a: Glimmora|Spiky Shield|p2a: Glimmora\n|-singleturn|p2a: Glimmora|move: Protect\n|move|p1a: Toedscruel|Spore|p2a: Glimmora\n|-activate|p2a: Glimmora|move: Protect\n|\n|-heal|p1a: Toedscruel|94/100 psn|[from] item: Leftovers\n|-damage|p1a: Toedscruel|82/100 psn|[from] psn\n|upkeep\n|turn|3\n|inactive|Yobo Blue has 120 seconds left.\n|inactive|Yobo Blue has 90 seconds left.\n|\n|t:|1695177465\n|move|p2a: Glimmora|Earth Power|p1a: Toedscruel\n|-resisted|p1a: Toedscruel\n|-damage|p1a: Toedscruel|69/100 psn\n|move|p1a: Toedscruel|Rapid Spin|p2a: Glimmora\n|-resisted|p2a: Glimmora\n|-damage|p2a: Glimmora|85/100\n|-boost|p1a: Toedscruel|spe|1\n|-activate|p2a: Glimmora|ability: Toxic Debris\n|-sidestart|p1: JeanC17|move: Toxic Spikes\n|-sideend|p1: JeanC17|Toxic Spikes|[from] move: Rapid Spin|[of] p1a: Toedscruel\n|-sideend|p1: JeanC17|Stealth Rock|[from] move: Rapid Spin|[of] p1a: Toedscruel\n|\n|-heal|p1a: Toedscruel|75/100 psn|[from] item: Leftovers\n|-damage|p1a: Toedscruel|63/100 psn|[from] psn\n|upkeep\n|turn|4\n|\n|t:|1695177476\n|move|p2a: Glimmora|Spiky Shield|p2a: Glimmora\n|-singleturn|p2a: Glimmora|move: Protect\n|move|p1a: Toedscruel|Spore|p2a: Glimmora\n|-activate|p2a: Glimmora|move: Protect\n|\n|-heal|p1a: Toedscruel|69/100 psn|[from] item: Leftovers\n|-damage|p1a: Toedscruel|57/100 psn|[from] psn\n|upkeep\n|turn|5\n|\n|t:|1695177485\n|move|p2a: Glimmora|Stealth Rock|p1a: Toedscruel\n|-sidestart|p1: JeanC17|move: Stealth Rock\n|move|p1a: Toedscruel|Spore|p2a: Glimmora\n|-status|p2a: Glimmora|slp|[from] move: Spore\n|\n|-heal|p1a: Toedscruel|63/100 psn|[from] item: Leftovers\n|-damage|p1a: Toedscruel|50/100 psn|[from] psn\n|upkeep\n|turn|6\n|inactive|Yobo Blue has 90 seconds left.\n|\n|t:|1695177496\n|switch|p2a: Gholdengo|Gholdengo|100/100\n|move|p1a: Toedscruel|Knock Off|p2a: Gholdengo\n|-supereffective|p2a: Gholdengo\n|-damage|p2a: Gholdengo|64/100\n|-enditem|p2a: Gholdengo|Choice Scarf|[from] move: Knock Off|[of] p1a: Toedscruel\n|\n|-heal|p1a: Toedscruel|57/100 psn|[from] item: Leftovers\n|-damage|p1a: Toedscruel|44/100 psn|[from] psn\n|upkeep\n|turn|7\n|inactive|Yobo Blue has 90 seconds left.\n|\n|t:|1695177506\n|move|p2a: Gholdengo|Shadow Ball|p1a: Toedscruel\n|-damage|p1a: Toedscruel|7/100 psn\n|move|p1a: Toedscruel|Spikes|p2a: Gholdengo\n|-sidestart|p2: Yobo Blue|Spikes\n|\n|-heal|p1a: Toedscruel|13/100 psn|[from] item: Leftovers\n|-damage|p1a: Toedscruel|1/100 psn|[from] psn\n|upkeep\n|turn|8\n|\n|t:|1695177515\n|move|p1a: Toedscruel|Knock Off|p2a: Gholdengo\n|-supereffective|p2a: Gholdengo\n|-damage|p2a: Gholdengo|39/100\n|move|p2a: Gholdengo|Shadow Ball|p1a: Toedscruel\n|-damage|p1a: Toedscruel|0 fnt\n|faint|p1a: Toedscruel\n|\n|upkeep\n|inactive|JeanC17 has 120 seconds left.\n|\n|t:|1695177546\n|switch|p1a: Iron Valiant|Iron Valiant|100/100\n|-damage|p1a: Iron Valiant|94/100|[from] Stealth Rock\n|-enditem|p1a: Iron Valiant|Booster Energy\n|-activate|p1a: Iron Valiant|ability: Quark Drive|[fromitem]\n|-start|p1a: Iron Valiant|quarkdrivespa\n|turn|9\n|\n|t:|1695177555\n|switch|p2a: Glimmora|Glimmora, M|85/100 slp\n|-damage|p2a: Glimmora|72/100 slp|[from] Spikes\n|move|p1a: Iron Valiant|Psyshock|p2a: Glimmora\n|-supereffective|p2a: Glimmora\n|-damage|p2a: Glimmora|0 fnt\n|faint|p2a: Glimmora\n|\n|upkeep\n|\n|t:|1695177565\n|switch|p2a: Clefable|Clefable, M|100/100\n|-damage|p2a: Clefable|88/100|[from] Spikes\n|turn|10\n|\n|t:|1695177579\n|move|p1a: Iron Valiant|Aura Sphere|p2a: Clefable\n|-resisted|p2a: Clefable\n|-damage|p2a: Clefable|63/100\n|move|p2a: Clefable|Cosmic Power|p2a: Clefable\n|-boost|p2a: Clefable|def|1\n|-boost|p2a: Clefable|spd|1\n|\n|-heal|p2a: Clefable|69/100|[from] item: Leftovers\n|upkeep\n|turn|11\n|inactive|Yobo Blue has 120 seconds left.\n|\n|t:|1695177587\n|move|p1a: Iron Valiant|Psyshock|p2a: Clefable\n|-damage|p2a: Clefable|40/100\n|move|p2a: Clefable|Cosmic Power|p2a: Clefable\n|-boost|p2a: Clefable|def|1\n|-boost|p2a: Clefable|spd|1\n|\n|-heal|p2a: Clefable|46/100|[from] item: Leftovers\n|upkeep\n|turn|12\n|\n|t:|1695177600\n|move|p1a: Iron Valiant|Psyshock|p2a: Clefable\n|-crit|p2a: Clefable\n|-damage|p2a: Clefable|0 fnt\n|faint|p2a: Clefable\n|\n|upkeep\n|inactive|Yobo Blue has 120 seconds left.\n|c|\u2606Yobo Blue|I swear is there some mechanic that makes Clefable get crit when under 50 health?\n|c|\u2606Yobo Blue|6th time today\n|\n|t:|1695177630\n|switch|p2a: Ursaluna|Ursaluna-Bloodmoon, M|100/100\n|-damage|p2a: Ursaluna|88/100|[from] Spikes\n|turn|13\n|\n|t:|1695177645\n|move|p1a: Iron Valiant|Aura Sphere|p2a: Ursaluna\n|-supereffective|p2a: Ursaluna\n|-damage|p2a: Ursaluna|0 fnt\n|faint|p2a: Ursaluna\n|\n|upkeep\n|-message|Yobo Blue forfeited.\n|\n|win|JeanC17\n|raw|JeanC17's rating: 1340 &rarr; <strong>1366</strong><br />(+26 for winning)\n|raw|Yobo Blue's rating: 1442 &rarr; <strong>1416</strong><br />(-26 for losing)\n|l|\u2606Yobo Blue\n", "uploadtime": 1695177654, "views": 3, "p1id": "jeanc17", "p2id": "yoboblue", "formatid": "gen9ou", "rating": 1366, "private": 0, "password": ""}