{"id": "gen9ou-1947691272", "p1": "PicklesAttack", "p2": "Lyrick", "format": "gen9ou", "log": "|j|\u2606PicklesAttack\n|j|\u2606Lyrick\n|t:|1695187727\n|gametype|singles\n|player|p1|PicklesAttack|pokemaniac|1015\n|player|p2|Lyrick|266|1011\n|teamsize|p1|6\n|teamsize|p2|6\n|gen|9\n|tier|[Gen 9] OU\n|rated|\n|rule|Sleep Clause Mod: Limit one foe put to sleep\n|rule|Species Clause: Limit one of each Pok\u00e9mon\n|rule|OHKO Clause: OHKO moves are banned\n|rule|Evasion Items Clause: Evasion items are banned\n|rule|Evasion Moves Clause: Evasion moves are banned\n|rule|Endless Battle Clause: Forcing endless battles is banned\n|rule|HP Percentage Mod: HP is shown in percentages\n|clearpoke\n|poke|p1|Garchomp, F|\n|poke|p1|Crawdaunt, F|\n|poke|p1|Great Tusk|\n|poke|p1|Torterra, F|\n|poke|p1|Armarouge, M|\n|poke|p1|Roaring Moon|\n|poke|p2|Tinkaton, F|\n|poke|p2|Scream Tail|\n|poke|p2|Grimmsnarl, M|\n|poke|p2|Zoroark-Hisui, M|\n|poke|p2|Lilligant-Hisui, F|\n|poke|p2|Hatterene, F|\n|teampreview\n|\n|t:|1695187732\n|start\n|switch|p1a: shark|Garchomp, F|100/100\n|switch|p2a: Hatterene|Hatterene, F|100/100\n|turn|1\n|\n|t:|1695187744\n|move|p2a: Hatterene|Nasty Plot|p2a: Hatterene\n|-boost|p2a: Hatterene|spa|2\n|move|p1a: shark|Earthquake|p2a: Hatterene\n|-damage|p2a: Hatterene|0 fnt\n|replace|p2a: Zoroark|Zoroark-Hisui, M, shiny\n|-end|p2a: Zoroark|Illusion\n|faint|p2a: Zoroark\n|\n|upkeep\n|c|\u2606PicklesAttack|lmao\n|c|\u2606Lyrick|xD\n|\n|t:|1695187756\n|switch|p2a: Grimmsnarl|Grimmsnarl, M|100/100\n|turn|2\n|c|\u2606PicklesAttack|was not expecting that\n|\n|t:|1695187762\n|move|p2a: Grimmsnarl|Reflect|p2a: Grimmsnarl\n|-sidestart|p2: Lyrick|Reflect\n|move|p1a: shark|Spikes|p2a: Grimmsnarl\n|-sidestart|p2: Lyrick|Spikes\n|\n|upkeep\n|turn|3\n|\n|t:|1695187768\n|switch|p2a: Hatterene|Hatterene, F|100/100\n|-damage|p2a: Hatterene|88/100|[from] Spikes\n|move|p1a: shark|Stealth Rock|p2a: Hatterene\n|move|p2a: Hatterene|Stealth Rock|p1a: shark|[from]ability: Magic Bounce\n|-sidestart|p1: PicklesAttack|move: Stealth Rock\n|\n|upkeep\n|turn|4\n|\n|t:|1695187776\n|switch|p1a: mega man|Armarouge, M|100/100\n|switch|p2a: Scream Tail|Scream Tail|100/100\n|-enditem|p2a: Scream Tail|Booster Energy\n|-activate|p2a: Scream Tail|ability: Protosynthesis|[fromitem]\n|-start|p2a: Scream Tail|protosynthesisdef\n|-damage|p2a: Scream Tail|88/100|[from] Spikes\n|\n|upkeep\n|turn|5\n|\n|t:|1695187785\n|move|p2a: Scream Tail|Perish Song|p2a: Scream Tail\n|-start|p1a: mega man|perish3|[silent]\n|-start|p2a: Scream Tail|perish3|[silent]\n|-fieldactivate|move: Perish Song\n|move|p1a: mega man|Calm Mind|p1a: mega man\n|-boost|p1a: mega man|spa|1\n|-boost|p1a: mega man|spd|1\n|\n|-start|p2a: Scream Tail|perish3\n|-start|p1a: mega man|perish3\n|upkeep\n|turn|6\n|\n|t:|1695187789\n|move|p2a: Scream Tail|Wish|p2a: Scream Tail\n|move|p1a: mega man|Armor Cannon|p2a: Scream Tail\n|-damage|p2a: Scream Tail|23/100\n|-unboost|p1a: mega man|def|1\n|-unboost|p1a: mega man|spd|1\n|\n|-start|p2a: Scream Tail|perish2\n|-start|p1a: mega man|perish2\n|-sideend|p2: Lyrick|Reflect\n|upkeep\n|turn|7\n|\n|t:|1695187799\n|switch|p1a: rock|Torterra, F|100/100\n|-damage|p1a: rock|94/100|[from] Stealth Rock\n|move|p2a: Scream Tail|Protect||[still]\n|-fail|p2a: Scream Tail\n|\n|-heal|p2a: Scream Tail|73/100|[from] move: Wish|[wisher] Scream Tail\n|-start|p2a: Scream Tail|perish1\n|upkeep\n|turn|8\n|\n|t:|1695187801\n|move|p1a: rock|Shell Smash|p1a: rock\n|-unboost|p1a: rock|def|1\n|-unboost|p1a: rock|spd|1\n|-boost|p1a: rock|atk|2\n|-boost|p1a: rock|spa|2\n|-boost|p1a: rock|spe|2\n|move|p2a: Scream Tail|Trick Room|p2a: Scream Tail\n|-fieldstart|move: Trick Room|[of] p2a: Scream Tail\n|\n|-start|p2a: Scream Tail|perish0\n|faint|p2a: Scream Tail\n|-end|p2a: Scream Tail|Protosynthesis|[silent]\n|upkeep\n|c|\u2606PicklesAttack|oh dear\n|\n|t:|1695187811\n|switch|p2a: Hatterene|Hatterene, F|88/100\n|-damage|p2a: Hatterene|76/100|[from] Spikes\n|turn|9\n|\n|t:|1695187817\n|-terastallize|p2a: Hatterene|Grass\n|move|p2a: Hatterene|Calm Mind|p2a: Hatterene\n|-boost|p2a: Hatterene|spa|1\n|-boost|p2a: Hatterene|spd|1\n|move|p1a: rock|Earthquake|p2a: Hatterene\n|-resisted|p2a: Hatterene\n|-damage|p2a: Hatterene|31/100\n|\n|upkeep\n|turn|10\n|\n|t:|1695187828\n|move|p2a: Hatterene|Draining Kiss|p1a: rock\n|-damage|p1a: rock|34/100\n|-heal|p2a: Hatterene|78/100|[from] drain|[of] p1a: rock\n|move|p1a: rock|Earthquake|p2a: Hatterene\n|-resisted|p2a: Hatterene\n|-damage|p2a: Hatterene|35/100\n|\n|upkeep\n|turn|11\n|\n|t:|1695187838\n|move|p2a: Hatterene|Draining Kiss|p1a: rock\n|-damage|p1a: rock|0 fnt\n|-heal|p2a: Hatterene|61/100|[from] drain|[of] p1a: rock\n|faint|p1a: rock\n|\n|upkeep\n|\n|t:|1695187840\n|switch|p1a: cute axolotl :3|Roaring Moon|100/100\n|-damage|p1a: cute axolotl :3|88/100|[from] Stealth Rock\n|-enditem|p1a: cute axolotl :3|Booster Energy\n|-activate|p1a: cute axolotl :3|ability: Protosynthesis|[fromitem]\n|-start|p1a: cute axolotl :3|protosynthesisspe\n|turn|12\n|\n|t:|1695187847\n|-end|p1a: cute axolotl :3|Protosynthesis|[silent]\n|switch|p1a: mega man|Armarouge, M|100/100\n|move|p2a: Hatterene|Draining Kiss|p1a: mega man\n|-resisted|p1a: mega man\n|-damage|p1a: mega man|77/100\n|-heal|p2a: Hatterene|78/100|[from] drain|[of] p1a: mega man\n|\n|-fieldend|move: Trick Room\n|upkeep\n|turn|13\n|\n|t:|1695187856\n|move|p1a: mega man|Calm Mind|p1a: mega man\n|-boost|p1a: mega man|spa|1\n|-boost|p1a: mega man|spd|1\n|move|p2a: Hatterene|Trick Room|p2a: Hatterene\n|-fieldstart|move: Trick Room|[of] p2a: Hatterene\n|\n|upkeep\n|turn|14\n|\n|t:|1695187863\n|move|p2a: Hatterene|Calm Mind|p2a: Hatterene\n|-boost|p2a: Hatterene|spa|1\n|-boost|p2a: Hatterene|spd|1\n|move|p1a: mega man|Armor Cannon|p2a: Hatterene\n|-supereffective|p2a: Hatterene\n|-damage|p2a: Hatterene|0 fnt\n|-unboost|p1a: mega man|def|1\n|-unboost|p1a: mega man|spd|1\n|faint|p2a: Hatterene\n|\n|upkeep\n|\n|t:|1695187872\n|switch|p2a: Grimmsnarl|Grimmsnarl, M|100/100\n|-damage|p2a: Grimmsnarl|88/100|[from] Spikes\n|turn|15\n|c|\u2606PicklesAttack|its a 120 BP STAB move thats supereffective\n|c|\u2606PicklesAttack|idk what you expected\n|\n|t:|1695187891\n|move|p2a: Grimmsnarl|Light Screen|p2a: Grimmsnarl\n|-sidestart|p2: Lyrick|move: Light Screen\n|move|p1a: mega man|Calm Mind|p1a: mega man\n|-boost|p1a: mega man|spa|1\n|-boost|p1a: mega man|spd|1\n|\n|upkeep\n|turn|16\n|c|\u2606Lyrick|i was hopeful...\n|c|\u2606PicklesAttack|fair.\n|\n|t:|1695187928\n|move|p2a: Grimmsnarl|Spirit Break|p1a: mega man\n|-resisted|p1a: mega man\n|-damage|p1a: mega man|53/100\n|-unboost|p1a: mega man|spa|1\n|-ability|p1a: mega man|Weak Armor|boost\n|-unboost|p1a: mega man|def|1\n|-boost|p1a: mega man|spe|2\n|move|p1a: mega man|Calm Mind|p1a: mega man\n|-boost|p1a: mega man|spa|1\n|-boost|p1a: mega man|spd|1\n|\n|upkeep\n|turn|17\n|\n|t:|1695187938\n|move|p2a: Grimmsnarl|Spirit Break|p1a: mega man\n|-resisted|p1a: mega man\n|-damage|p1a: mega man|22/100\n|-unboost|p1a: mega man|spa|1\n|-ability|p1a: mega man|Weak Armor|boost\n|-unboost|p1a: mega man|def|1\n|-boost|p1a: mega man|spe|2\n|move|p1a: mega man|Calm Mind|p1a: mega man\n|-boost|p1a: mega man|spa|1\n|-boost|p1a: mega man|spd|1\n|\n|-fieldend|move: Trick Room\n|upkeep\n|turn|18\n|\n|t:|1695187949\n|-terastallize|p1a: mega man|Fire\n|move|p2a: Grimmsnarl|Reflect|p2a: Grimmsnarl\n|-sidestart|p2: Lyrick|Reflect\n|move|p1a: mega man|Armor Cannon|p2a: Grimmsnarl\n|-damage|p2a: Grimmsnarl|11/100\n|-unboost|p1a: mega man|def|1\n|-unboost|p1a: mega man|spd|1\n|-enditem|p2a: Grimmsnarl|Eject Button\n|\n|t:|1695187966\n|switch|p2a: Tinkaton|Tinkaton, F|100/100\n|-damage|p2a: Tinkaton|88/100|[from] Spikes\n|\n|upkeep\n|turn|19\n|\n|t:|1695187975\n|move|p1a: mega man|Armor Cannon|p2a: Tinkaton\n|-supereffective|p2a: Tinkaton\n|-crit|p2a: Tinkaton\n|-damage|p2a: Tinkaton|0 fnt\n|-unboost|p1a: mega man|def|1\n|-unboost|p1a: mega man|spd|1\n|faint|p2a: Tinkaton\n|\n|-sideend|p2: Lyrick|move: Light Screen\n|upkeep\n|\n|t:|1695187982\n|switch|p2a: Lilligant|Lilligant-Hisui, F|100/100\n|-damage|p2a: Lilligant|88/100|[from] Spikes\n|turn|20\n|c|\u2606PicklesAttack|metal pipe sound\n|\n|t:|1695187991\n|move|p1a: mega man|Armor Cannon|p2a: Lilligant\n|-supereffective|p2a: Lilligant\n|-damage|p2a: Lilligant|0 fnt\n|-unboost|p1a: mega man|def|1\n|-unboost|p1a: mega man|spd|1\n|faint|p2a: Lilligant\n|\n|upkeep\n|c|\u2606PicklesAttack|except the metal pipe is melting\n|\n|t:|1695187997\n|switch|p2a: Grimmsnarl|Grimmsnarl, M|11/100\n|-damage|p2a: Grimmsnarl|0 fnt|[from] Spikes\n|faint|p2a: Grimmsnarl\n|\n|win|PicklesAttack\n|raw|PicklesAttack's rating: 1015 &rarr; <strong>1057</strong><br />(+42 for winning)\n|raw|Lyrick's rating: 1056 &rarr; <strong>1035</strong><br />(-21 for losing)\n|c|\u2606PicklesAttack|ggs\n", "uploadtime": 1695188003, "views": 4, "p1id": "picklesattack", "p2id": "lyrick", "formatid": "gen9ou", "rating": 1035, "private": 0, "password": ""}