{"id": "gen9ou-1947629999", "p1": "Lil' amogus", "p2": "WrongPlayBro", "format": "gen9ou", "log": "|j|\u2606Lil' amogus\n|j|\u2606WrongPlayBro\n|t:|1695179704\n|gametype|singles\n|player|p1|Lil' amogus|hiker-gen4|1349\n|player|p2|WrongPlayBro|benga|1355\n|teamsize|p1|6\n|teamsize|p2|6\n|gen|9\n|tier|[Gen 9] OU\n|rated|\n|rule|Sleep Clause Mod: Limit one foe put to sleep\n|rule|Species Clause: Limit one of each Pok\u00e9mon\n|rule|OHKO Clause: OHKO moves are banned\n|rule|Evasion Items Clause: Evasion items are banned\n|rule|Evasion Moves Clause: Evasion moves are banned\n|rule|Endless Battle Clause: Forcing endless battles is banned\n|rule|HP Percentage Mod: HP is shown in percentages\n|clearpoke\n|poke|p1|Munkidori, M|\n|poke|p1|Ogerpon-Cornerstone, F|\n|poke|p1|Ursaluna-Bloodmoon, M|\n|poke|p1|Cinderace, F|\n|poke|p1|Yanmega, F|\n|poke|p1|Ambipom, M|\n|poke|p2|Gliscor, M|\n|poke|p2|Clefable, M|\n|poke|p2|Dondozo, F|\n|poke|p2|Tornadus-Therian, M|\n|poke|p2|Toxapex, M|\n|poke|p2|Blissey, F|\n|teampreview\n|inactive|Battle timer is ON: inactive players will automatically lose when time's up. (requested by WrongPlayBro)\n|inactive|Lil' amogus also wants the timer to be on.\n|\n|t:|1695179719\n|start\n|switch|p1a: Monke|Munkidori, M|100/100\n|switch|p2a: Clefable|Clefable, M|100/100\n|turn|1\n|\n|t:|1695179727\n|switch|p2a: Toxapex|Toxapex, M|100/100\n|move|p1a: Monke|Sludge Wave|p2a: Toxapex\n|-resisted|p2a: Toxapex\n|-damage|p2a: Toxapex|84/100\n|\n|upkeep\n|turn|2\n|\n|t:|1695179743\n|move|p1a: Monke|Sludge Wave|p2a: Toxapex\n|-resisted|p2a: Toxapex\n|-damage|p2a: Toxapex|67/100\n|move|p2a: Toxapex|Toxic|p1a: Monke\n|-immune|p1a: Monke\n|\n|upkeep\n|turn|3\n|\n|t:|1695179754\n|switch|p1a: Freddy fazbear|Ursaluna-Bloodmoon, M, shiny|100/100\n|move|p2a: Toxapex|Toxic|p1a: Freddy fazbear\n|-status|p1a: Freddy fazbear|tox\n|\n|-damage|p1a: Freddy fazbear|94/100 tox|[from] psn\n|upkeep\n|turn|4\n|\n|t:|1695179764\n|move|p1a: Freddy fazbear|Calm Mind|p1a: Freddy fazbear\n|-boost|p1a: Freddy fazbear|spa|1\n|-boost|p1a: Freddy fazbear|spd|1\n|move|p2a: Toxapex|Haze|p2a: Toxapex\n|-clearallboost\n|\n|-heal|p1a: Freddy fazbear|100/100 tox|[from] item: Leftovers\n|-damage|p1a: Freddy fazbear|88/100 tox|[from] psn\n|upkeep\n|turn|5\n|\n|t:|1695179774\n|switch|p2a: Blissey|Blissey, F|100/100\n|move|p1a: Freddy fazbear|Calm Mind|p1a: Freddy fazbear\n|-boost|p1a: Freddy fazbear|spa|1\n|-boost|p1a: Freddy fazbear|spd|1\n|\n|-heal|p1a: Freddy fazbear|94/100 tox|[from] item: Leftovers\n|-damage|p1a: Freddy fazbear|76/100 tox|[from] psn\n|upkeep\n|turn|6\n|\n|t:|1695179785\n|move|p2a: Blissey|Calm Mind|p2a: Blissey\n|-boost|p2a: Blissey|spa|1\n|-boost|p2a: Blissey|spd|1\n|move|p1a: Freddy fazbear|Blood Moon|p2a: Blissey\n|-damage|p2a: Blissey|76/100\n|\n|-heal|p1a: Freddy fazbear|82/100 tox|[from] item: Leftovers\n|-damage|p1a: Freddy fazbear|58/100 tox|[from] psn\n|upkeep\n|turn|7\n|\n|t:|1695179796\n|switch|p1a: Slappa|Ambipom, M, shiny|100/100\n|move|p2a: Blissey|Seismic Toss|p1a: Slappa\n|-damage|p1a: Slappa|66/100\n|\n|upkeep\n|turn|8\n|\n|t:|1695179804\n|switch|p2a: Gliscor|Gliscor, M|100/100\n|move|p1a: Slappa|Double Hit|p2a: Gliscor\n|-damage|p2a: Gliscor|81/100\n|-crit|p2a: Gliscor\n|-damage|p2a: Gliscor|52/100\n|-hitcount|p2a: Gliscor|2\n|-damage|p1a: Slappa|56/100|[from] item: Life Orb\n|\n|-status|p2a: Gliscor|tox|[from] item: Toxic Orb\n|upkeep\n|turn|9\n|\n|t:|1695179819\n|-terastallize|p1a: Slappa|Normal\n|move|p2a: Gliscor|Protect|p2a: Gliscor\n|-singleturn|p2a: Gliscor|Protect\n|move|p1a: Slappa|Double Hit|p2a: Gliscor\n|-activate|p2a: Gliscor|move: Protect\n|\n|-heal|p2a: Gliscor|65/100 tox|[from] ability: Poison Heal\n|upkeep\n|turn|10\n|\n|t:|1695179844\n|switch|p2a: Tornadus|Tornadus-Therian, M|100/100\n|move|p1a: Slappa|Double Hit|p2a: Tornadus\n|-damage|p2a: Tornadus|51/100\n|-damage|p2a: Tornadus|0 fnt\n|faint|p2a: Tornadus\n|-hitcount|p2: Tornadus|2\n|-damage|p1a: Slappa|46/100|[from] item: Life Orb\n|\n|upkeep\n|inactive|WrongPlayBro has 120 seconds left.\n|\n|t:|1695179861\n|switch|p2a: Clefable|Clefable, M|100/100\n|turn|11\n|\n|t:|1695179869\n|-terastallize|p2a: Clefable|Ghost\n|move|p1a: Slappa|Double Hit|p2a: Clefable\n|-immune|p2a: Clefable\n|move|p2a: Clefable|Stealth Rock|p1a: Slappa\n|-sidestart|p1: Lil' amogus|move: Stealth Rock\n|\n|upkeep\n|turn|12\n|\n|t:|1695179881\n|move|p1a: Slappa|Knock Off|p2a: Clefable\n|-supereffective|p2a: Clefable\n|-damage|p2a: Clefable|48/100\n|-enditem|p2a: Clefable|Leftovers|[from] move: Knock Off|[of] p1a: Slappa\n|-damage|p1a: Slappa|36/100|[from] item: Life Orb\n|move|p2a: Clefable|Moonblast|p1a: Slappa\n|-damage|p1a: Slappa|0 fnt\n|faint|p1a: Slappa\n|\n|upkeep\n|\n|t:|1695179887\n|switch|p1a: Lola|Cinderace, F, shiny|100/100\n|turn|13\n|\n|t:|1695179894\n|move|p1a: Lola|Court Change|p1a: Lola\n|-swapsideconditions\n|-activate|p1a: Lola|move: Court Change\n|move|p2a: Clefable|Wish|p2a: Clefable\n|\n|upkeep\n|turn|14\n|\n|t:|1695179899\n|move|p1a: Lola|Pyro Ball|p2a: Clefable|[miss]\n|-miss|p1a: Lola|p2a: Clefable\n|move|p2a: Clefable|Stealth Rock|p1a: Lola\n|-sidestart|p1: Lil' amogus|move: Stealth Rock\n|\n|-heal|p2a: Clefable|98/100|[from] move: Wish|[wisher] Clefable\n|upkeep\n|turn|15\n|\n|t:|1695179912\n|move|p1a: Lola|Pyro Ball|p2a: Clefable\n|-damage|p2a: Clefable|60/100\n|-status|p2a: Clefable|brn\n|move|p2a: Clefable|Wish|p2a: Clefable\n|\n|upkeep\n|turn|16\n|\n|t:|1695179922\n|move|p2a: Clefable|Protect|p2a: Clefable\n|-singleturn|p2a: Clefable|Protect\n|move|p1a: Lola|Pyro Ball|p2a: Clefable\n|-activate|p2a: Clefable|move: Protect\n|\n|-heal|p2a: Clefable|100/100 brn|[from] move: Wish|[wisher] Clefable\n|upkeep\n|turn|17\n|\n|t:|1695179932\n|switch|p2a: Toxapex|Toxapex, M|99/100\n|move|p1a: Lola|Pyro Ball|p2a: Toxapex\n|-resisted|p2a: Toxapex\n|-damage|p2a: Toxapex|82/100\n|\n|upkeep\n|turn|18\n|\n|t:|1695179943\n|move|p1a: Lola|U-turn|p2a: Toxapex\n|-resisted|p2a: Toxapex\n|-damage|p2a: Toxapex|74/100\n|\n|t:|1695179945\n|switch|p1a: Monke|Munkidori, M|100/100|[from] U-turn\n|-damage|p1a: Monke|88/100|[from] Stealth Rock\n|move|p2a: Toxapex|Infestation|p1a: Monke\n|-damage|p1a: Monke|84/100\n|-activate|p1a: Monke|move: Infestation|[of] p2a: Toxapex\n|\n|-damage|p1a: Monke|72/100|[from] move: Infestation|[partiallytrapped]\n|upkeep\n|turn|19\n|\n|t:|1695179960\n|move|p1a: Monke|Psyshock|p2a: Toxapex\n|-supereffective|p2a: Toxapex\n|-damage|p2a: Toxapex|9/100\n|move|p2a: Toxapex|Recover|p2a: Toxapex\n|-heal|p2a: Toxapex|59/100\n|\n|-damage|p1a: Monke|60/100|[from] move: Infestation|[partiallytrapped]\n|upkeep\n|turn|20\n|\n|t:|1695179972\n|switch|p2a: Dondozo|Dondozo, F|100/100\n|move|p1a: Monke|Psyshock|p2a: Dondozo\n|-damage|p2a: Dondozo|82/100\n|\n|-end|p1a: Monke|Infestation|[partiallytrapped]|[silent]\n|upkeep\n|turn|21\n|\n|t:|1695179982\n|switch|p1a: Freddy fazbear|Ursaluna-Bloodmoon, M, shiny|58/100 tox\n|-damage|p1a: Freddy fazbear|52/100 tox|[from] Stealth Rock\n|move|p2a: Dondozo|Body Press|p1a: Freddy fazbear\n|-supereffective|p1a: Freddy fazbear\n|-damage|p1a: Freddy fazbear|12/100 tox\n|\n|-heal|p1a: Freddy fazbear|18/100 tox|[from] item: Leftovers\n|-damage|p1a: Freddy fazbear|12/100 tox|[from] psn\n|upkeep\n|turn|22\n|\n|t:|1695179997\n|switch|p2a: Blissey|Blissey, F|76/100\n|move|p1a: Freddy fazbear|Blood Moon|p2a: Blissey\n|-damage|p2a: Blissey|52/100\n|\n|-heal|p1a: Freddy fazbear|18/100 tox|[from] item: Leftovers\n|-damage|p1a: Freddy fazbear|5/100 tox|[from] psn\n|upkeep\n|turn|23\n|\n|t:|1695180005\n|move|p1a: Freddy fazbear|Vacuum Wave|p2a: Blissey\n|-supereffective|p2a: Blissey\n|-damage|p2a: Blissey|44/100\n|move|p2a: Blissey|Soft-Boiled|p2a: Blissey\n|-heal|p2a: Blissey|94/100\n|\n|-heal|p1a: Freddy fazbear|12/100 tox|[from] item: Leftovers\n|-damage|p1a: Freddy fazbear|0 fnt|[from] psn\n|faint|p1a: Freddy fazbear\n|upkeep\n|\n|t:|1695180015\n|switch|p1a: Dream|Ogerpon-Cornerstone, F|100/100\n|-damage|p1a: Dream|88/100|[from] Stealth Rock\n|turn|24\n|\n|t:|1695180023\n|switch|p2a: Gliscor|Gliscor, M|65/100 tox\n|-damage|p2a: Gliscor|52/100 tox|[from] Stealth Rock\n|move|p1a: Dream|Power Whip|p2a: Gliscor\n|-damage|p2a: Gliscor|11/100 tox\n|\n|-heal|p2a: Gliscor|23/100 tox|[from] ability: Poison Heal\n|upkeep\n|turn|25\n|\n|t:|1695180034\n|move|p2a: Gliscor|Protect|p2a: Gliscor\n|-singleturn|p2a: Gliscor|Protect\n|move|p1a: Dream|Power Whip|p2a: Gliscor\n|-activate|p2a: Gliscor|move: Protect\n|\n|-heal|p2a: Gliscor|36/100 tox|[from] ability: Poison Heal\n|upkeep\n|turn|26\n|\n|t:|1695180046\n|move|p1a: Dream|Power Whip|p2a: Gliscor\n|-damage|p2a: Gliscor|0 fnt\n|faint|p2a: Gliscor\n|\n|upkeep\n|\n|t:|1695180054\n|switch|p2a: Clefable|Clefable, M, tera:Ghost|100/100 brn\n|turn|27\n|\n|t:|1695180062\n|move|p1a: Dream|Swords Dance|p1a: Dream\n|-boost|p1a: Dream|atk|2\n|move|p2a: Clefable|Moonblast|p1a: Dream\n|-damage|p1a: Dream|50/100\n|\n|upkeep\n|turn|28\n|\n|t:|1695180076\n|move|p1a: Dream|Power Whip|p2a: Clefable\n|-damage|p2a: Clefable|0 fnt\n|faint|p2a: Clefable\n|\n|upkeep\n|\n|t:|1695180081\n|switch|p2a: Toxapex|Toxapex, M|92/100\n|turn|29\n|\n|t:|1695180087\n|move|p1a: Dream|Power Whip|p2a: Toxapex\n|-damage|p2a: Toxapex|0 fnt\n|faint|p2a: Toxapex\n|\n|upkeep\n|-message|WrongPlayBro forfeited.\n|\n|win|Lil' amogus\n|raw|Lil&apos; amogus's rating: 1349 &rarr; <strong>1369</strong><br />(+20 for winning)\n|raw|WrongPlayBro's rating: 1355 &rarr; <strong>1335</strong><br />(-20 for losing)\n|l|\u2606WrongPlayBro\n", "uploadtime": 1695180099, "views": 3, "p1id": "lilamogus", "p2id": "wrongplaybro", "formatid": "gen9ou", "rating": 1335, "private": 0, "password": ""}