{"id": "gen9ou-1947589659", "p1": "Nejy", "p2": "willsmithslappp", "format": "gen9ou", "log": "|j|\u2606Nejy\n|j|\u2606willsmithslappp\n|t:|1695175497\n|gametype|singles\n|player|p1|Nejy|169|1289\n|player|p2|willsmithslappp|biker-gen4|1346\n|teamsize|p1|6\n|teamsize|p2|6\n|gen|9\n|tier|[Gen 9] OU\n|rated|\n|rule|Sleep Clause Mod: Limit one foe put to sleep\n|rule|Species Clause: Limit one of each Pok\u00e9mon\n|rule|OHKO Clause: OHKO moves are banned\n|rule|Evasion Items Clause: Evasion items are banned\n|rule|Evasion Moves Clause: Evasion moves are banned\n|rule|Endless Battle Clause: Forcing endless battles is banned\n|rule|HP Percentage Mod: HP is shown in percentages\n|clearpoke\n|poke|p1|Iron Moth|\n|poke|p1|Ursaluna-Bloodmoon, M|\n|poke|p1|Great Tusk|\n|poke|p1|Kingambit, M|\n|poke|p1|Dragonite, F|\n|poke|p1|Iron Valiant|\n|poke|p2|Okidogi, M|\n|poke|p2|Gliscor, M|\n|poke|p2|Ninetales-Alola, F|\n|poke|p2|Cloyster, M|\n|poke|p2|Moltres|\n|poke|p2|Meowscarada, M|\n|teampreview\n|\n|t:|1695175512\n|start\n|switch|p1a: Iron Moth|Iron Moth|100/100\n|switch|p2a: Ninetales|Ninetales-Alola, F|100/100\n|-weather|Snow|[from] ability: Snow Warning|[of] p2a: Ninetales\n|-enditem|p1a: Iron Moth|Booster Energy\n|-activate|p1a: Iron Moth|ability: Quark Drive|[fromitem]\n|-start|p1a: Iron Moth|quarkdrivespe\n|turn|1\n|\n|t:|1695175534\n|switch|p2a: Gliscor|Gliscor, M|100/100\n|move|p1a: Iron Moth|Fiery Dance|p2a: Gliscor\n|-damage|p2a: Gliscor|55/100\n|\n|-weather|Snow|[upkeep]\n|-status|p2a: Gliscor|tox|[from] item: Toxic Orb\n|upkeep\n|turn|2\n|\n|t:|1695175550\n|-end|p1a: Iron Moth|Quark Drive|[silent]\n|switch|p1a: Ursaluna|Ursaluna-Bloodmoon, M|100/100\n|move|p2a: Gliscor|U-turn|p1a: Ursaluna\n|-damage|p1a: Ursaluna|89/100\n|\n|t:|1695175561\n|switch|p2a: Ninetales|Ninetales-Alola, F|100/100|[from] U-turn\n|\n|-weather|Snow|[upkeep]\n|-heal|p1a: Ursaluna|95/100|[from] item: Leftovers\n|upkeep\n|turn|3\n|\n|t:|1695175578\n|move|p2a: Ninetales|Aurora Veil|p2a: Ninetales\n|-sidestart|p2: willsmithslappp|move: Aurora Veil\n|move|p1a: Ursaluna|Blood Moon|p2a: Ninetales\n|-damage|p2a: Ninetales|53/100\n|\n|-weather|Snow|[upkeep]\n|-heal|p1a: Ursaluna|100/100|[from] item: Leftovers\n|upkeep\n|turn|4\n|\n|t:|1695175589\n|switch|p1a: Iron Moth|Iron Moth|100/100\n|move|p2a: Ninetales|Freeze-Dry|p1a: Iron Moth\n|-resisted|p1a: Iron Moth\n|-damage|p1a: Iron Moth|88/100\n|\n|-weather|Snow|[upkeep]\n|upkeep\n|turn|5\n|\n|t:|1695175600\n|switch|p2a: Gliscor|Gliscor, M|55/100 tox\n|move|p1a: Iron Moth|Fiery Dance|p2a: Gliscor\n|-damage|p2a: Gliscor|32/100 tox\n|\n|-weather|none\n|-heal|p2a: Gliscor|45/100 tox|[from] ability: Poison Heal\n|upkeep\n|turn|6\n|\n|t:|1695175626\n|-end|p1a: Iron Moth|Quark Drive|[silent]\n|switch|p1a: Great Tusk|Great Tusk|100/100\n|move|p2a: Gliscor|Spikes|p1a: Great Tusk\n|-sidestart|p1: Nejy|Spikes\n|\n|-heal|p2a: Gliscor|57/100 tox|[from] ability: Poison Heal\n|upkeep\n|turn|7\n|\n|t:|1695175641\n|switch|p2a: Cloyster|Cloyster, M|100/100\n|move|p1a: Great Tusk|Stealth Rock|p2a: Cloyster\n|-sidestart|p2: willsmithslappp|move: Stealth Rock\n|\n|upkeep\n|turn|8\n|\n|t:|1695175669\n|move|p1a: Great Tusk|Rapid Spin|p2a: Cloyster\n|-damage|p2a: Cloyster|95/100\n|-boost|p1a: Great Tusk|spe|1\n|-sideend|p1: Nejy|Spikes|[from] move: Rapid Spin|[of] p1a: Great Tusk\n|move|p2a: Cloyster|Shell Smash|p2a: Cloyster\n|-unboost|p2a: Cloyster|def|1\n|-unboost|p2a: Cloyster|spd|1\n|-boost|p2a: Cloyster|atk|2\n|-boost|p2a: Cloyster|spa|2\n|-boost|p2a: Cloyster|spe|2\n|\n|upkeep\n|turn|9\n|\n|t:|1695175699\n|move|p2a: Cloyster|Shell Smash|p2a: Cloyster\n|-unboost|p2a: Cloyster|def|1\n|-unboost|p2a: Cloyster|spd|1\n|-boost|p2a: Cloyster|atk|2\n|-boost|p2a: Cloyster|spa|2\n|-boost|p2a: Cloyster|spe|2\n|move|p1a: Great Tusk|Earthquake|p2a: Cloyster\n|-damage|p2a: Cloyster|61/100\n|\n|upkeep\n|turn|10\n|\n|t:|1695175716\n|move|p2a: Cloyster|Hydro Pump|p1a: Great Tusk\n|-supereffective|p1a: Great Tusk\n|-damage|p1a: Great Tusk|0 fnt\n|faint|p1a: Great Tusk\n|-end|p1a: Great Tusk|Protosynthesis|[silent]\n|\n|-sideend|p2: willsmithslappp|move: Aurora Veil\n|upkeep\n|\n|t:|1695175724\n|switch|p1a: Kingambit|Kingambit, M|100/100\n|-activate|p1a: Kingambit|ability: Supreme Overlord\n|-start|p1a: Kingambit|fallen1|[silent]\n|-item|p1a: Kingambit|Air Balloon\n|turn|11\n|\n|t:|1695175751\n|-terastallize|p1a: Kingambit|Water\n|move|p2a: Cloyster|Hydro Pump|p1a: Kingambit\n|-resisted|p1a: Kingambit\n|-damage|p1a: Kingambit|49/100\n|-enditem|p1a: Kingambit|Air Balloon\n|move|p1a: Kingambit|Kowtow Cleave|p2a: Cloyster\n|-damage|p2a: Cloyster|0 fnt\n|faint|p2a: Cloyster\n|\n|upkeep\n|\n|t:|1695175763\n|switch|p2a: Okidogi|Okidogi, M|100/100\n|-damage|p2a: Okidogi|94/100|[from] Stealth Rock\n|turn|12\n|\n|t:|1695175781\n|move|p2a: Okidogi|Substitute|p2a: Okidogi\n|-start|p2a: Okidogi|Substitute\n|-damage|p2a: Okidogi|70/100\n|move|p1a: Kingambit|Iron Head|p2a: Okidogi\n|-end|p2a: Okidogi|Substitute\n|\n|-heal|p2a: Okidogi|76/100|[from] item: Leftovers\n|upkeep\n|turn|13\n|\n|t:|1695175796\n|move|p2a: Okidogi|Bulk Up|p2a: Okidogi\n|-boost|p2a: Okidogi|atk|1\n|-boost|p2a: Okidogi|def|1\n|move|p1a: Kingambit|Iron Head|p2a: Okidogi\n|-damage|p2a: Okidogi|48/100\n|\n|-heal|p2a: Okidogi|54/100|[from] item: Leftovers\n|upkeep\n|turn|14\n|\n|t:|1695175806\n|move|p2a: Okidogi|Drain Punch|p1a: Kingambit\n|-damage|p1a: Kingambit|0 fnt\n|-heal|p2a: Okidogi|78/100|[from] drain|[of] p1a: Kingambit\n|faint|p1a: Kingambit\n|-end|p1a: Kingambit|fallen1|[silent]\n|\n|-heal|p2a: Okidogi|84/100|[from] item: Leftovers\n|upkeep\n|\n|t:|1695175826\n|switch|p1a: Dragonite|Dragonite, F|100/100\n|turn|15\n|\n|t:|1695175836\n|move|p1a: Dragonite|Encore|p2a: Okidogi\n|-start|p2a: Okidogi|Encore\n|move|p2a: Okidogi|Drain Punch|p1a: Dragonite\n|-resisted|p1a: Dragonite\n|-damage|p1a: Dragonite|84/100\n|-heal|p2a: Okidogi|91/100|[from] drain|[of] p1a: Dragonite\n|\n|-heal|p2a: Okidogi|97/100|[from] item: Leftovers\n|upkeep\n|turn|16\n|\n|t:|1695175847\n|switch|p2a: Moltres|Moltres|100/100\n|move|p1a: Dragonite|Dragon Dance|p1a: Dragonite\n|-boost|p1a: Dragonite|atk|1\n|-boost|p1a: Dragonite|spe|1\n|\n|upkeep\n|turn|17\n|\n|t:|1695175873\n|switch|p1a: Iron Moth|Iron Moth|88/100\n|move|p2a: Moltres|Will-O-Wisp|p1a: Iron Moth|[miss]\n|-miss|p2a: Moltres|p1a: Iron Moth\n|\n|upkeep\n|turn|18\n|\n|t:|1695175888\n|move|p1a: Iron Moth|Fiery Dance|p2a: Moltres\n|-resisted|p2a: Moltres\n|-damage|p2a: Moltres|81/100\n|move|p2a: Moltres|Flamethrower|p1a: Iron Moth\n|-resisted|p1a: Iron Moth\n|-damage|p1a: Iron Moth|68/100\n|\n|upkeep\n|turn|19\n|\n|t:|1695175896\n|move|p1a: Iron Moth|Sludge Wave|p2a: Moltres\n|-damage|p2a: Moltres|30/100\n|move|p2a: Moltres|U-turn|p1a: Iron Moth\n|-resisted|p1a: Iron Moth\n|-damage|p1a: Iron Moth|63/100\n|\n|t:|1695175900\n|switch|p2a: Gliscor|Gliscor, M|57/100 tox|[from] U-turn\n|-damage|p2a: Gliscor|45/100 tox|[from] Stealth Rock\n|\n|-heal|p2a: Gliscor|57/100 tox|[from] ability: Poison Heal\n|upkeep\n|turn|20\n|\n|t:|1695175914\n|move|p1a: Iron Moth|Fiery Dance|p2a: Gliscor\n|-damage|p2a: Gliscor|13/100 tox\n|move|p2a: Gliscor|Earthquake|p1a: Iron Moth\n|-supereffective|p1a: Iron Moth\n|-damage|p1a: Iron Moth|0 fnt\n|faint|p1a: Iron Moth\n|-end|p1a: Iron Moth|Quark Drive|[silent]\n|\n|-heal|p2a: Gliscor|25/100 tox|[from] ability: Poison Heal\n|upkeep\n|\n|t:|1695175935\n|switch|p1a: Ursaluna|Ursaluna-Bloodmoon, M|100/100\n|turn|21\n|\n|t:|1695175970\n|move|p2a: Gliscor|U-turn|p1a: Ursaluna\n|-damage|p1a: Ursaluna|90/100\n|\n|t:|1695175974\n|switch|p2a: Meowscarada|Meowscarada, M|100/100|[from] U-turn\n|-damage|p2a: Meowscarada|88/100|[from] Stealth Rock\n|move|p1a: Ursaluna|Blood Moon|p2a: Meowscarada\n|-damage|p2a: Meowscarada|0 fnt\n|faint|p2a: Meowscarada\n|\n|-heal|p1a: Ursaluna|96/100|[from] item: Leftovers\n|upkeep\n|\n|t:|1695175980\n|switch|p2a: Ninetales|Ninetales-Alola, F|53/100\n|-damage|p2a: Ninetales|28/100|[from] Stealth Rock\n|-weather|Snow|[from] ability: Snow Warning|[of] p2a: Ninetales\n|turn|22\n|\n|t:|1695176002\n|move|p1a: Ursaluna|Vacuum Wave|p2a: Ninetales\n|-damage|p2a: Ninetales|9/100\n|move|p2a: Ninetales|Aurora Veil|p2a: Ninetales\n|-sidestart|p2: willsmithslappp|move: Aurora Veil\n|\n|-weather|Snow|[upkeep]\n|-heal|p1a: Ursaluna|100/100|[from] item: Leftovers\n|upkeep\n|turn|23\n|\n|t:|1695176011\n|move|p1a: Ursaluna|Vacuum Wave|p2a: Ninetales\n|-damage|p2a: Ninetales|0 fnt\n|faint|p2a: Ninetales\n|\n|-weather|Snow|[upkeep]\n|upkeep\n|\n|t:|1695176021\n|switch|p2a: Moltres|Moltres|30/100\n|turn|24\n|\n|t:|1695176027\n|move|p2a: Moltres|Roost|p2a: Moltres\n|-heal|p2a: Moltres|80/100\n|-singleturn|p2a: Moltres|move: Roost\n|move|p1a: Ursaluna|Earth Power|p2a: Moltres\n|-supereffective|p2a: Moltres\n|-damage|p2a: Moltres|28/100\n|\n|-weather|Snow|[upkeep]\n|upkeep\n|turn|25\n|\n|t:|1695176039\n|move|p2a: Moltres|Flamethrower|p1a: Ursaluna\n|-damage|p1a: Ursaluna|58/100\n|move|p1a: Ursaluna|Blood Moon|p2a: Moltres\n|-damage|p2a: Moltres|0 fnt\n|faint|p2a: Moltres\n|\n|-weather|Snow|[upkeep]\n|-heal|p1a: Ursaluna|64/100|[from] item: Leftovers\n|upkeep\n|\n|t:|1695176045\n|switch|p2a: Okidogi|Okidogi, M|97/100\n|-damage|p2a: Okidogi|91/100|[from] Stealth Rock\n|turn|26\n|\n|t:|1695176056\n|switch|p1a: Dragonite|Dragonite, F|84/100\n|-terastallize|p2a: Okidogi|Water\n|move|p2a: Okidogi|Gunk Shot|p1a: Dragonite\n|-damage|p1a: Dragonite|16/100\n|\n|-weather|none\n|-heal|p2a: Okidogi|97/100|[from] item: Leftovers\n|upkeep\n|turn|27\n|\n|t:|1695176076\n|move|p1a: Dragonite|Earthquake|p2a: Okidogi\n|-damage|p2a: Okidogi|82/100\n|move|p2a: Okidogi|Gunk Shot|p1a: Dragonite\n|-damage|p1a: Dragonite|0 fnt\n|faint|p1a: Dragonite\n|\n|-heal|p2a: Okidogi|88/100|[from] item: Leftovers\n|upkeep\n|\n|t:|1695176086\n|switch|p1a: Ursaluna|Ursaluna-Bloodmoon, M|64/100\n|turn|28\n|\n|t:|1695176093\n|move|p2a: Okidogi|Drain Punch|p1a: Ursaluna\n|-supereffective|p1a: Ursaluna\n|-damage|p1a: Ursaluna|6/100\n|-heal|p2a: Okidogi|100/100|[from] drain|[of] p1a: Ursaluna\n|move|p1a: Ursaluna|Blood Moon|p2a: Okidogi\n|-damage|p2a: Okidogi|59/100\n|\n|-heal|p2a: Okidogi|65/100|[from] item: Leftovers\n|-heal|p1a: Ursaluna|12/100|[from] item: Leftovers\n|upkeep\n|turn|29\n|\n|t:|1695176105\n|move|p1a: Ursaluna|Vacuum Wave|p2a: Okidogi\n|-damage|p2a: Okidogi|56/100\n|move|p2a: Okidogi|Drain Punch|p1a: Ursaluna\n|-supereffective|p1a: Ursaluna\n|-damage|p1a: Ursaluna|0 fnt\n|-heal|p2a: Okidogi|63/100|[from] drain|[of] p1a: Ursaluna\n|faint|p1a: Ursaluna\n|\n|-heal|p2a: Okidogi|69/100|[from] item: Leftovers\n|-sideend|p2: willsmithslappp|move: Aurora Veil\n|upkeep\n|\n|t:|1695176116\n|switch|p1a: Iron Valiant|Iron Valiant|100/100\n|-enditem|p1a: Iron Valiant|Booster Energy\n|-activate|p1a: Iron Valiant|ability: Quark Drive|[fromitem]\n|-start|p1a: Iron Valiant|quarkdrivespe\n|turn|30\n|\n|t:|1695176130\n|move|p1a: Iron Valiant|Encore|p2a: Okidogi\n|-start|p2a: Okidogi|Encore\n|move|p2a: Okidogi|Drain Punch|p1a: Iron Valiant\n|-resisted|p1a: Iron Valiant\n|-damage|p1a: Iron Valiant|76/100\n|-heal|p2a: Okidogi|79/100|[from] drain|[of] p1a: Iron Valiant\n|\n|-heal|p2a: Okidogi|85/100|[from] item: Leftovers\n|upkeep\n|turn|31\n|\n|t:|1695176139\n|switch|p2a: Gliscor|Gliscor, M|25/100 tox\n|-damage|p2a: Gliscor|13/100 tox|[from] Stealth Rock\n|move|p1a: Iron Valiant|Calm Mind|p1a: Iron Valiant\n|-boost|p1a: Iron Valiant|spa|1\n|-boost|p1a: Iron Valiant|spd|1\n|\n|-heal|p2a: Gliscor|25/100 tox|[from] ability: Poison Heal\n|upkeep\n|turn|32\n|\n|t:|1695176150\n|move|p1a: Iron Valiant|Moonblast|p2a: Gliscor\n|-damage|p2a: Gliscor|0 fnt\n|faint|p2a: Gliscor\n|\n|upkeep\n|\n|t:|1695176152\n|switch|p2a: Okidogi|Okidogi, M, tera:Water|85/100\n|-damage|p2a: Okidogi|72/100|[from] Stealth Rock\n|turn|33\n|\n|t:|1695176160\n|move|p1a: Iron Valiant|Thunderbolt|p2a: Okidogi\n|-supereffective|p2a: Okidogi\n|-damage|p2a: Okidogi|0 fnt\n|faint|p2a: Okidogi\n|\n|win|Nejy\n|raw|Nejy's rating: 1289 &rarr; <strong>1318</strong><br />(+29 for winning)\n|raw|willsmithslappp's rating: 1346 &rarr; <strong>1323</strong><br />(-23 for losing)\n|l|\u2606willsmithslappp\n", "uploadtime": 1695176181, "views": 2, "p1id": "nejy", "p2id": "willsmithslappp", "formatid": "gen9ou", "rating": 1318, "private": 0, "password": ""}