{"id": "gen9ou-1947598449", "p1": "malk tyme", "p2": "Dr. Drake6782", "format": "gen9ou", "log": "|j|\u2606malk tyme\n|j|\u2606Dr. Drake6782\n|t:|1695176398\n|gametype|singles\n|player|p1|malk tyme|169|1600\n|player|p2|Dr. Drake6782|hilbert-masters|1646\n|teamsize|p1|6\n|teamsize|p2|6\n|gen|9\n|tier|[Gen 9] OU\n|rated|\n|rule|Sleep Clause Mod: Limit one foe put to sleep\n|rule|Species Clause: Limit one of each Pok\u00e9mon\n|rule|OHKO Clause: OHKO moves are banned\n|rule|Evasion Items Clause: Evasion items are banned\n|rule|Evasion Moves Clause: Evasion moves are banned\n|rule|Endless Battle Clause: Forcing endless battles is banned\n|rule|HP Percentage Mod: HP is shown in percentages\n|clearpoke\n|poke|p1|Magcargo, F|\n|poke|p1|Ribombee, F|\n|poke|p1|Ogerpon, F|\n|poke|p1|Indeedee, M|\n|poke|p1|Grimmsnarl, M|\n|poke|p1|Gholdengo|\n|poke|p2|Kingambit, F|\n|poke|p2|Glimmora, M|\n|poke|p2|Zamazenta-*|\n|poke|p2|Iron Valiant|\n|poke|p2|Iron Moth|\n|poke|p2|Ogerpon-Wellspring, F|\n|teampreview\n|inactive|Battle timer is ON: inactive players will automatically lose when time's up. (requested by Dr. Drake6782)\n|\n|t:|1695176411\n|start\n|switch|p1a: Ribombee|Ribombee, F|100/100\n|switch|p2a: Glimmora|Glimmora, M|100/100\n|turn|1\n|\n|t:|1695176425\n|move|p1a: Ribombee|Sticky Web|p2a: Glimmora\n|-sidestart|p2: Dr. Drake6782|move: Sticky Web\n|move|p2a: Glimmora|Mortal Spin|p1a: Ribombee\n|-supereffective|p1a: Ribombee\n|-damage|p1a: Ribombee|74/100\n|-sideend|p2: Dr. Drake6782|Sticky Web|[from] move: Mortal Spin|[of] p2a: Glimmora\n|\n|upkeep\n|turn|2\n|\n|t:|1695176441\n|move|p1a: Ribombee|Sticky Web|p2a: Glimmora\n|-sidestart|p2: Dr. Drake6782|move: Sticky Web\n|move|p2a: Glimmora|Power Gem|p1a: Ribombee\n|-supereffective|p1a: Ribombee\n|-damage|p1a: Ribombee|0 fnt\n|faint|p1a: Ribombee\n|\n|upkeep\n|\n|t:|1695176447\n|switch|p1a: Gholdengo|Gholdengo|100/100\n|-item|p1a: Gholdengo|Air Balloon\n|turn|3\n|\n|t:|1695176463\n|switch|p2a: Iron Moth|Iron Moth|100/100\n|-enditem|p2a: Iron Moth|Booster Energy\n|-activate|p2a: Iron Moth|ability: Quark Drive|[fromitem]\n|-start|p2a: Iron Moth|quarkdrivespe\n|-activate|p2a: Iron Moth|move: Sticky Web\n|-unboost|p2a: Iron Moth|spe|1\n|move|p1a: Gholdengo|Make It Rain|p2a: Iron Moth\n|-resisted|p2a: Iron Moth\n|-damage|p2a: Iron Moth|69/100\n|-unboost|p1a: Gholdengo|spa|1\n|\n|upkeep\n|turn|4\n|\n|t:|1695176474\n|switch|p1a: Magcargo|Magcargo, F|100/100\n|move|p2a: Iron Moth|Fiery Dance|p1a: Magcargo\n|-resisted|p1a: Magcargo\n|-damage|p1a: Magcargo|84/100\n|\n|upkeep\n|turn|5\n|j| juicelol\n|\n|t:|1695176489\n|move|p2a: Iron Moth|Fiery Dance|p1a: Magcargo\n|-resisted|p1a: Magcargo\n|-crit|p1a: Magcargo\n|-damage|p1a: Magcargo|61/100\n|move|p1a: Magcargo|Power Gem|p2a: Iron Moth\n|-supereffective|p2a: Iron Moth\n|-damage|p2a: Iron Moth|0 fnt\n|faint|p2a: Iron Moth\n|-end|p2a: Iron Moth|Quark Drive|[silent]\n|\n|upkeep\n|\n|t:|1695176491\n|switch|p2a: Glimmora|Glimmora, M|100/100\n|-activate|p2a: Glimmora|move: Sticky Web\n|-unboost|p2a: Glimmora|spe|1\n|turn|6\n|\n|t:|1695176494\n|switch|p1a: Gholdengo|Gholdengo|100/100\n|-item|p1a: Gholdengo|Air Balloon\n|move|p2a: Glimmora|Power Gem|p1a: Gholdengo\n|-resisted|p1a: Gholdengo\n|-damage|p1a: Gholdengo|77/100\n|-enditem|p1a: Gholdengo|Air Balloon\n|\n|upkeep\n|turn|7\n|\n|t:|1695176498\n|move|p1a: Gholdengo|Make It Rain|p2a: Glimmora\n|-supereffective|p2a: Glimmora\n|-enditem|p2a: Glimmora|Focus Sash\n|-damage|p2a: Glimmora|1/100\n|-unboost|p1a: Gholdengo|spa|1\n|move|p2a: Glimmora|Earth Power|p1a: Gholdengo\n|-supereffective|p1a: Gholdengo\n|-damage|p1a: Gholdengo|0 fnt\n|faint|p1a: Gholdengo\n|\n|upkeep\n|\n|t:|1695176503\n|switch|p1a: Magcargo|Magcargo, F|61/100\n|turn|8\n|\n|t:|1695176515\n|move|p2a: Glimmora|Mortal Spin|p1a: Magcargo\n|-resisted|p1a: Magcargo\n|-damage|p1a: Magcargo|57/100\n|-status|p1a: Magcargo|psn\n|-ability|p1a: Magcargo|Weak Armor|boost\n|-unboost|p1a: Magcargo|def|1\n|-boost|p1a: Magcargo|spe|2\n|-sideend|p2: Dr. Drake6782|Sticky Web|[from] move: Mortal Spin|[of] p2a: Glimmora\n|move|p1a: Magcargo|Power Gem|p2a: Glimmora\n|-damage|p2a: Glimmora|0 fnt\n|faint|p2a: Glimmora\n|\n|-damage|p1a: Magcargo|45/100 psn|[from] psn\n|upkeep\n|c|\u2606malk tyme|Still slower.\n|c|\u2606malk tyme|Samm cargo\n|\n|t:|1695176529\n|switch|p2a: Zamazenta|Zamazenta, shiny|100/100\n|-ability|p2a: Zamazenta|Dauntless Shield|boost\n|-boost|p2a: Zamazenta|def|1\n|turn|9\n|\n|t:|1695176534\n|move|p2a: Zamazenta|Body Press|p1a: Magcargo\n|-supereffective|p1a: Magcargo\n|-damage|p1a: Magcargo|0 fnt\n|faint|p1a: Magcargo\n|\n|upkeep\n|\n|t:|1695176539\n|switch|p1a: Indeedee|Indeedee, M|100/100\n|-fieldstart|move: Psychic Terrain|[from] ability: Psychic Surge|[of] p1a: Indeedee\n|turn|10\n|inactive|Dr. Drake6782 has 120 seconds left.\n|\n|t:|1695176570\n|-terastallize|p2a: Zamazenta|Fire\n|move|p1a: Indeedee|Psychic|p2a: Zamazenta\n|-damage|p2a: Zamazenta|55/100\n|move|p2a: Zamazenta|Crunch|p1a: Indeedee\n|-supereffective|p1a: Indeedee\n|-damage|p1a: Indeedee|0 fnt\n|faint|p1a: Indeedee\n|\n|-heal|p2a: Zamazenta|61/100|[from] item: Leftovers\n|upkeep\n|\n|t:|1695176579\n|switch|p1a: Ogerpon|Ogerpon, F|100/100\n|turn|11\n|\n|t:|1695176587\n|-terastallize|p1a: Ogerpon|Grass\n|detailschange|p1a: Ogerpon|Ogerpon-Teal-Tera, F, tera:Grass\n|-ability|p1a: Ogerpon|Embody Aspect (Teal)|boost\n|-boost|p1a: Ogerpon|spe|1\n|move|p1a: Ogerpon|Swords Dance|p1a: Ogerpon\n|-boost|p1a: Ogerpon|atk|2\n|move|p2a: Zamazenta|Iron Defense|p2a: Zamazenta\n|-boost|p2a: Zamazenta|def|2\n|\n|-heal|p2a: Zamazenta|68/100|[from] item: Leftovers\n|upkeep\n|turn|12\n|\n|t:|1695176594\n|move|p1a: Ogerpon|Knock Off|p2a: Zamazenta\n|-damage|p2a: Zamazenta|45/100\n|-enditem|p2a: Zamazenta|Leftovers|[from] move: Knock Off|[of] p1a: Ogerpon\n|move|p2a: Zamazenta|Body Press|p1a: Ogerpon\n|-damage|p1a: Ogerpon|0 fnt\n|faint|p1a: Ogerpon\n|\n|upkeep\n|-message|malk tyme forfeited.\n|\n|win|Dr. Drake6782\n|raw|malk tyme's rating: 1600 &rarr; <strong>1583</strong><br />(-17 for losing)\n|raw|Dr. Drake6782's rating: 1661 &rarr; <strong>1678</strong><br />(+17 for winning)\n|l|\u2606malk tyme\n", "uploadtime": 1695176610, "views": 2, "p1id": "malktyme", "p2id": "drdrake6782", "formatid": "gen9ou", "rating": 1583, "private": 0, "password": ""}