{"id": "gen9ou-1947658407", "p1": "autismo.jr RJ", "p2": "Katyqueen", "format": "gen9ou", "log": "|j|\u2606autismo.jr RJ\n|j|\u2606Katyqueen\n|t:|1695183090\n|gametype|singles\n|player|p1|autismo.jr RJ|beauty-gen4dp|1234\n|player|p2|Katyqueen|shauntal|1174\n|teamsize|p1|6\n|teamsize|p2|6\n|gen|9\n|tier|[Gen 9] OU\n|rated|\n|rule|Sleep Clause Mod: Limit one foe put to sleep\n|rule|Species Clause: Limit one of each Pok\u00e9mon\n|rule|OHKO Clause: OHKO moves are banned\n|rule|Evasion Items Clause: Evasion items are banned\n|rule|Evasion Moves Clause: Evasion moves are banned\n|rule|Endless Battle Clause: Forcing endless battles is banned\n|rule|HP Percentage Mod: HP is shown in percentages\n|clearpoke\n|poke|p1|Samurott-Hisui, F|\n|poke|p1|Zapdos|\n|poke|p1|Great Tusk|\n|poke|p1|Gholdengo|\n|poke|p1|Bronzong|\n|poke|p1|Heatran, F|\n|poke|p2|Ninetales-Alola, M|\n|poke|p2|Sandslash-Alola, M|\n|poke|p2|Frosmoth, M|\n|poke|p2|Landorus-Therian, M|\n|poke|p2|Manaphy|\n|poke|p2|Kingambit, M|\n|teampreview\n|\n|t:|1695183101\n|start\n|switch|p1a: Gholdengo|Gholdengo|100/100\n|switch|p2a: Ninetales|Ninetales-Alola, M|100/100\n|-weather|Snow|[from] ability: Snow Warning|[of] p2a: Ninetales\n|turn|1\n|\n|t:|1695183131\n|switch|p2a: Sandslash|Sandslash-Alola, M|100/100\n|move|p1a: Gholdengo|Focus Blast|p2a: Sandslash|[miss]\n|-miss|p1a: Gholdengo|p2a: Sandslash\n|\n|-weather|Snow|[upkeep]\n|upkeep\n|turn|2\n|\n|t:|1695183145\n|move|p2a: Sandslash|Knock Off|p1a: Gholdengo\n|-supereffective|p1a: Gholdengo\n|-damage|p1a: Gholdengo|0 fnt\n|-enditem|p1a: Gholdengo|Choice Scarf|[from] move: Knock Off|[of] p2a: Sandslash\n|faint|p1a: Gholdengo\n|\n|-weather|Snow|[upkeep]\n|upkeep\n|\n|t:|1695183160\n|switch|p1a: Bronzong|Bronzong|100/100\n|turn|3\n|\n|t:|1695183163\n|move|p2a: Sandslash|Knock Off|p1a: Bronzong\n|-supereffective|p1a: Bronzong\n|-damage|p1a: Bronzong|16/100\n|-enditem|p1a: Bronzong|Assault Vest|[from] move: Knock Off|[of] p2a: Sandslash\n|move|p1a: Bronzong|Body Press|p2a: Sandslash\n|-supereffective|p2a: Sandslash\n|-damage|p2a: Sandslash|35/100\n|\n|-weather|Snow|[upkeep]\n|upkeep\n|turn|4\n|inactive|Battle timer is ON: inactive players will automatically lose when time's up. (requested by Katyqueen)\n|\n|t:|1695183192\n|switch|p1a: Samurott|Samurott-Hisui, F|100/100\n|move|p2a: Sandslash|Knock Off|p1a: Samurott\n|-resisted|p1a: Samurott\n|-damage|p1a: Samurott|72/100\n|-enditem|p1a: Samurott|Mystic Water|[from] move: Knock Off|[of] p2a: Sandslash\n|\n|-weather|Snow|[upkeep]\n|upkeep\n|turn|5\n|\n|t:|1695183212\n|move|p2a: Sandslash|Knock Off|p1a: Samurott\n|-resisted|p1a: Samurott\n|-damage|p1a: Samurott|53/100\n|move|p1a: Samurott|Aqua Cutter|p2a: Sandslash\n|-damage|p2a: Sandslash|3/100\n|\n|-weather|none\n|upkeep\n|turn|6\n|\n|t:|1695183218\n|move|p1a: Samurott|Aqua Jet|p2a: Sandslash\n|-damage|p2a: Sandslash|0 fnt\n|faint|p2a: Sandslash\n|\n|upkeep\n|\n|t:|1695183229\n|switch|p2a: Ninetales|Ninetales-Alola, M|100/100\n|-weather|Snow|[from] ability: Snow Warning|[of] p2a: Ninetales\n|turn|7\n|\n|t:|1695183238\n|switch|p1a: Bronzong|Bronzong|16/100\n|move|p2a: Ninetales|Aurora Veil|p2a: Ninetales\n|-sidestart|p2: Katyqueen|move: Aurora Veil\n|\n|-weather|Snow|[upkeep]\n|upkeep\n|turn|8\n|\n|t:|1695183249\n|switch|p2a: Manaphy|Manaphy|100/100\n|switch|p1a: Zapdos|Zapdos|100/100\n|\n|-weather|Snow|[upkeep]\n|upkeep\n|turn|9\n|\n|t:|1695183262\n|move|p2a: Manaphy|Tail Glow|p2a: Manaphy\n|-boost|p2a: Manaphy|spa|3\n|move|p1a: Zapdos|Thunderbolt|p2a: Manaphy\n|-supereffective|p2a: Manaphy\n|-damage|p2a: Manaphy|54/100\n|\n|-weather|Snow|[upkeep]\n|upkeep\n|turn|10\n|\n|t:|1695183271\n|move|p2a: Manaphy|Surf|p1a: Zapdos\n|-damage|p1a: Zapdos|0 fnt\n|faint|p1a: Zapdos\n|\n|-weather|Snow|[upkeep]\n|upkeep\n|inactive|autismo.jr RJ has 120 seconds left.\n|\n|t:|1695183308\n|switch|p1a: Bronzong|Bronzong|16/100\n|turn|11\n|\n|t:|1695183314\n|move|p2a: Manaphy|Surf|p1a: Bronzong\n|-damage|p1a: Bronzong|0 fnt\n|faint|p1a: Bronzong\n|\n|-weather|none\n|upkeep\n|\n|t:|1695183317\n|switch|p1a: Heatran|Heatran, F|100/100\n|turn|12\n|\n|t:|1695183332\n|-terastallize|p1a: Heatran|Grass\n|move|p2a: Manaphy|Surf|p1a: Heatran\n|-resisted|p1a: Heatran\n|-damage|p1a: Heatran|52/100\n|move|p1a: Heatran|Earth Power|p2a: Manaphy\n|-damage|p2a: Manaphy|38/100\n|\n|-heal|p1a: Heatran|58/100|[from] item: Leftovers\n|upkeep\n|turn|13\n|\n|t:|1695183341\n|move|p2a: Manaphy|Psychic|p1a: Heatran\n|-damage|p1a: Heatran|0 fnt\n|faint|p1a: Heatran\n|\n|upkeep\n|\n|t:|1695183345\n|switch|p1a: Samurott|Samurott-Hisui, F|53/100\n|turn|14\n|\n|t:|1695183349\n|move|p2a: Manaphy|Surf|p1a: Samurott\n|-resisted|p1a: Samurott\n|-damage|p1a: Samurott|0 fnt\n|faint|p1a: Samurott\n|\n|-sideend|p2: Katyqueen|move: Aurora Veil\n|upkeep\n|-message|autismo.jr RJ forfeited.\n|\n|win|Katyqueen\n|raw|autismo.jr RJ's rating: 1234 &rarr; <strong>1205</strong><br />(-29 for losing)\n|raw|Katyqueen's rating: 1174 &rarr; <strong>1203</strong><br />(+29 for winning)\n|l|\u2606autismo.jr RJ\n", "uploadtime": 1695183357, "views": 4, "p1id": "autismojrrj", "p2id": "katyqueen", "formatid": "gen9ou", "rating": 1203, "private": 0, "password": ""}