{"id": "gen9ou-1947653382", "p1": "georgiethefirst", "p2": "dgoman", "format": "gen9ou", "log": "|j|\u2606georgiethefirst\n|j|\u2606dgoman\n|t:|1695182432\n|gametype|singles\n|player|p1|georgiethefirst|hiker-gen2|1634\n|player|p2|dgoman|flannery|1695\n|teamsize|p1|6\n|teamsize|p2|6\n|gen|9\n|tier|[Gen 9] OU\n|rated|\n|rule|Sleep Clause Mod: Limit one foe put to sleep\n|rule|Species Clause: Limit one of each Pok\u00e9mon\n|rule|OHKO Clause: OHKO moves are banned\n|rule|Evasion Items Clause: Evasion items are banned\n|rule|Evasion Moves Clause: Evasion moves are banned\n|rule|Endless Battle Clause: Forcing endless battles is banned\n|rule|HP Percentage Mod: HP is shown in percentages\n|clearpoke\n|poke|p1|Ogerpon-Wellspring, F|\n|poke|p1|Cresselia, F|\n|poke|p1|Great Tusk|\n|poke|p1|Gliscor, F|\n|poke|p1|Garganacl, F|\n|poke|p1|Gholdengo|\n|poke|p2|Ursaluna-Bloodmoon, M|\n|poke|p2|Moltres|\n|poke|p2|Great Tusk|\n|poke|p2|Gholdengo|\n|poke|p2|Meowscarada, M|\n|poke|p2|Samurott-Hisui, F|\n|teampreview\n|inactive|Battle timer is ON: inactive players will automatically lose when time's up. (requested by dgoman)\n|\n|t:|1695182470\n|start\n|switch|p1a: Great Tusk|Great Tusk|100/100\n|switch|p2a: Samuuth Criminal|Samurott-Hisui, F|100/100\n|-enditem|p1a: Great Tusk|Booster Energy\n|-activate|p1a: Great Tusk|ability: Protosynthesis|[fromitem]\n|-start|p1a: Great Tusk|protosynthesisspe\n|turn|1\n|\n|t:|1695182475\n|move|p1a: Great Tusk|Earthquake|p2a: Samuuth Criminal\n|-damage|p2a: Samuuth Criminal|45/100\n|move|p2a: Samuuth Criminal|Razor Shell|p1a: Great Tusk\n|-supereffective|p1a: Great Tusk\n|-damage|p1a: Great Tusk|42/100\n|-unboost|p1a: Great Tusk|def|1\n|\n|upkeep\n|turn|2\n|\n|t:|1695182481\n|move|p2a: Samuuth Criminal|Aqua Jet|p1a: Great Tusk\n|-supereffective|p1a: Great Tusk\n|-damage|p1a: Great Tusk|5/100\n|move|p1a: Great Tusk|Earthquake|p2a: Samuuth Criminal\n|-damage|p2a: Samuuth Criminal|0 fnt\n|faint|p2a: Samuuth Criminal\n|\n|upkeep\n|\n|t:|1695182487\n|switch|p2a: Burn the World|Moltres|100/100\n|turn|3\n|\n|t:|1695182490\n|move|p1a: Great Tusk|Ice Spinner|p2a: Burn the World\n|-damage|p2a: Burn the World|83/100\n|-status|p1a: Great Tusk|brn|[from] ability: Flame Body|[of] p2a: Burn the World\n|move|p2a: Burn the World|U-turn|p1a: Great Tusk\n|-resisted|p1a: Great Tusk\n|-damage|p1a: Great Tusk|0 fnt\n|faint|p1a: Great Tusk\n|-end|p1a: Great Tusk|Protosynthesis|[silent]\n|\n|t:|1695182497\n|switch|p2a: Kitty Jean|Meowscarada, M|100/100|[from] U-turn\n|\n|upkeep\n|\n|t:|1695182507\n|switch|p1a: Gholdengo|Gholdengo|100/100\n|-item|p1a: Gholdengo|Air Balloon\n|turn|4\n|\n|t:|1695182512\n|-terastallize|p1a: Gholdengo|Fairy\n|move|p2a: Kitty Jean|U-turn|p1a: Gholdengo\n|-start|p2a: Kitty Jean|typechange|Bug|[from] ability: Protean\n|-resisted|p1a: Gholdengo\n|-damage|p1a: Gholdengo|84/100\n|-enditem|p1a: Gholdengo|Air Balloon\n|\n|t:|1695182515\n|switch|p2a: Burn the World|Moltres|83/100|[from] U-turn\n|move|p1a: Gholdengo|Make It Rain|p2a: Burn the World\n|-resisted|p2a: Burn the World\n|-damage|p2a: Burn the World|58/100\n|-unboost|p1a: Gholdengo|spa|1\n|\n|upkeep\n|turn|5\n|\n|t:|1695182519\n|switch|p1a: Garganacl|Garganacl, F|100/100\n|move|p2a: Burn the World|Roost|p2a: Burn the World\n|-heal|p2a: Burn the World|100/100\n|-singleturn|p2a: Burn the World|move: Roost\n|\n|upkeep\n|turn|6\n|\n|t:|1695182522\n|move|p2a: Burn the World|U-turn|p1a: Garganacl\n|-damage|p1a: Garganacl|92/100\n|\n|t:|1695182527\n|switch|p2a: Rocks With You|Great Tusk|100/100|[from] U-turn\n|move|p1a: Garganacl|Salt Cure|p2a: Rocks With You\n|-resisted|p2a: Rocks With You\n|-damage|p2a: Rocks With You|99/100\n|-start|p2a: Rocks With You|Salt Cure\n|\n|-heal|p2a: Rocks With You|100/100|[from] item: Leftovers\n|-damage|p2a: Rocks With You|88/100|[from] Salt Cure\n|upkeep\n|turn|7\n|\n|t:|1695182533\n|switch|p1a: Cresselia|Cresselia, F, shiny|100/100\n|move|p2a: Rocks With You|Stealth Rock|p1a: Cresselia\n|-sidestart|p1: georgiethefirst|move: Stealth Rock\n|\n|-heal|p2a: Rocks With You|94/100|[from] item: Leftovers\n|-damage|p2a: Rocks With You|82/100|[from] Salt Cure\n|upkeep\n|turn|8\n|\n|t:|1695182540\n|-end|p2a: Rocks With You|Protosynthesis|[silent]\n|switch|p2a: WannaBeSweepnSmth|Ursaluna-Bloodmoon, M|100/100\n|move|p1a: Cresselia|Moonblast|p2a: WannaBeSweepnSmth\n|-damage|p2a: WannaBeSweepnSmth|83/100\n|-unboost|p2a: WannaBeSweepnSmth|spa|1\n|\n|-heal|p2a: WannaBeSweepnSmth|89/100|[from] item: Leftovers\n|upkeep\n|turn|9\n|\n|t:|1695182543\n|move|p1a: Cresselia|Calm Mind|p1a: Cresselia\n|-boost|p1a: Cresselia|spa|1\n|-boost|p1a: Cresselia|spd|1\n|move|p2a: WannaBeSweepnSmth|Calm Mind|p2a: WannaBeSweepnSmth\n|-boost|p2a: WannaBeSweepnSmth|spa|1\n|-boost|p2a: WannaBeSweepnSmth|spd|1\n|\n|-heal|p2a: WannaBeSweepnSmth|95/100|[from] item: Leftovers\n|upkeep\n|turn|10\n|\n|t:|1695182547\n|move|p1a: Cresselia|Calm Mind|p1a: Cresselia\n|-boost|p1a: Cresselia|spa|1\n|-boost|p1a: Cresselia|spd|1\n|move|p2a: WannaBeSweepnSmth|Calm Mind|p2a: WannaBeSweepnSmth\n|-boost|p2a: WannaBeSweepnSmth|spa|1\n|-boost|p2a: WannaBeSweepnSmth|spd|1\n|\n|-heal|p2a: WannaBeSweepnSmth|100/100|[from] item: Leftovers\n|upkeep\n|turn|11\n|\n|t:|1695182551\n|move|p1a: Cresselia|Calm Mind|p1a: Cresselia\n|-boost|p1a: Cresselia|spa|1\n|-boost|p1a: Cresselia|spd|1\n|move|p2a: WannaBeSweepnSmth|Calm Mind|p2a: WannaBeSweepnSmth\n|-boost|p2a: WannaBeSweepnSmth|spa|1\n|-boost|p2a: WannaBeSweepnSmth|spd|1\n|\n|upkeep\n|turn|12\n|\n|t:|1695182552\n|move|p1a: Cresselia|Calm Mind|p1a: Cresselia\n|-boost|p1a: Cresselia|spa|1\n|-boost|p1a: Cresselia|spd|1\n|move|p2a: WannaBeSweepnSmth|Calm Mind|p2a: WannaBeSweepnSmth\n|-boost|p2a: WannaBeSweepnSmth|spa|1\n|-boost|p2a: WannaBeSweepnSmth|spd|1\n|\n|upkeep\n|turn|13\n|\n|t:|1695182554\n|move|p1a: Cresselia|Calm Mind|p1a: Cresselia\n|-boost|p1a: Cresselia|spa|1\n|-boost|p1a: Cresselia|spd|1\n|move|p2a: WannaBeSweepnSmth|Calm Mind|p2a: WannaBeSweepnSmth\n|-boost|p2a: WannaBeSweepnSmth|spa|1\n|-boost|p2a: WannaBeSweepnSmth|spd|1\n|\n|upkeep\n|turn|14\n|\n|t:|1695182556\n|move|p1a: Cresselia|Calm Mind|p1a: Cresselia\n|-boost|p1a: Cresselia|spa|1\n|-boost|p1a: Cresselia|spd|1\n|move|p2a: WannaBeSweepnSmth|Calm Mind|p2a: WannaBeSweepnSmth\n|-boost|p2a: WannaBeSweepnSmth|spa|1\n|-boost|p2a: WannaBeSweepnSmth|spd|1\n|\n|upkeep\n|turn|15\n|\n|t:|1695182559\n|move|p1a: Cresselia|Stored Power|p2a: WannaBeSweepnSmth\n|-damage|p2a: WannaBeSweepnSmth|26/100\n|move|p2a: WannaBeSweepnSmth|Blood Moon|p1a: Cresselia\n|-damage|p1a: Cresselia|49/100\n|\n|-heal|p1a: Cresselia|55/100|[from] item: Leftovers\n|-heal|p2a: WannaBeSweepnSmth|32/100|[from] item: Leftovers\n|upkeep\n|turn|16\n|\n|t:|1695182564\n|move|p1a: Cresselia|Moonlight|p1a: Cresselia\n|-heal|p1a: Cresselia|100/100\n|move|p2a: WannaBeSweepnSmth|Earth Power|p1a: Cresselia\n|-immune|p1a: Cresselia|[from] ability: Levitate\n|\n|-heal|p2a: WannaBeSweepnSmth|38/100|[from] item: Leftovers\n|upkeep\n|turn|17\n|\n|t:|1695182566\n|move|p1a: Cresselia|Stored Power|p2a: WannaBeSweepnSmth\n|-damage|p2a: WannaBeSweepnSmth|0 fnt\n|faint|p2a: WannaBeSweepnSmth\n|\n|upkeep\n|\n|t:|1695182569\n|switch|p2a: Kitty Jean|Meowscarada, M|100/100\n|turn|18\n|\n|t:|1695182572\n|-terastallize|p2a: Kitty Jean|Dark\n|move|p2a: Kitty Jean|Knock Off|p1a: Cresselia\n|-supereffective|p1a: Cresselia\n|-damage|p1a: Cresselia|8/100\n|-enditem|p1a: Cresselia|Leftovers|[from] move: Knock Off|[of] p2a: Kitty Jean\n|move|p1a: Cresselia|Moonblast|p2a: Kitty Jean\n|-supereffective|p2a: Kitty Jean\n|-damage|p2a: Kitty Jean|0 fnt\n|faint|p2a: Kitty Jean\n|\n|upkeep\n|\n|t:|1695182585\n|switch|p2a: Burn the World|Moltres|100/100\n|turn|19\n|\n|t:|1695182594\n|move|p1a: Cresselia|Moonlight|p1a: Cresselia\n|-heal|p1a: Cresselia|58/100\n|move|p2a: Burn the World|U-turn|p1a: Cresselia\n|-supereffective|p1a: Cresselia\n|-damage|p1a: Cresselia|41/100\n|-message|dgoman forfeited.\n|\n|win|georgiethefirst\n|raw|georgiethefirst's rating: 1634 &rarr; <strong>1657</strong><br />(+23 for winning)\n|raw|dgoman's rating: 1695 &rarr; <strong>1672</strong><br />(-23 for losing)\n|l|\u2606dgoman\n", "uploadtime": 1695182603, "views": 3, "p1id": "georgiethefirst", "p2id": "dgoman", "formatid": "gen9ou", "rating": 1657, "private": 0, "password": ""}