{"id": "gen9ou-1947531258", "p1": "tortinhaverde", "p2": "Diduedhd", "format": "gen9ou", "log": "|j|\u2606tortinhaverde\n|j|\u2606Diduedhd\n|t:|1695169805\n|gametype|singles\n|player|p1|tortinhaverde|hoopster|1059\n|player|p2|Diduedhd|102|1141\n|teamsize|p1|6\n|teamsize|p2|6\n|gen|9\n|tier|[Gen 9] OU\n|rated|\n|rule|Sleep Clause Mod: Limit one foe put to sleep\n|rule|Species Clause: Limit one of each Pok\u00e9mon\n|rule|OHKO Clause: OHKO moves are banned\n|rule|Evasion Items Clause: Evasion items are banned\n|rule|Evasion Moves Clause: Evasion moves are banned\n|rule|Endless Battle Clause: Forcing endless battles is banned\n|rule|HP Percentage Mod: HP is shown in percentages\n|clearpoke\n|poke|p1|Dragapult, F|\n|poke|p1|Infernape, M|\n|poke|p1|Tyranitar, F|\n|poke|p1|Quaquaval, M|\n|poke|p1|Amoonguss, M|\n|poke|p1|Iron Treads|\n|poke|p2|Volbeat, M|\n|poke|p2|Weezing, M|\n|poke|p2|Heatran, M|\n|poke|p2|Ogerpon-Hearthflame, F|\n|poke|p2|Dipplin, F|\n|poke|p2|Great Tusk|\n|teampreview\n|\n|t:|1695169826\n|start\n|switch|p1a: Infernape|Infernape, M|100/100\n|switch|p2a: Ogerpon|Ogerpon-Hearthflame, F|100/100\n|-ability|p2a: Ogerpon|Mold Breaker\n|turn|1\n|\n|t:|1695169848\n|move|p2a: Ogerpon|Swords Dance|p2a: Ogerpon\n|-boost|p2a: Ogerpon|atk|2\n|move|p1a: Infernape|Swords Dance|p1a: Infernape\n|-boost|p1a: Infernape|atk|2\n|\n|upkeep\n|turn|2\n|\n|t:|1695169856\n|-terastallize|p2a: Ogerpon|Fire\n|detailschange|p2a: Ogerpon|Ogerpon-Hearthflame-Tera, F, tera:Fire\n|-ability|p2a: Ogerpon|Embody Aspect (Hearthflame)|boost\n|-boost|p2a: Ogerpon|atk|1\n|move|p2a: Ogerpon|Trailblaze|p1a: Infernape\n|-resisted|p1a: Infernape\n|-damage|p1a: Infernape|42/100\n|-boost|p2a: Ogerpon|spe|1\n|move|p1a: Infernape|Thunder Punch|p2a: Ogerpon\n|-damage|p2a: Ogerpon|33/100\n|\n|upkeep\n|turn|3\n|\n|t:|1695169872\n|move|p2a: Ogerpon|Trailblaze|p1a: Infernape\n|-resisted|p1a: Infernape\n|-crit|p1a: Infernape\n|-damage|p1a: Infernape|0 fnt\n|-boost|p2a: Ogerpon|spe|1\n|faint|p1a: Infernape\n|\n|upkeep\n|\n|t:|1695169879\n|switch|p1a: Quaquaval|Quaquaval, M|100/100\n|turn|4\n|\n|t:|1695169883\n|move|p2a: Ogerpon|Trailblaze|p1a: Quaquaval\n|-supereffective|p1a: Quaquaval\n|-damage|p1a: Quaquaval|0 fnt\n|-boost|p2a: Ogerpon|spe|1\n|faint|p1a: Quaquaval\n|\n|upkeep\n|\n|t:|1695169894\n|switch|p1a: Tyranitar|Tyranitar, F|100/100\n|-weather|Sandstorm|[from] ability: Sand Stream|[of] p1a: Tyranitar\n|turn|5\n|\n|t:|1695169899\n|move|p2a: Ogerpon|Trailblaze|p1a: Tyranitar\n|-supereffective|p1a: Tyranitar\n|-damage|p1a: Tyranitar|0 fnt\n|-boost|p2a: Ogerpon|spe|1\n|faint|p1a: Tyranitar\n|\n|-weather|Sandstorm|[upkeep]\n|-damage|p2a: Ogerpon|27/100|[from] Sandstorm\n|upkeep\n|\n|t:|1695169910\n|switch|p1a: Iron Treads|Iron Treads|100/100\n|turn|6\n|\n|t:|1695169915\n|move|p2a: Ogerpon|Ivy Cudgel|p1a: Iron Treads\n|-supereffective|p1a: Iron Treads\n|-damage|p1a: Iron Treads|0 fnt\n|faint|p1a: Iron Treads\n|-end|p1a: Iron Treads|Quark Drive|[silent]\n|\n|-weather|Sandstorm|[upkeep]\n|-damage|p2a: Ogerpon|21/100|[from] Sandstorm\n|upkeep\n|\n|t:|1695169923\n|switch|p1a: Amoonguss|Amoonguss, M|100/100\n|turn|7\n|\n|t:|1695169926\n|move|p2a: Ogerpon|Ivy Cudgel|p1a: Amoonguss\n|-supereffective|p1a: Amoonguss\n|-damage|p1a: Amoonguss|0 fnt\n|faint|p1a: Amoonguss\n|\n|-weather|Sandstorm|[upkeep]\n|-damage|p2a: Ogerpon|15/100|[from] Sandstorm\n|upkeep\n|\n|t:|1695169934\n|switch|p1a: Dragapult|Dragapult, F|100/100\n|turn|8\n|\n|t:|1695169941\n|move|p2a: Ogerpon|Ivy Cudgel|p1a: Dragapult\n|-resisted|p1a: Dragapult\n|-crit|p1a: Dragapult\n|-damage|p1a: Dragapult|0 fnt\n|faint|p1a: Dragapult\n|\n|win|Diduedhd\n|raw|tortinhaverde's rating: 1059 &rarr; <strong>1045</strong><br />(-14 for losing)\n|raw|Diduedhd's rating: 1141 &rarr; <strong>1160</strong><br />(+19 for winning)\n|l|\u2606tortinhaverde\n", "uploadtime": 1695169949, "views": 2, "p1id": "tortinhaverde", "p2id": "diduedhd", "formatid": "gen9ou", "rating": 1045, "private": 0, "password": ""}