{"id": "gen9ou-1947679209", "p1": "Dirk the Jerk", "p2": "adderallniter", "format": "gen9ou", "log": "|j|\u2606Dirk the Jerk\n|j|\u2606adderallniter\n|t:|1695185947\n|gametype|singles\n|player|p1|Dirk the Jerk|flannery|1236\n|player|p2|adderallniter|clown|1180\n|teamsize|p1|6\n|teamsize|p2|6\n|gen|9\n|tier|[Gen 9] OU\n|rated|\n|rule|Sleep Clause Mod: Limit one foe put to sleep\n|rule|Species Clause: Limit one of each Pok\u00e9mon\n|rule|OHKO Clause: OHKO moves are banned\n|rule|Evasion Items Clause: Evasion items are banned\n|rule|Evasion Moves Clause: Evasion moves are banned\n|rule|Endless Battle Clause: Forcing endless battles is banned\n|rule|HP Percentage Mod: HP is shown in percentages\n|clearpoke\n|poke|p1|Infernape, M|\n|poke|p1|Clodsire, F|\n|poke|p1|Great Tusk|\n|poke|p1|Zapdos|\n|poke|p1|Ursaluna-Bloodmoon, M|\n|poke|p1|Iron Valiant|\n|poke|p2|Iron Valiant|\n|poke|p2|Great Tusk|\n|poke|p2|Kingambit, M|\n|poke|p2|Volcanion|\n|poke|p2|Iron Moth|\n|poke|p2|Gliscor, F|\n|teampreview\n|\n|t:|1695185975\n|start\n|switch|p1a: Bear with me|Ursaluna-Bloodmoon, M|100/100\n|switch|p2a: Gliscor|Gliscor, F|100/100\n|turn|1\n|\n|t:|1695185998\n|move|p2a: Gliscor|Dual Wingbeat|p1a: Bear with me\n|-damage|p1a: Bear with me|89/100\n|-damage|p1a: Bear with me|77/100\n|-hitcount|p1a: Bear with me|2\n|move|p1a: Bear with me|Calm Mind|p1a: Bear with me\n|-boost|p1a: Bear with me|spa|1\n|-boost|p1a: Bear with me|spd|1\n|\n|-heal|p1a: Bear with me|84/100|[from] item: Leftovers\n|-status|p2a: Gliscor|tox|[from] item: Toxic Orb\n|upkeep\n|turn|2\n|\n|t:|1695186017\n|move|p2a: Gliscor|Earthquake|p1a: Bear with me\n|-damage|p1a: Bear with me|58/100\n|move|p1a: Bear with me|Blood Moon|p2a: Gliscor\n|-damage|p2a: Gliscor|0 fnt\n|faint|p2a: Gliscor\n|\n|-heal|p1a: Bear with me|64/100|[from] item: Leftovers\n|upkeep\n|\n|t:|1695186032\n|switch|p2a: Volcanion|Volcanion|100/100\n|turn|3\n|\n|t:|1695186051\n|move|p2a: Volcanion|Steam Eruption|p1a: Bear with me\n|-supereffective|p1a: Bear with me\n|-damage|p1a: Bear with me|0 fnt\n|faint|p1a: Bear with me\n|\n|upkeep\n|\n|t:|1695186057\n|switch|p1a: Horny|Great Tusk|100/100\n|turn|4\n|\n|t:|1695186065\n|-terastallize|p1a: Horny|Water\n|move|p1a: Horny|Earthquake|p2a: Volcanion\n|-supereffective|p2a: Volcanion\n|-damage|p2a: Volcanion|16/100\n|move|p2a: Volcanion|Steam Eruption|p1a: Horny\n|-resisted|p1a: Horny\n|-damage|p1a: Horny|50/100\n|\n|-heal|p1a: Horny|57/100|[from] item: Leftovers\n|upkeep\n|turn|5\n|\n|t:|1695186082\n|switch|p2a: Iron Valiant|Iron Valiant|100/100\n|-enditem|p2a: Iron Valiant|Booster Energy\n|-activate|p2a: Iron Valiant|ability: Quark Drive|[fromitem]\n|-start|p2a: Iron Valiant|quarkdrivespe\n|move|p1a: Horny|Rapid Spin|p2a: Iron Valiant\n|-damage|p2a: Iron Valiant|76/100\n|-boost|p1a: Horny|spe|1\n|\n|-heal|p1a: Horny|63/100|[from] item: Leftovers\n|upkeep\n|turn|6\n|\n|t:|1695186100\n|move|p2a: Iron Valiant|Thunderbolt|p1a: Horny\n|-supereffective|p1a: Horny\n|-damage|p1a: Horny|0 fnt\n|faint|p1a: Horny\n|-end|p1a: Horny|Protosynthesis|[silent]\n|\n|upkeep\n|\n|t:|1695186107\n|switch|p1a: Cale|Zapdos|100/100\n|turn|7\n|\n|t:|1695186125\n|move|p2a: Iron Valiant|Moonblast|p1a: Cale\n|-damage|p1a: Cale|52/100\n|move|p1a: Cale|Hurricane|p2a: Iron Valiant\n|-supereffective|p2a: Iron Valiant\n|-damage|p2a: Iron Valiant|0 fnt\n|faint|p2a: Iron Valiant\n|-end|p2a: Iron Valiant|Quark Drive|[silent]\n|\n|upkeep\n|\n|t:|1695186144\n|switch|p2a: Great Tusk|Great Tusk|100/100\n|turn|8\n|\n|t:|1695186154\n|move|p2a: Great Tusk|Knock Off|p1a: Cale\n|-damage|p1a: Cale|32/100\n|-status|p2a: Great Tusk|par|[from] ability: Static|[of] p1a: Cale\n|-enditem|p1a: Cale|Heavy-Duty Boots|[from] move: Knock Off|[of] p2a: Great Tusk\n|move|p1a: Cale|Roost|p1a: Cale\n|-heal|p1a: Cale|82/100\n|-singleturn|p1a: Cale|move: Roost\n|\n|upkeep\n|turn|9\n|\n|t:|1695186167\n|move|p1a: Cale|Hurricane|p2a: Great Tusk\n|-supereffective|p2a: Great Tusk\n|-damage|p2a: Great Tusk|16/100 par\n|move|p2a: Great Tusk|Close Combat|p1a: Cale\n|-resisted|p1a: Cale\n|-damage|p1a: Cale|65/100\n|-unboost|p2a: Great Tusk|def|1\n|-unboost|p2a: Great Tusk|spd|1\n|\n|upkeep\n|turn|10\n|\n|t:|1695186179\n|-end|p2a: Great Tusk|Protosynthesis|[silent]\n|switch|p2a: Volcanion|Volcanion|16/100\n|move|p1a: Cale|Roost|p1a: Cale\n|-heal|p1a: Cale|100/100\n|-singleturn|p1a: Cale|move: Roost\n|\n|upkeep\n|turn|11\n|\n|t:|1695186189\n|move|p1a: Cale|Volt Switch|p2a: Volcanion\n|-supereffective|p2a: Volcanion\n|-damage|p2a: Volcanion|0 fnt\n|faint|p2a: Volcanion\n|\n|t:|1695186206\n|switch|p1a: Goku|Infernape, M|100/100|[from] Volt Switch\n|\n|upkeep\n|\n|t:|1695186210\n|switch|p2a: Iron Moth|Iron Moth|100/100\n|-enditem|p2a: Iron Moth|Booster Energy\n|-activate|p2a: Iron Moth|ability: Quark Drive|[fromitem]\n|-start|p2a: Iron Moth|quarkdrivespe\n|turn|12\n|\n|t:|1695186217\n|move|p2a: Iron Moth|Psychic|p1a: Goku\n|-supereffective|p1a: Goku\n|-damage|p1a: Goku|7/100\n|move|p1a: Goku|Stone Edge|p2a: Iron Moth\n|-supereffective|p2a: Iron Moth\n|-damage|p2a: Iron Moth|19/100\n|\n|upkeep\n|turn|13\n|\n|t:|1695186233\n|move|p2a: Iron Moth|Psychic|p1a: Goku\n|-supereffective|p1a: Goku\n|-damage|p1a: Goku|0 fnt\n|faint|p1a: Goku\n|\n|upkeep\n|\n|t:|1695186240\n|switch|p1a: Cale|Zapdos|100/100\n|turn|14\n|\n|t:|1695186255\n|move|p2a: Iron Moth|Fiery Dance|p1a: Cale\n|-damage|p1a: Cale|60/100\n|move|p1a: Cale|Volt Switch|p2a: Iron Moth\n|-damage|p2a: Iron Moth|0 fnt\n|faint|p2a: Iron Moth\n|-end|p2a: Iron Moth|Quark Drive|[silent]\n|\n|t:|1695186264\n|switch|p1a: Floater|Clodsire, F|100/100|[from] Volt Switch\n|\n|upkeep\n|\n|t:|1695186269\n|switch|p2a: Great Tusk|Great Tusk|16/100 par\n|turn|15\n|\n|t:|1695186273\n|move|p2a: Great Tusk|Earthquake|p1a: Floater\n|-supereffective|p1a: Floater\n|-damage|p1a: Floater|0 fnt\n|faint|p1a: Floater\n|\n|upkeep\n|\n|t:|1695186279\n|switch|p1a: Cale|Zapdos|60/100\n|turn|16\n|\n|t:|1695186285\n|move|p1a: Cale|Heat Wave|p2a: Great Tusk\n|-damage|p2a: Great Tusk|0 fnt\n|faint|p2a: Great Tusk\n|-end|p2a: Great Tusk|Protosynthesis|[silent]\n|\n|upkeep\n|\n|t:|1695186290\n|switch|p2a: Kingambit|Kingambit, M|100/100\n|-activate|p2a: Kingambit|ability: Supreme Overlord\n|-start|p2a: Kingambit|fallen5|[silent]\n|turn|17\n|\n|t:|1695186303\n|move|p1a: Cale|Heat Wave|p2a: Kingambit\n|-supereffective|p2a: Kingambit\n|-damage|p2a: Kingambit|44/100\n|move|p2a: Kingambit|Kowtow Cleave|p1a: Cale\n|-damage|p1a: Cale|10/100\n|-status|p2a: Kingambit|par|[from] ability: Static|[of] p1a: Cale\n|\n|-heal|p2a: Kingambit|51/100 par|[from] item: Leftovers\n|upkeep\n|turn|18\n|\n|t:|1695186314\n|move|p2a: Kingambit|Sucker Punch|p1a: Cale\n|-damage|p1a: Cale|0 fnt\n|faint|p1a: Cale\n|\n|-heal|p2a: Kingambit|57/100 par|[from] item: Leftovers\n|upkeep\n|\n|t:|1695186321\n|switch|p1a: Erobot 69000|Iron Valiant, shiny|100/100\n|-enditem|p1a: Erobot 69000|Booster Energy\n|-activate|p1a: Erobot 69000|ability: Quark Drive|[fromitem]\n|-start|p1a: Erobot 69000|quarkdrivespa\n|turn|19\n|\n|t:|1695186331\n|move|p1a: Erobot 69000|Vacuum Wave|p2a: Kingambit\n|-supereffective|p2a: Kingambit\n|-damage|p2a: Kingambit|0 fnt\n|faint|p2a: Kingambit\n|-end|p2a: Kingambit|fallen5|[silent]\n|\n|win|Dirk the Jerk\n|raw|Dirk the Jerk's rating: 1236 &rarr; <strong>1257</strong><br />(+21 for winning)\n|raw|adderallniter's rating: 1180 &rarr; <strong>1159</strong><br />(-21 for losing)\n|l|\u2606adderallniter\n|l|\u2606Dirk the Jerk\n|j|\u2606Dirk the Jerk\n|player|p1|Dirk the Jerk|flannery\n", "uploadtime": 1695186634, "views": 8, "p1id": "dirkthejerk", "p2id": "adderallniter", "formatid": "gen9ou", "rating": 1159, "private": 0, "password": ""}