{"id": "gen9ou-1947597922", "p1": "nimjaishot", "p2": "gible79878", "format": "gen9ou", "log": "|j|\u2606nimjaishot\n|j|\u2606gible79878\n|t:|1695176346\n|gametype|singles\n|player|p1|nimjaishot|winona-gen6|1207\n|player|p2|gible79878|unknown|1108\n|teamsize|p1|6\n|teamsize|p2|6\n|gen|9\n|tier|[Gen 9] OU\n|rated|\n|rule|Sleep Clause Mod: Limit one foe put to sleep\n|rule|Species Clause: Limit one of each Pok\u00e9mon\n|rule|OHKO Clause: OHKO moves are banned\n|rule|Evasion Items Clause: Evasion items are banned\n|rule|Evasion Moves Clause: Evasion moves are banned\n|rule|Endless Battle Clause: Forcing endless battles is banned\n|rule|HP Percentage Mod: HP is shown in percentages\n|clearpoke\n|poke|p1|Sinistcha|\n|poke|p1|Rotom-Wash|\n|poke|p1|Samurott-Hisui, M|\n|poke|p1|Politoed, F|\n|poke|p1|Iron Treads|\n|poke|p1|Iron Valiant|\n|poke|p2|Iron Valiant|\n|poke|p2|Kingambit, M|\n|poke|p2|Walking Wake|\n|poke|p2|Pelipper, M|\n|poke|p2|Manaphy|\n|poke|p2|Ursaluna-Bloodmoon, M|\n|teampreview\n|\n|t:|1695176356\n|start\n|switch|p1a: Samurott|Samurott-Hisui, M|100/100\n|switch|p2a: JUST RAINNNN|Pelipper, M|100/100\n|-weather|RainDance|[from] ability: Drizzle|[of] p2a: JUST RAINNNN\n|turn|1\n|\n|t:|1695176366\n|move|p1a: Samurott|Ceaseless Edge|p2a: JUST RAINNNN|[miss]\n|-miss|p1a: Samurott|p2a: JUST RAINNNN\n|move|p2a: JUST RAINNNN|Hurricane|p1a: Samurott\n|-damage|p1a: Samurott|51/100\n|\n|-weather|RainDance|[upkeep]\n|upkeep\n|turn|2\n|\n|t:|1695176378\n|move|p1a: Samurott|Ceaseless Edge|p2a: JUST RAINNNN|[miss]\n|-miss|p1a: Samurott|p2a: JUST RAINNNN\n|move|p2a: JUST RAINNNN|U-turn|p1a: Samurott\n|-supereffective|p1a: Samurott\n|-damage|p1a: Samurott|24/100\n|\n|t:|1695176388\n|switch|p2a: cute KILLER|Manaphy|100/100|[from] U-turn\n|\n|-weather|RainDance|[upkeep]\n|upkeep\n|turn|3\n|c|\u2606nimjaishot|wow\n|c|\u2606gible79878|im confused\n|c|\u2606nimjaishot|about?\n|c|\u2606gible79878|HOW\n|c|\u2606nimjaishot|unlucky\n|c|\u2606gible79878|did did you miss 2 times\n|\n|t:|1695176424\n|move|p1a: Samurott|Ceaseless Edge|p2a: cute KILLER\n|-damage|p2a: cute KILLER|65/100\n|-sidestart|p2: gible79878|Spikes\n|move|p2a: cute KILLER|Tail Glow|p2a: cute KILLER\n|-boost|p2a: cute KILLER|spa|3\n|\n|-weather|RainDance|[upkeep]\n|-heal|p2a: cute KILLER|71/100|[from] item: Leftovers\n|upkeep\n|turn|4\n|c|\u2606nimjaishot|not 3 tho!!\n|c|\u2606gible79878|im sorry\n|\n|t:|1695176434\n|move|p1a: Samurott|Ceaseless Edge|p2a: cute KILLER|[miss]\n|-miss|p1a: Samurott|p2a: cute KILLER\n|move|p2a: cute KILLER|Tail Glow|p2a: cute KILLER\n|-boost|p2a: cute KILLER|spa|3\n|\n|-weather|RainDance|[upkeep]\n|-heal|p2a: cute KILLER|78/100|[from] item: Leftovers\n|upkeep\n|turn|5\n|c|\u2606nimjaishot|...\n|\n|t:|1695176457\n|move|p1a: Samurott|Ceaseless Edge|p2a: cute KILLER\n|-damage|p2a: cute KILLER|43/100\n|-sidestart|p2: gible79878|Spikes\n|move|p2a: cute KILLER|Surf|p1a: Samurott\n|-resisted|p1a: Samurott\n|-damage|p1a: Samurott|0 fnt\n|faint|p1a: Samurott\n|\n|-weather|RainDance|[upkeep]\n|-heal|p2a: cute KILLER|49/100|[from] item: Leftovers\n|upkeep\n|c|\u2606gible79878|whats the accuracy\n|c|\u2606nimjaishot|90\n|\n|t:|1695176472\n|switch|p1a: Rotom|Rotom-Wash|100/100\n|turn|6\n|c|\u2606gible79878|dayuum\n|\n|t:|1695176476\n|move|p1a: Rotom|Volt Switch|p2a: cute KILLER\n|-supereffective|p2a: cute KILLER\n|-damage|p2a: cute KILLER|0 fnt\n|faint|p2a: cute KILLER\n|\n|t:|1695176481\n|switch|p1a: Iron Treads|Iron Treads|100/100|[from] Volt Switch\n|\n|-weather|RainDance|[upkeep]\n|upkeep\n|\n|t:|1695176486\n|switch|p2a: DINOSAUR ONGABONGA|Walking Wake|100/100\n|-damage|p2a: DINOSAUR ONGABONGA|84/100|[from] Spikes\n|-enditem|p2a: DINOSAUR ONGABONGA|Booster Energy\n|-activate|p2a: DINOSAUR ONGABONGA|ability: Protosynthesis|[fromitem]\n|-start|p2a: DINOSAUR ONGABONGA|protosynthesisspa\n|turn|7\n|\n|t:|1695176494\n|move|p2a: DINOSAUR ONGABONGA|Hydro Steam|p1a: Iron Treads\n|-supereffective|p1a: Iron Treads\n|-damage|p1a: Iron Treads|0 fnt\n|faint|p1a: Iron Treads\n|-end|p1a: Iron Treads|Quark Drive|[silent]\n|\n|-weather|RainDance|[upkeep]\n|upkeep\n|\n|t:|1695176497\n|switch|p1a: Sinistcha|Sinistcha|100/100\n|turn|8\n|\n|t:|1695176504\n|move|p2a: DINOSAUR ONGABONGA|Hydro Steam|p1a: Sinistcha\n|-resisted|p1a: Sinistcha\n|-damage|p1a: Sinistcha|52/100\n|move|p1a: Sinistcha|Matcha Gotcha|p2a: DINOSAUR ONGABONGA|[miss]\n|-miss|p1a: Sinistcha|p2a: DINOSAUR ONGABONGA\n|\n|-weather|none\n|-heal|p1a: Sinistcha|58/100|[from] item: Leftovers\n|upkeep\n|turn|9\n|c|\u2606gible79878|...\n|c|\u2606nimjaishot|90% btw\n|\n|t:|1695176520\n|-end|p2a: DINOSAUR ONGABONGA|Protosynthesis|[silent]\n|switch|p2a: JUST RAINNNN|Pelipper, M|100/100\n|-weather|RainDance|[from] ability: Drizzle|[of] p2a: JUST RAINNNN\n|move|p1a: Sinistcha|Matcha Gotcha|p2a: JUST RAINNNN\n|-damage|p2a: JUST RAINNNN|51/100\n|-heal|p1a: Sinistcha|81/100|[from] drain|[of] p2a: JUST RAINNNN\n|-status|p2a: JUST RAINNNN|brn\n|\n|-weather|RainDance|[upkeep]\n|-heal|p1a: Sinistcha|87/100|[from] item: Leftovers\n|-damage|p2a: JUST RAINNNN|45/100 brn|[from] brn\n|upkeep\n|turn|10\n|c|\u2606gible79878|there we go\n|\n|t:|1695176539\n|switch|p1a: Rotom|Rotom-Wash|100/100\n|move|p2a: JUST RAINNNN|Roost|p2a: JUST RAINNNN\n|-heal|p2a: JUST RAINNNN|95/100 brn\n|-singleturn|p2a: JUST RAINNNN|move: Roost\n|\n|-weather|RainDance|[upkeep]\n|-damage|p2a: JUST RAINNNN|89/100 brn|[from] brn\n|upkeep\n|turn|11\n|\n|t:|1695176554\n|switch|p2a: DINOSAUR ONGABONGA|Walking Wake|84/100\n|-damage|p2a: DINOSAUR ONGABONGA|67/100|[from] Spikes\n|move|p1a: Rotom|Hydro Pump|p2a: DINOSAUR ONGABONGA\n|-resisted|p2a: DINOSAUR ONGABONGA\n|-damage|p2a: DINOSAUR ONGABONGA|47/100\n|\n|-weather|RainDance|[upkeep]\n|upkeep\n|turn|12\n|\n|t:|1695176565\n|switch|p1a: Iron Valiant|Iron Valiant|100/100\n|-enditem|p1a: Iron Valiant|Booster Energy\n|-activate|p1a: Iron Valiant|ability: Quark Drive|[fromitem]\n|-start|p1a: Iron Valiant|quarkdrivespe\n|move|p2a: DINOSAUR ONGABONGA|Dragon Pulse|p1a: Iron Valiant\n|-immune|p1a: Iron Valiant\n|\n|-weather|RainDance|[upkeep]\n|upkeep\n|turn|13\n|\n|t:|1695176583\n|-terastallize|p2a: DINOSAUR ONGABONGA|Water\n|move|p1a: Iron Valiant|Moonblast|p2a: DINOSAUR ONGABONGA\n|-damage|p2a: DINOSAUR ONGABONGA|0 fnt\n|faint|p2a: DINOSAUR ONGABONGA\n|-end|p2a: DINOSAUR ONGABONGA|Protosynthesis|[silent]\n|\n|-weather|RainDance|[upkeep]\n|upkeep\n|c|\u2606gible79878|offf\n|l|\u2606gible79878\n|player|p2|\n|j|\u2606gible79878\n|player|p2|gible79878|unknown\n|inactive|Battle timer is ON: inactive players will automatically lose when time's up. (requested by nimjaishot)\n|\n|t:|1695176625\n|switch|p2a: ROBOT BEEPBOOPBAAP|Iron Valiant, shiny|100/100\n|-damage|p2a: ROBOT BEEPBOOPBAAP|84/100|[from] Spikes\n|-enditem|p2a: ROBOT BEEPBOOPBAAP|Booster Energy\n|-activate|p2a: ROBOT BEEPBOOPBAAP|ability: Quark Drive|[fromitem]\n|-start|p2a: ROBOT BEEPBOOPBAAP|quarkdrivespe\n|turn|14\n|\n|t:|1695176633\n|move|p2a: ROBOT BEEPBOOPBAAP|Moonblast|p1a: Iron Valiant\n|-supereffective|p1a: Iron Valiant\n|-damage|p1a: Iron Valiant|0 fnt\n|faint|p1a: Iron Valiant\n|-end|p1a: Iron Valiant|Quark Drive|[silent]\n|\n|-weather|RainDance|[upkeep]\n|upkeep\n|c|\u2606nimjaishot|ofc the speed tie i lose\n|\n|t:|1695176645\n|switch|p1a: Rotom|Rotom-Wash|100/100\n|turn|15\n|\n|t:|1695176652\n|move|p2a: ROBOT BEEPBOOPBAAP|Focus Blast|p1a: Rotom|[miss]\n|-miss|p2a: ROBOT BEEPBOOPBAAP|p1a: Rotom\n|move|p1a: Rotom|Thunder Wave|p2a: ROBOT BEEPBOOPBAAP\n|-status|p2a: ROBOT BEEPBOOPBAAP|par\n|\n|-weather|RainDance|[upkeep]\n|upkeep\n|turn|16\n|\n|t:|1695176659\n|switch|p1a: Politoed|Politoed, F|100/100\n|move|p2a: ROBOT BEEPBOOPBAAP|Focus Blast|p1a: Politoed|[miss]\n|-miss|p2a: ROBOT BEEPBOOPBAAP|p1a: Politoed\n|\n|-weather|none\n|upkeep\n|turn|17\n|c|\u2606gible79878|hahahahahahahahahahhaah\n|\n|t:|1695176674\n|cant|p2a: ROBOT BEEPBOOPBAAP|par\n|move|p1a: Politoed|Hydro Pump|p2a: ROBOT BEEPBOOPBAAP\n|-damage|p2a: ROBOT BEEPBOOPBAAP|21/100 par\n|\n|upkeep\n|turn|18\n|\n|t:|1695176683\n|move|p2a: ROBOT BEEPBOOPBAAP|Moonblast|p1a: Politoed\n|-damage|p1a: Politoed|71/100\n|-unboost|p1a: Politoed|spa|1\n|move|p1a: Politoed|Earth Power|p2a: ROBOT BEEPBOOPBAAP\n|-damage|p2a: ROBOT BEEPBOOPBAAP|0 fnt\n|faint|p2a: ROBOT BEEPBOOPBAAP\n|-end|p2a: ROBOT BEEPBOOPBAAP|Quark Drive|[silent]\n|\n|-heal|p1a: Politoed|77/100|[from] item: Leftovers\n|upkeep\n|\n|t:|1695176698\n|switch|p2a: JUST RAINNNN|Pelipper, M|89/100 brn\n|-weather|RainDance|[from] ability: Drizzle|[of] p2a: JUST RAINNNN\n|turn|19\n|\n|t:|1695176707\n|switch|p1a: Rotom|Rotom-Wash|100/100\n|move|p2a: JUST RAINNNN|Hurricane|p1a: Rotom\n|-resisted|p1a: Rotom\n|-damage|p1a: Rotom|76/100\n|\n|-weather|RainDance|[upkeep]\n|-damage|p2a: JUST RAINNNN|83/100 brn|[from] brn\n|upkeep\n|turn|20\n|\n|t:|1695176720\n|move|p1a: Rotom|Volt Switch|p2a: JUST RAINNNN\n|-supereffective|p2a: JUST RAINNNN\n|-damage|p2a: JUST RAINNNN|0 fnt\n|faint|p2a: JUST RAINNNN\n|\n|t:|1695176724\n|switch|p1a: Sinistcha|Sinistcha|87/100|[from] Volt Switch\n|\n|-weather|RainDance|[upkeep]\n|-heal|p1a: Sinistcha|93/100|[from] item: Leftovers\n|upkeep\n|\n|t:|1695176730\n|switch|p2a: Chess champion|Kingambit, M|100/100\n|-damage|p2a: Chess champion|84/100|[from] Spikes\n|-activate|p2a: Chess champion|ability: Supreme Overlord\n|-start|p2a: Chess champion|fallen4|[silent]\n|turn|21\n|\n|t:|1695176739\n|move|p1a: Sinistcha|Substitute|p1a: Sinistcha\n|-start|p1a: Sinistcha|Substitute\n|-damage|p1a: Sinistcha|68/100\n|move|p2a: Chess champion|Swords Dance|p2a: Chess champion\n|-boost|p2a: Chess champion|atk|2\n|\n|-weather|RainDance|[upkeep]\n|-heal|p1a: Sinistcha|74/100|[from] item: Leftovers\n|upkeep\n|turn|22\n|\n|t:|1695176748\n|-terastallize|p1a: Sinistcha|Water\n|move|p1a: Sinistcha|Scald|p2a: Chess champion\n|-damage|p2a: Chess champion|33/100\n|move|p2a: Chess champion|Kowtow Cleave|p1a: Sinistcha\n|-end|p1a: Sinistcha|Substitute\n|\n|-weather|RainDance|[upkeep]\n|-heal|p1a: Sinistcha|81/100|[from] item: Leftovers\n|upkeep\n|turn|23\n|\n|t:|1695176758\n|switch|p1a: Politoed|Politoed, F|77/100\n|move|p2a: Chess champion|Sucker Punch||[still]\n|-fail|p2a: Chess champion\n|\n|-weather|RainDance|[upkeep]\n|-heal|p1a: Politoed|83/100|[from] item: Leftovers\n|upkeep\n|turn|24\n|\n|t:|1695176765\n|move|p2a: Chess champion|Sucker Punch||[still]\n|-fail|p2a: Chess champion\n|move|p1a: Politoed|Haze|p1a: Politoed\n|-clearallboost\n|\n|-weather|RainDance|[upkeep]\n|-heal|p1a: Politoed|89/100|[from] item: Leftovers\n|upkeep\n|turn|25\n|\n|t:|1695176774\n|move|p2a: Chess champion|Sucker Punch|p1a: Politoed\n|-damage|p1a: Politoed|14/100\n|move|p1a: Politoed|Earth Power|p2a: Chess champion\n|-supereffective|p2a: Chess champion\n|-damage|p2a: Chess champion|0 fnt\n|faint|p2a: Chess champion\n|-end|p2a: Chess champion|fallen4|[silent]\n|\n|-weather|RainDance|[upkeep]\n|-heal|p1a: Politoed|20/100|[from] item: Leftovers\n|upkeep\n|\n|t:|1695176784\n|switch|p2a: im tired|Ursaluna-Bloodmoon, M|100/100\n|-damage|p2a: im tired|84/100|[from] Spikes\n|turn|26\n|\n|t:|1695176798\n|move|p2a: im tired|Vacuum Wave|p1a: Politoed\n|-damage|p1a: Politoed|9/100\n|move|p1a: Politoed|Hydro Pump|p2a: im tired\n|-supereffective|p2a: im tired\n|-damage|p2a: im tired|0 fnt\n|faint|p2a: im tired\n|\n|win|nimjaishot\n|raw|nimjaishot's rating: 1207 &rarr; <strong>1225</strong><br />(+18 for winning)\n|raw|gible79878's rating: 1108 &rarr; <strong>1090</strong><br />(-18 for losing)\n|c|\u2606nimjaishot|gg\n|c|\u2606gible79878|gg\n", "uploadtime": 1695176807, "views": 3, "p1id": "nimjaishot", "p2id": "gible79878", "formatid": "gen9ou", "rating": 1090, "private": 0, "password": ""}