{"id": "gen9ou-1947687998", "p1": "4war4e", "p2": "TheGr8est2EverDoIt", "format": "gen9ou", "log": "|j|\u26064war4e\n|j|\u2606TheGr8est2EverDoIt\n|t:|1695187225\n|gametype|singles\n|player|p1|4war4e|1|1633\n|player|p2|TheGr8est2EverDoIt|lucas|1630\n|teamsize|p1|6\n|teamsize|p2|6\n|gen|9\n|tier|[Gen 9] OU\n|rated|\n|rule|Sleep Clause Mod: Limit one foe put to sleep\n|rule|Species Clause: Limit one of each Pok\u00e9mon\n|rule|OHKO Clause: OHKO moves are banned\n|rule|Evasion Items Clause: Evasion items are banned\n|rule|Evasion Moves Clause: Evasion moves are banned\n|rule|Endless Battle Clause: Forcing endless battles is banned\n|rule|HP Percentage Mod: HP is shown in percentages\n|clearpoke\n|poke|p1|Mew|\n|poke|p1|Ursaluna-Bloodmoon, M|\n|poke|p1|Ogerpon-Hearthflame, F|\n|poke|p1|Walking Wake|\n|poke|p1|Ninetales, F|\n|poke|p1|Great Tusk|\n|poke|p2|Falinks|\n|poke|p2|Tyranitar, M|\n|poke|p2|Houndstone, M|\n|poke|p2|Clodsire, M|\n|poke|p2|Corviknight, F|\n|poke|p2|Cinderace, M|\n|teampreview\n|\n|t:|1695187237\n|start\n|switch|p1a: Mew|Mew|100/100\n|switch|p2a: Tyranitar|Tyranitar, M|100/100\n|-weather|Sandstorm|[from] ability: Sand Stream|[of] p2a: Tyranitar\n|turn|1\n|\n|t:|1695187242\n|switch|p2a: Clodsire|Clodsire, M|100/100\n|move|p1a: Mew|Fire Spin|p2a: Clodsire\n|-damage|p2a: Clodsire|96/100\n|-activate|p2a: Clodsire|move: Fire Spin|[of] p1a: Mew\n|\n|-weather|Sandstorm|[upkeep]\n|-damage|p1a: Mew|94/100|[from] Sandstorm\n|-heal|p1a: Mew|100/100|[from] item: Leftovers\n|-heal|p2a: Clodsire|100/100|[from] item: Leftovers\n|-damage|p2a: Clodsire|88/100|[from] move: Fire Spin|[partiallytrapped]\n|upkeep\n|turn|2\n|\n|t:|1695187247\n|move|p1a: Mew|Taunt|p2a: Clodsire\n|-start|p2a: Clodsire|move: Taunt\n|cant|p2a: Clodsire|move: Taunt|Toxic\n|\n|-weather|Sandstorm|[upkeep]\n|-damage|p1a: Mew|94/100|[from] Sandstorm\n|-heal|p1a: Mew|100/100|[from] item: Leftovers\n|-heal|p2a: Clodsire|94/100|[from] item: Leftovers\n|-damage|p2a: Clodsire|82/100|[from] move: Fire Spin|[partiallytrapped]\n|upkeep\n|turn|3\n|\n|t:|1695187249\n|move|p1a: Mew|Imprison|p1a: Mew\n|-start|p1a: Mew|move: Imprison\n|move|p2a: Clodsire|Earthquake|p1a: Mew\n|-damage|p1a: Mew|83/100\n|\n|-weather|Sandstorm|[upkeep]\n|-damage|p1a: Mew|77/100|[from] Sandstorm\n|-heal|p1a: Mew|83/100|[from] item: Leftovers\n|-heal|p2a: Clodsire|88/100|[from] item: Leftovers\n|-damage|p2a: Clodsire|76/100|[from] move: Fire Spin|[partiallytrapped]\n|upkeep\n|turn|4\n|\n|t:|1695187251\n|move|p1a: Mew|Transform|p2a: Clodsire\n|-transform|p1a: Mew|p2a: Clodsire\n|cant|p2a: Clodsire|move: Imprison|Earthquake\n|\n|-weather|Sandstorm|[upkeep]\n|-heal|p1a: Mew|89/100|[from] item: Leftovers\n|-heal|p2a: Clodsire|82/100|[from] item: Leftovers\n|-damage|p2a: Clodsire|69/100|[from] move: Fire Spin|[partiallytrapped]\n|-end|p2a: Clodsire|move: Taunt\n|upkeep\n|turn|5\n|\n|t:|1695187252\n|-activate|p2a: Clodsire|move: Struggle\n|move|p2a: Clodsire|Struggle|p1a: Mew\n|-damage|p1a: Mew|77/100\n|-damage|p2a: Clodsire|44/100|[from] recoil\n|move|p1a: Mew|Stealth Rock|p2a: Clodsire\n|-sidestart|p2: TheGr8est2EverDoIt|move: Stealth Rock\n|\n|-weather|Sandstorm|[upkeep]\n|-heal|p2a: Clodsire|50/100|[from] item: Leftovers\n|-heal|p1a: Mew|83/100|[from] item: Leftovers\n|-damage|p2a: Clodsire|38/100|[from] move: Fire Spin|[partiallytrapped]\n|upkeep\n|turn|6\n|\n|t:|1695187258\n|-activate|p2a: Clodsire|move: Struggle\n|move|p2a: Clodsire|Struggle|p1a: Mew\n|-damage|p1a: Mew|71/100\n|-damage|p2a: Clodsire|13/100|[from] recoil\n|move|p1a: Mew|Earthquake|p2a: Clodsire\n|-supereffective|p2a: Clodsire\n|-damage|p2a: Clodsire|0 fnt\n|faint|p2a: Clodsire\n|\n|-weather|Sandstorm|[upkeep]\n|-heal|p1a: Mew|77/100|[from] item: Leftovers\n|upkeep\n|\n|t:|1695187262\n|switch|p2a: Houndstone|Houndstone, M|100/100\n|-damage|p2a: Houndstone|88/100|[from] Stealth Rock\n|turn|7\n|\n|t:|1695187268\n|switch|p1a: Ursaluna|Ursaluna-Bloodmoon, M|100/100\n|move|p2a: Houndstone|Poltergeist|p1a: Ursaluna\n|-immune|p1a: Ursaluna\n|\n|-weather|Sandstorm|[upkeep]\n|upkeep\n|turn|8\n|\n|t:|1695187273\n|switch|p2a: Corviknight|Corviknight, F|100/100\n|-damage|p2a: Corviknight|88/100|[from] Stealth Rock\n|-ability|p2a: Corviknight|Pressure\n|switch|p1a: Ninetales|Ninetales, F|100/100\n|-weather|SunnyDay|[from] ability: Drought|[of] p1a: Ninetales\n|\n|-weather|SunnyDay|[upkeep]\n|-heal|p2a: Corviknight|94/100|[from] item: Leftovers\n|upkeep\n|turn|9\n|\n|t:|1695187276\n|switch|p2a: Tyranitar|Tyranitar, M|100/100\n|-damage|p2a: Tyranitar|88/100|[from] Stealth Rock\n|-weather|Sandstorm|[from] ability: Sand Stream|[of] p2a: Tyranitar\n|move|p1a: Ninetales|Will-O-Wisp|p2a: Tyranitar\n|-status|p2a: Tyranitar|brn\n|\n|-weather|Sandstorm|[upkeep]\n|-damage|p1a: Ninetales|95/100|[from] Sandstorm\n|-damage|p2a: Tyranitar|82/100 brn|[from] brn\n|upkeep\n|turn|10\n|\n|t:|1695187279\n|switch|p1a: Great Tusk|Great Tusk|100/100\n|move|p2a: Tyranitar|Ice Beam|p1a: Great Tusk\n|-supereffective|p1a: Great Tusk\n|-damage|p1a: Great Tusk|46/100\n|\n|-weather|Sandstorm|[upkeep]\n|-damage|p2a: Tyranitar|76/100 brn|[from] brn\n|upkeep\n|turn|11\n|\n|t:|1695187282\n|switch|p2a: Cinderace|Cinderace, M|100/100\n|move|p1a: Great Tusk|Body Press|p2a: Cinderace\n|-damage|p2a: Cinderace|33/100\n|\n|-weather|Sandstorm|[upkeep]\n|-damage|p2a: Cinderace|27/100|[from] Sandstorm\n|upkeep\n|turn|12\n|\n|t:|1695187285\n|move|p2a: Cinderace|Court Change|p2a: Cinderace\n|-swapsideconditions\n|-activate|p2a: Cinderace|move: Court Change\n|move|p1a: Great Tusk|Rapid Spin|p2a: Cinderace\n|-damage|p2a: Cinderace|5/100\n|-boost|p1a: Great Tusk|spe|1\n|-sideend|p1: 4war4e|Stealth Rock|[from] move: Rapid Spin|[of] p1a: Great Tusk\n|\n|-weather|Sandstorm|[upkeep]\n|-damage|p2a: Cinderace|0 fnt|[from] Sandstorm\n|faint|p2a: Cinderace\n|upkeep\n|\n|t:|1695187288\n|switch|p2a: Corviknight|Corviknight, F|94/100\n|-ability|p2a: Corviknight|Pressure\n|turn|13\n|\n|t:|1695187290\n|-end|p1a: Great Tusk|Protosynthesis|[silent]\n|switch|p1a: Ninetales|Ninetales, F|95/100\n|-weather|SunnyDay|[from] ability: Drought|[of] p1a: Ninetales\n|move|p2a: Corviknight|Bulk Up|p2a: Corviknight\n|-boost|p2a: Corviknight|atk|1\n|-boost|p2a: Corviknight|def|1\n|\n|-weather|SunnyDay|[upkeep]\n|-heal|p2a: Corviknight|100/100|[from] item: Leftovers\n|upkeep\n|turn|14\n|\n|t:|1695187292\n|switch|p2a: Tyranitar|Tyranitar, M|76/100 brn\n|-weather|Sandstorm|[from] ability: Sand Stream|[of] p2a: Tyranitar\n|move|p1a: Ninetales|Encore||[still]\n|-fail|p1a: Ninetales\n|\n|-weather|Sandstorm|[upkeep]\n|-damage|p1a: Ninetales|89/100|[from] Sandstorm\n|-damage|p2a: Tyranitar|70/100 brn|[from] brn\n|upkeep\n|turn|15\n|\n|t:|1695187299\n|switch|p1a: Mew|Mew|77/100\n|switch|p2a: Falinks|Falinks|100/100\n|\n|-weather|Sandstorm|[upkeep]\n|-damage|p2a: Falinks|95/100|[from] Sandstorm\n|-damage|p1a: Mew|71/100|[from] Sandstorm\n|-heal|p1a: Mew|77/100|[from] item: Leftovers\n|upkeep\n|turn|16\n|\n|t:|1695187302\n|move|p2a: Falinks|No Retreat|p2a: Falinks\n|-boost|p2a: Falinks|atk|1\n|-boost|p2a: Falinks|def|1\n|-boost|p2a: Falinks|spa|1\n|-boost|p2a: Falinks|spd|1\n|-boost|p2a: Falinks|spe|1\n|-start|p2a: Falinks|move: No Retreat\n|move|p1a: Mew|Taunt|p2a: Falinks\n|-start|p2a: Falinks|move: Taunt\n|\n|-weather|Sandstorm|[upkeep]\n|-damage|p2a: Falinks|89/100|[from] Sandstorm\n|-damage|p1a: Mew|71/100|[from] Sandstorm\n|-heal|p1a: Mew|77/100|[from] item: Leftovers\n|upkeep\n|turn|17\n|\n|t:|1695187310\n|move|p2a: Falinks|Rock Slide|p1a: Mew\n|-damage|p1a: Mew|56/100\n|cant|p1a: Mew|flinch\n|\n|-weather|Sandstorm|[upkeep]\n|-damage|p2a: Falinks|83/100|[from] Sandstorm\n|-damage|p1a: Mew|50/100|[from] Sandstorm\n|-heal|p1a: Mew|56/100|[from] item: Leftovers\n|upkeep\n|turn|18\n|\n|t:|1695187314\n|-terastallize|p2a: Falinks|Rock\n|move|p2a: Falinks|Rock Slide|p1a: Mew\n|-damage|p1a: Mew|28/100\n|cant|p1a: Mew|flinch\n|\n|-weather|Sandstorm|[upkeep]\n|-damage|p1a: Mew|22/100|[from] Sandstorm\n|-heal|p1a: Mew|28/100|[from] item: Leftovers\n|upkeep\n|turn|19\n|\n|t:|1695187320\n|switch|p1a: Great Tusk|Great Tusk|46/100\n|move|p2a: Falinks|Rock Slide|p1a: Great Tusk\n|-resisted|p1a: Great Tusk\n|-damage|p1a: Great Tusk|40/100\n|\n|-weather|Sandstorm|[upkeep]\n|-end|p2a: Falinks|move: Taunt\n|upkeep\n|turn|20\n|\n|t:|1695187322\n|move|p2a: Falinks|Close Combat|p1a: Great Tusk\n|-damage|p1a: Great Tusk|4/100\n|-unboost|p2a: Falinks|def|1\n|-unboost|p2a: Falinks|spd|1\n|move|p1a: Great Tusk|Body Press|p2a: Falinks\n|-supereffective|p2a: Falinks\n|-damage|p2a: Falinks|0 fnt\n|faint|p2a: Falinks\n|\n|-weather|Sandstorm|[upkeep]\n|upkeep\n|\n|t:|1695187326\n|switch|p2a: Houndstone|Houndstone, M|88/100\n|turn|21\n|\n|t:|1695187331\n|-end|p1a: Great Tusk|Protosynthesis|[silent]\n|switch|p1a: Ursaluna|Ursaluna-Bloodmoon, M|100/100\n|move|p2a: Houndstone|Body Press|p1a: Ursaluna\n|-supereffective|p1a: Ursaluna\n|-damage|p1a: Ursaluna|63/100\n|\n|-weather|none\n|upkeep\n|turn|22\n|\n|t:|1695187333\n|switch|p2a: Tyranitar|Tyranitar, M|70/100 brn\n|-weather|Sandstorm|[from] ability: Sand Stream|[of] p2a: Tyranitar\n|move|p1a: Ursaluna|Calm Mind|p1a: Ursaluna\n|-boost|p1a: Ursaluna|spa|1\n|-boost|p1a: Ursaluna|spd|1\n|\n|-weather|Sandstorm|[upkeep]\n|-damage|p2a: Tyranitar|63/100 brn|[from] brn\n|upkeep\n|turn|23\n|\n|t:|1695187337\n|move|p2a: Tyranitar|Low Kick|p1a: Ursaluna\n|-supereffective|p1a: Ursaluna\n|-damage|p1a: Ursaluna|38/100\n|move|p1a: Ursaluna|Earth Power|p2a: Tyranitar\n|-supereffective|p2a: Tyranitar\n|-damage|p2a: Tyranitar|0 fnt\n|faint|p2a: Tyranitar\n|\n|-weather|Sandstorm|[upkeep]\n|upkeep\n|\n|t:|1695187338\n|switch|p2a: Corviknight|Corviknight, F|100/100\n|-ability|p2a: Corviknight|Pressure\n|turn|24\n|\n|t:|1695187341\n|move|p2a: Corviknight|Bulk Up|p2a: Corviknight\n|-boost|p2a: Corviknight|atk|1\n|-boost|p2a: Corviknight|def|1\n|move|p1a: Ursaluna|Calm Mind|p1a: Ursaluna\n|-boost|p1a: Ursaluna|spa|1\n|-boost|p1a: Ursaluna|spd|1\n|\n|-weather|Sandstorm|[upkeep]\n|upkeep\n|turn|25\n|\n|t:|1695187343\n|move|p2a: Corviknight|Bulk Up|p2a: Corviknight\n|-boost|p2a: Corviknight|atk|1\n|-boost|p2a: Corviknight|def|1\n|move|p1a: Ursaluna|Blood Moon|p2a: Corviknight\n|-resisted|p2a: Corviknight\n|-damage|p2a: Corviknight|40/100\n|\n|-weather|Sandstorm|[upkeep]\n|-heal|p2a: Corviknight|46/100|[from] item: Leftovers\n|upkeep\n|turn|26\n|\n|t:|1695187351\n|move|p2a: Corviknight|Power Trip|p1a: Ursaluna\n|-damage|p1a: Ursaluna|8/100\n|-enditem|p1a: Ursaluna|Aguav Berry|[eat]\n|-heal|p1a: Ursaluna|42/100|[from] item: Aguav Berry\n|move|p1a: Ursaluna|Earth Power|p2a: Corviknight\n|-immune|p2a: Corviknight\n|\n|-weather|Sandstorm|[upkeep]\n|-heal|p2a: Corviknight|52/100|[from] item: Leftovers\n|upkeep\n|turn|27\n|\n|t:|1695187359\n|move|p2a: Corviknight|Roost|p2a: Corviknight\n|-heal|p2a: Corviknight|100/100\n|-singleturn|p2a: Corviknight|move: Roost\n|move|p1a: Ursaluna|Blood Moon|p2a: Corviknight\n|-resisted|p2a: Corviknight\n|-damage|p2a: Corviknight|44/100\n|\n|-weather|Sandstorm|[upkeep]\n|-heal|p2a: Corviknight|50/100|[from] item: Leftovers\n|upkeep\n|turn|28\n|\n|t:|1695187363\n|move|p2a: Corviknight|Roost|p2a: Corviknight\n|-heal|p2a: Corviknight|100/100\n|-singleturn|p2a: Corviknight|move: Roost\n|move|p1a: Ursaluna|Calm Mind|p1a: Ursaluna\n|-boost|p1a: Ursaluna|spa|1\n|-boost|p1a: Ursaluna|spd|1\n|\n|-weather|Sandstorm|[upkeep]\n|upkeep\n|turn|29\n|\n|t:|1695187367\n|move|p2a: Corviknight|Bulk Up|p2a: Corviknight\n|-boost|p2a: Corviknight|atk|1\n|-boost|p2a: Corviknight|def|1\n|move|p1a: Ursaluna|Blood Moon|p2a: Corviknight\n|-resisted|p2a: Corviknight\n|-damage|p2a: Corviknight|33/100\n|\n|-weather|none\n|-heal|p2a: Corviknight|39/100|[from] item: Leftovers\n|upkeep\n|turn|30\n|\n|t:|1695187371\n|move|p2a: Corviknight|Power Trip|p1a: Ursaluna\n|-damage|p1a: Ursaluna|0 fnt\n|faint|p1a: Ursaluna\n|\n|-heal|p2a: Corviknight|45/100|[from] item: Leftovers\n|upkeep\n|\n|t:|1695187375\n|switch|p1a: Ninetales|Ninetales, F|89/100\n|-weather|SunnyDay|[from] ability: Drought|[of] p1a: Ninetales\n|turn|31\n|\n|t:|1695187377\n|move|p1a: Ninetales|Flamethrower|p2a: Corviknight\n|-supereffective|p2a: Corviknight\n|-damage|p2a: Corviknight|0 fnt\n|faint|p2a: Corviknight\n|\n|-weather|SunnyDay|[upkeep]\n|upkeep\n|c|\u2606TheGr8est2EverDoIt|gg\n|-message|TheGr8est2EverDoIt forfeited.\n|\n|win|4war4e\n|raw|4war4e's rating: 1633 &rarr; <strong>1653</strong><br />(+20 for winning)\n|raw|TheGr8est2EverDoIt's rating: 1630 &rarr; <strong>1610</strong><br />(-20 for losing)\n|l|\u2606TheGr8est2EverDoIt\n", "uploadtime": 1695187385, "views": 7, "p1id": "4war4e", "p2id": "thegr8est2everdoit", "formatid": "gen9ou", "rating": 1610, "private": 0, "password": ""}