{"id": "gen9ou-1947635806", "p1": "JeanC17", "p2": "TheHolyNut", "format": "gen9ou", "log": "|j|\u2606JeanC17\n|j|\u2606TheHolyNut\n|t:|1695180356\n|gametype|singles\n|player|p1|JeanC17|1|1253\n|player|p2|TheHolyNut|102|1227\n|teamsize|p1|6\n|teamsize|p2|6\n|gen|9\n|tier|[Gen 9] OU\n|rated|\n|rule|Sleep Clause Mod: Limit one foe put to sleep\n|rule|Species Clause: Limit one of each Pok\u00e9mon\n|rule|OHKO Clause: OHKO moves are banned\n|rule|Evasion Items Clause: Evasion items are banned\n|rule|Evasion Moves Clause: Evasion moves are banned\n|rule|Endless Battle Clause: Forcing endless battles is banned\n|rule|HP Percentage Mod: HP is shown in percentages\n|clearpoke\n|poke|p1|Azumarill, F|\n|poke|p1|Staraptor, M|\n|poke|p1|Toedscruel, M|\n|poke|p1|Skeledirge, F|\n|poke|p1|Ninetales-Alola, M|\n|poke|p1|Iron Valiant|\n|poke|p2|Infernape, F|\n|poke|p2|Corviknight, F|\n|poke|p2|Kingambit, M|\n|poke|p2|Garganacl, F|\n|poke|p2|Dragonite, M|\n|poke|p2|Ninetales-Alola, M|\n|teampreview\n|inactive|Battle timer is ON: inactive players will automatically lose when time's up. (requested by TheHolyNut)\n|\n|t:|1695180374\n|start\n|switch|p1a: Staraptor|Staraptor, M|100/100\n|switch|p2a: Garganacl|Garganacl, F|100/100\n|-ability|p1a: Staraptor|Intimidate|boost\n|-unboost|p2a: Garganacl|atk|1\n|turn|1\n|\n|t:|1695180380\n|move|p1a: Staraptor|Final Gambit|p2a: Garganacl\n|-damage|p2a: Garganacl|8/100\n|faint|p1a: Staraptor\n|move|p2a: Garganacl|Stealth Rock|p1: Staraptor\n|-sidestart|p1: JeanC17|move: Stealth Rock\n|\n|-heal|p2a: Garganacl|14/100|[from] item: Leftovers\n|upkeep\n|\n|t:|1695180383\n|switch|p1a: Toedscruel|Toedscruel, M|100/100\n|-damage|p1a: Toedscruel|94/100|[from] Stealth Rock\n|turn|2\n|\n|t:|1695180390\n|move|p1a: Toedscruel|Knock Off|p2a: Garganacl\n|-damage|p2a: Garganacl|5/100\n|-enditem|p2a: Garganacl|Leftovers|[from] move: Knock Off|[of] p1a: Toedscruel\n|move|p2a: Garganacl|Recover|p2a: Garganacl\n|-heal|p2a: Garganacl|55/100\n|\n|-heal|p1a: Toedscruel|100/100|[from] item: Leftovers\n|upkeep\n|turn|3\n|\n|t:|1695180399\n|switch|p2a: Ninetales|Ninetales-Alola, M|100/100\n|-weather|Snow|[from] ability: Snow Warning|[of] p2a: Ninetales\n|move|p1a: Toedscruel|Spore|p2a: Ninetales\n|-status|p2a: Ninetales|slp|[from] move: Spore\n|\n|-weather|Snow|[upkeep]\n|upkeep\n|turn|4\n|\n|t:|1695180407\n|cant|p2a: Ninetales|slp\n|move|p1a: Toedscruel|Rapid Spin|p2a: Ninetales\n|-damage|p2a: Ninetales|94/100 slp\n|-boost|p1a: Toedscruel|spe|1\n|-sideend|p1: JeanC17|Stealth Rock|[from] move: Rapid Spin|[of] p1a: Toedscruel\n|\n|-weather|Snow|[upkeep]\n|upkeep\n|turn|5\n|\n|t:|1695180417\n|move|p1a: Toedscruel|Knock Off|p2a: Ninetales\n|-resisted|p2a: Ninetales\n|-damage|p2a: Ninetales|86/100 slp\n|-enditem|p2a: Ninetales|Light Clay|[from] move: Knock Off|[of] p1a: Toedscruel\n|-curestatus|p2a: Ninetales|slp|[msg]\n|move|p2a: Ninetales|Aurora Veil|p2a: Ninetales\n|-sidestart|p2: TheHolyNut|move: Aurora Veil\n|\n|-weather|Snow|[upkeep]\n|upkeep\n|turn|6\n|\n|t:|1695180433\n|switch|p1a: Ninetales|Ninetales-Alola, M|100/100\n|move|p2a: Ninetales|Freeze-Dry|p1a: Ninetales\n|-resisted|p1a: Ninetales\n|-damage|p1a: Ninetales|91/100\n|\n|-weather|Snow|[upkeep]\n|upkeep\n|turn|7\n|\n|t:|1695180442\n|switch|p2a: Infernape|Infernape, F|100/100\n|move|p1a: Ninetales|Aurora Veil|p1a: Ninetales\n|-sidestart|p1: JeanC17|move: Aurora Veil\n|\n|-weather|none\n|upkeep\n|turn|8\n|\n|t:|1695180454\n|switch|p1a: Skeledirge|Skeledirge, F|100/100\n|move|p2a: Infernape|Fire Blast|p1a: Skeledirge\n|-resisted|p1a: Skeledirge\n|-damage|p1a: Skeledirge|88/100\n|\n|-heal|p1a: Skeledirge|94/100|[from] item: Leftovers\n|upkeep\n|turn|9\n|\n|t:|1695180465\n|switch|p2a: Garganacl|Garganacl, F|55/100\n|move|p1a: Skeledirge|Torch Song|p2a: Garganacl\n|-resisted|p2a: Garganacl\n|-damage|p2a: Garganacl|49/100\n|-boost|p1a: Skeledirge|spa|1\n|\n|-heal|p1a: Skeledirge|99/100|[from] item: Leftovers\n|-sideend|p2: TheHolyNut|move: Aurora Veil\n|upkeep\n|turn|10\n|\n|t:|1695180469\n|move|p1a: Skeledirge|Earth Power|p2a: Garganacl\n|-supereffective|p2a: Garganacl\n|-damage|p2a: Garganacl|0 fnt\n|faint|p2a: Garganacl\n|\n|-heal|p1a: Skeledirge|100/100|[from] item: Leftovers\n|upkeep\n|\n|t:|1695180478\n|switch|p2a: Dragonite|Dragonite, M|100/100\n|turn|11\n|\n|t:|1695180481\n|move|p2a: Dragonite|Encore|p1a: Skeledirge\n|-start|p1a: Skeledirge|Encore\n|move|p1a: Skeledirge|Earth Power|p2a: Dragonite\n|-immune|p2a: Dragonite\n|\n|upkeep\n|turn|12\n|\n|t:|1695180496\n|switch|p1a: Toedscruel|Toedscruel, M|100/100\n|move|p2a: Dragonite|Dragon Dance|p2a: Dragonite\n|-boost|p2a: Dragonite|atk|1\n|-boost|p2a: Dragonite|spe|1\n|\n|upkeep\n|turn|13\n|\n|t:|1695180511\n|move|p2a: Dragonite|Dragon Dance|p2a: Dragonite\n|-boost|p2a: Dragonite|atk|1\n|-boost|p2a: Dragonite|spe|1\n|move|p1a: Toedscruel|Spore|p2a: Dragonite\n|-status|p2a: Dragonite|slp|[from] move: Spore\n|\n|upkeep\n|turn|14\n|\n|t:|1695180521\n|cant|p2a: Dragonite|slp\n|move|p1a: Toedscruel|Knock Off|p2a: Dragonite\n|-damage|p2a: Dragonite|91/100 slp\n|-enditem|p2a: Dragonite|Heavy-Duty Boots|[from] move: Knock Off|[of] p1a: Toedscruel\n|\n|-sideend|p1: JeanC17|move: Aurora Veil\n|upkeep\n|turn|15\n|\n|t:|1695180528\n|switch|p1a: Ninetales|Ninetales-Alola, M|91/100\n|-weather|Snow|[from] ability: Snow Warning|[of] p1a: Ninetales\n|cant|p2a: Dragonite|slp\n|\n|-weather|Snow|[upkeep]\n|upkeep\n|turn|16\n|\n|t:|1695180538\n|-curestatus|p2a: Dragonite|slp|[msg]\n|move|p2a: Dragonite|Earthquake|p1a: Ninetales\n|-damage|p1a: Ninetales|44/100\n|move|p1a: Ninetales|Blizzard|p2a: Dragonite\n|-supereffective|p2a: Dragonite\n|-damage|p2a: Dragonite|0 fnt\n|faint|p2a: Dragonite\n|\n|-weather|Snow|[upkeep]\n|upkeep\n|\n|t:|1695180548\n|switch|p2a: Infernape|Infernape, F|100/100\n|turn|17\n|\n|t:|1695180551\n|switch|p1a: Skeledirge|Skeledirge, F|100/100\n|move|p2a: Infernape|Switcheroo|p1a: Skeledirge\n|-activate|p2a: Infernape|move: Trick|[of] p1a: Skeledirge\n|-item|p1a: Skeledirge|Choice Specs|[from] move: Switcheroo\n|-item|p2a: Infernape|Leftovers|[from] move: Switcheroo\n|\n|-weather|Snow|[upkeep]\n|upkeep\n|turn|18\n|\n|t:|1695180567\n|switch|p2a: Corviknight|Corviknight, F|100/100\n|-ability|p2a: Corviknight|Pressure\n|move|p1a: Skeledirge|Torch Song|p2a: Corviknight\n|-supereffective|p2a: Corviknight\n|-damage|p2a: Corviknight|11/100\n|-boost|p1a: Skeledirge|spa|1\n|\n|-weather|Snow|[upkeep]\n|-heal|p2a: Corviknight|18/100|[from] item: Leftovers\n|upkeep\n|turn|19\n|\n|t:|1695180581\n|move|p2a: Corviknight|Roost|p2a: Corviknight\n|-heal|p2a: Corviknight|68/100\n|-singleturn|p2a: Corviknight|move: Roost\n|move|p1a: Skeledirge|Torch Song|p2a: Corviknight\n|-supereffective|p2a: Corviknight\n|-damage|p2a: Corviknight|0 fnt\n|-boost|p1a: Skeledirge|spa|1\n|faint|p2a: Corviknight\n|\n|-weather|none\n|upkeep\n|\n|t:|1695180583\n|switch|p2a: Kingambit|Kingambit, M|100/100\n|-activate|p2a: Kingambit|ability: Supreme Overlord\n|-start|p2a: Kingambit|fallen3|[silent]\n|turn|20\n|\n|t:|1695180588\n|-terastallize|p1a: Skeledirge|Dragon\n|move|p2a: Kingambit|Kowtow Cleave|p1a: Skeledirge\n|-damage|p1a: Skeledirge|38/100\n|move|p1a: Skeledirge|Torch Song|p2a: Kingambit\n|-supereffective|p2a: Kingambit\n|-crit|p2a: Kingambit\n|-damage|p2a: Kingambit|0 fnt\n|-boost|p1a: Skeledirge|spa|1\n|faint|p2a: Kingambit\n|-end|p2a: Kingambit|fallen3|[silent]\n|\n|upkeep\n|\n|t:|1695180592\n|switch|p2a: Infernape|Infernape, F|100/100\n|turn|21\n|\n|t:|1695180595\n|move|p2a: Infernape|Focus Blast|p1a: Skeledirge\n|-damage|p1a: Skeledirge|1/100\n|move|p1a: Skeledirge|Torch Song|p2a: Infernape\n|-resisted|p2a: Infernape\n|-damage|p2a: Infernape|9/100\n|-boost|p1a: Skeledirge|spa|1\n|\n|-heal|p2a: Infernape|15/100|[from] item: Leftovers\n|upkeep\n|turn|22\n|\n|t:|1695180606\n|move|p2a: Infernape|Fire Blast|p1a: Skeledirge\n|-resisted|p1a: Skeledirge\n|-damage|p1a: Skeledirge|0 fnt\n|faint|p1a: Skeledirge\n|\n|-heal|p2a: Infernape|21/100|[from] item: Leftovers\n|upkeep\n|\n|t:|1695180612\n|switch|p1a: Azumarill|Azumarill, F|100/100\n|turn|23\n|\n|t:|1695180616\n|switch|p2a: Ninetales|Ninetales-Alola, M|86/100\n|-weather|Snow|[from] ability: Snow Warning|[of] p2a: Ninetales\n|move|p1a: Azumarill|Aqua Jet|p2a: Ninetales\n|-damage|p2a: Ninetales|65/100\n|\n|-weather|Snow|[upkeep]\n|upkeep\n|turn|24\n|\n|t:|1695180624\n|switch|p1a: Ninetales|Ninetales-Alola, M|44/100\n|move|p2a: Ninetales|Aurora Veil|p2a: Ninetales\n|-sidestart|p2: TheHolyNut|move: Aurora Veil\n|\n|-weather|Snow|[upkeep]\n|upkeep\n|turn|25\n|\n|t:|1695180632\n|move|p2a: Ninetales|Moonblast|p1a: Ninetales\n|-damage|p1a: Ninetales|16/100\n|-unboost|p1a: Ninetales|spa|1\n|move|p1a: Ninetales|Aurora Veil|p1a: Ninetales\n|-sidestart|p1: JeanC17|move: Aurora Veil\n|\n|-weather|Snow|[upkeep]\n|upkeep\n|turn|26\n|\n|t:|1695180643\n|move|p1a: Ninetales|Ice Shard|p2a: Ninetales\n|-resisted|p2a: Ninetales\n|-damage|p2a: Ninetales|63/100\n|move|p2a: Ninetales|Encore|p1a: Ninetales\n|-start|p1a: Ninetales|Encore\n|\n|-weather|Snow|[upkeep]\n|upkeep\n|turn|27\n|\n|t:|1695180648\n|switch|p2a: Infernape|Infernape, F|21/100\n|switch|p1a: Azumarill|Azumarill, F|100/100\n|\n|-weather|none\n|-heal|p2a: Infernape|27/100|[from] item: Leftovers\n|upkeep\n|turn|28\n|\n|t:|1695180652\n|switch|p2a: Ninetales|Ninetales-Alola, M|63/100\n|-weather|Snow|[from] ability: Snow Warning|[of] p2a: Ninetales\n|move|p1a: Azumarill|Belly Drum|p1a: Azumarill\n|-damage|p1a: Azumarill|50/100\n|-setboost|p1a: Azumarill|atk|6|[from] move: Belly Drum\n|-enditem|p1a: Azumarill|Sitrus Berry|[eat]\n|-heal|p1a: Azumarill|75/100|[from] item: Sitrus Berry\n|\n|-weather|Snow|[upkeep]\n|-sideend|p2: TheHolyNut|move: Aurora Veil\n|upkeep\n|turn|29\n|\n|t:|1695180657\n|move|p1a: Azumarill|Aqua Jet|p2a: Ninetales\n|-damage|p2a: Ninetales|0 fnt\n|faint|p2a: Ninetales\n|\n|-weather|Snow|[upkeep]\n|upkeep\n|-message|TheHolyNut forfeited.\n|\n|win|JeanC17\n|raw|JeanC17's rating: 1253 &rarr; <strong>1276</strong><br />(+23 for winning)\n|raw|TheHolyNut's rating: 1227 &rarr; <strong>1204</strong><br />(-23 for losing)\n|l|\u2606TheHolyNut\n", "uploadtime": 1695180664, "views": 5, "p1id": "jeanc17", "p2id": "theholynut", "formatid": "gen9ou", "rating": 1204, "private": 0, "password": ""}