{"id": "gen9ou-1947701432", "p1": "TheBallsmaSpace", "p2": "SILLYLITTLEJESTER", "format": "gen9ou", "log": "|j|\u2606TheBallsmaSpace\n|j|\u2606SILLYLITTLEJESTER\n|t:|1695189329\n|gametype|singles\n|player|p1|TheBallsmaSpace|170|1368\n|player|p2|SILLYLITTLEJESTER|caitlin|1419\n|teamsize|p1|6\n|teamsize|p2|6\n|gen|9\n|tier|[Gen 9] OU\n|rated|\n|rule|Sleep Clause Mod: Limit one foe put to sleep\n|rule|Species Clause: Limit one of each Pok\u00e9mon\n|rule|OHKO Clause: OHKO moves are banned\n|rule|Evasion Items Clause: Evasion items are banned\n|rule|Evasion Moves Clause: Evasion moves are banned\n|rule|Endless Battle Clause: Forcing endless battles is banned\n|rule|HP Percentage Mod: HP is shown in percentages\n|clearpoke\n|poke|p1|Dudunsparce-*, M|\n|poke|p1|Manaphy|\n|poke|p1|Rillaboom, M|\n|poke|p1|Ogerpon-Hearthflame, F|\n|poke|p1|Ursaluna-Bloodmoon, M|\n|poke|p1|Clefable, F|\n|poke|p2|Garchomp, M|\n|poke|p2|Ogerpon-Hearthflame, F|\n|poke|p2|Ursaluna-Bloodmoon, M|\n|poke|p2|Zamazenta-*|\n|poke|p2|Iron Valiant|\n|poke|p2|Great Tusk|\n|teampreview\n|inactive|Battle timer is ON: inactive players will automatically lose when time's up. (requested by SILLYLITTLEJESTER)\n|inactive|TheBallsmaSpace has 120 seconds left.\n|\n|t:|1695189365\n|start\n|switch|p1a: Manaphy|Manaphy|100/100\n|switch|p2a: Garchomp|Garchomp, M|100/100\n|turn|1\n|\n|t:|1695189375\n|move|p1a: Manaphy|Scald|p2a: Garchomp\n|-damage|p2a: Garchomp|69/100\n|move|p2a: Garchomp|Dragon Tail|p1a: Manaphy\n|-damage|p1a: Manaphy|72/100\n|drag|p1a: Rillaboom|Rillaboom, M|100/100\n|-fieldstart|move: Grassy Terrain|[from] ability: Grassy Surge|[of] p1a: Rillaboom\n|\n|-heal|p2a: Garchomp|75/100|[from] Grassy Terrain\n|upkeep\n|turn|2\n|\n|t:|1695189384\n|move|p2a: Garchomp|Stealth Rock|p1a: Rillaboom\n|-sidestart|p1: TheBallsmaSpace|move: Stealth Rock\n|move|p1a: Rillaboom|Wood Hammer|p2a: Garchomp\n|-damage|p2a: Garchomp|0 fnt\n|-damage|p1a: Rillaboom|88/100|[from] ability: Rough Skin|[of] p2a: Garchomp\n|-damage|p1a: Rillaboom|72/100|[from] item: Rocky Helmet|[of] p2a: Garchomp\n|faint|p2a: Garchomp\n|-damage|p1a: Rillaboom|46/100|[from] Recoil\n|\n|-heal|p1a: Rillaboom|52/100|[from] Grassy Terrain\n|-heal|p1a: Rillaboom|59/100|[from] item: Leftovers\n|upkeep\n|\n|t:|1695189401\n|switch|p2a: Ogerpon|Ogerpon-Hearthflame, F|100/100\n|-ability|p2a: Ogerpon|Mold Breaker\n|turn|3\n|\n|t:|1695189413\n|switch|p1a: Ogerpon|Ogerpon-Hearthflame, F|100/100\n|-damage|p1a: Ogerpon|76/100|[from] Stealth Rock\n|-ability|p1a: Ogerpon|Mold Breaker\n|move|p2a: Ogerpon|Trailblaze|p1a: Ogerpon\n|-resisted|p1a: Ogerpon\n|-damage|p1a: Ogerpon|62/100\n|-boost|p2a: Ogerpon|spe|1\n|\n|-heal|p1a: Ogerpon|68/100|[from] Grassy Terrain\n|upkeep\n|turn|4\n|\n|t:|1695189425\n|-terastallize|p2a: Ogerpon|Fire\n|detailschange|p2a: Ogerpon|Ogerpon-Hearthflame-Tera, F, tera:Fire\n|-ability|p2a: Ogerpon|Embody Aspect (Hearthflame)|boost\n|-boost|p2a: Ogerpon|atk|1\n|move|p2a: Ogerpon|Ivy Cudgel|p1a: Ogerpon\n|-damage|p1a: Ogerpon|0 fnt\n|faint|p1a: Ogerpon\n|\n|upkeep\n|\n|t:|1695189434\n|switch|p1a: FiveTurnsAtTR 2|Ursaluna-Bloodmoon, M|100/100\n|-damage|p1a: FiveTurnsAtTR 2|94/100|[from] Stealth Rock\n|turn|5\n|\n|t:|1695189438\n|move|p2a: Ogerpon|Horn Leech|p1a: FiveTurnsAtTR 2\n|-supereffective|p1a: FiveTurnsAtTR 2\n|-damage|p1a: FiveTurnsAtTR 2|9/100\n|move|p1a: FiveTurnsAtTR 2|Blood Moon|p2a: Ogerpon\n|-damage|p2a: Ogerpon|26/100\n|\n|-heal|p2a: Ogerpon|32/100|[from] Grassy Terrain\n|-heal|p1a: FiveTurnsAtTR 2|15/100|[from] Grassy Terrain\n|-heal|p1a: FiveTurnsAtTR 2|21/100|[from] item: Leftovers\n|-fieldend|move: Grassy Terrain\n|upkeep\n|turn|6\n|\n|t:|1695189448\n|move|p1a: FiveTurnsAtTR 2|Vacuum Wave|p2a: Ogerpon\n|-damage|p2a: Ogerpon|18/100\n|move|p2a: Ogerpon|Trailblaze|p1a: FiveTurnsAtTR 2\n|-supereffective|p1a: FiveTurnsAtTR 2\n|-damage|p1a: FiveTurnsAtTR 2|0 fnt\n|-boost|p2a: Ogerpon|spe|1\n|faint|p1a: FiveTurnsAtTR 2\n|\n|upkeep\n|\n|t:|1695189461\n|switch|p1a: Clefable|Clefable, F|100/100\n|-damage|p1a: Clefable|88/100|[from] Stealth Rock\n|turn|7\n|\n|t:|1695189467\n|-terastallize|p1a: Clefable|Poison\n|move|p2a: Ogerpon|Ivy Cudgel|p1a: Clefable\n|-damage|p1a: Clefable|27/100\n|move|p1a: Clefable|Cosmic Power|p1a: Clefable\n|-boost|p1a: Clefable|def|1\n|-boost|p1a: Clefable|spd|1\n|\n|-heal|p1a: Clefable|33/100|[from] item: Leftovers\n|upkeep\n|turn|8\n|\n|t:|1695189475\n|move|p2a: Ogerpon|Ivy Cudgel|p1a: Clefable\n|-damage|p1a: Clefable|0 fnt\n|faint|p1a: Clefable\n|\n|upkeep\n|\n|t:|1695189478\n|switch|p1a: Rillaboom|Rillaboom, M|59/100\n|-damage|p1a: Rillaboom|46/100|[from] Stealth Rock\n|-fieldstart|move: Grassy Terrain|[from] ability: Grassy Surge|[of] p1a: Rillaboom\n|turn|9\n|\n|t:|1695189485\n|move|p2a: Ogerpon|Ivy Cudgel|p1a: Rillaboom\n|-supereffective|p1a: Rillaboom\n|-damage|p1a: Rillaboom|0 fnt\n|faint|p1a: Rillaboom\n|\n|-heal|p2a: Ogerpon|24/100|[from] Grassy Terrain\n|upkeep\n|\n|t:|1695189487\n|switch|p1a: Dudunsparce|Dudunsparce-Three-Segment, M|100/100\n|-damage|p1a: Dudunsparce|88/100|[from] Stealth Rock\n|turn|10\n|\n|t:|1695189508\n|move|p2a: Ogerpon|Horn Leech|p1a: Dudunsparce\n|-damage|p1a: Dudunsparce|38/100\n|-heal|p2a: Ogerpon|62/100|[from] drain|[of] p1a: Dudunsparce\n|move|p1a: Dudunsparce|Boomburst|p2a: Ogerpon\n|-damage|p2a: Ogerpon|9/100\n|\n|-heal|p2a: Ogerpon|15/100|[from] Grassy Terrain\n|-heal|p1a: Dudunsparce|44/100|[from] Grassy Terrain\n|-heal|p1a: Dudunsparce|50/100|[from] item: Leftovers\n|upkeep\n|turn|11\n|\n|t:|1695189518\n|move|p2a: Ogerpon|Horn Leech|p1a: Dudunsparce\n|-damage|p1a: Dudunsparce|0 fnt\n|-heal|p2a: Ogerpon|53/100|[from] drain|[of] p1a: Dudunsparce\n|faint|p1a: Dudunsparce\n|\n|-heal|p2a: Ogerpon|59/100|[from] Grassy Terrain\n|upkeep\n|\n|t:|1695189525\n|switch|p1a: Manaphy|Manaphy|72/100\n|-damage|p1a: Manaphy|59/100|[from] Stealth Rock\n|turn|12\n|\n|t:|1695189531\n|move|p2a: Ogerpon|Horn Leech|p1a: Manaphy\n|-supereffective|p1a: Manaphy\n|-damage|p1a: Manaphy|0 fnt\n|-heal|p2a: Ogerpon|98/100|[from] drain|[of] p1a: Manaphy\n|faint|p1a: Manaphy\n|\n|win|SILLYLITTLEJESTER\n|raw|TheBallsmaSpace's rating: 1368 &rarr; <strong>1351</strong><br />(-17 for losing)\n|raw|SILLYLITTLEJESTER's rating: 1419 &rarr; <strong>1436</strong><br />(+17 for winning)\n", "uploadtime": 1695189534, "views": 2, "p1id": "theballsmaspace", "p2id": "sillylittlejester", "formatid": "gen9ou", "rating": 1351, "private": 0, "password": ""}