{"id": "gen9ou-1947685985", "p1": "Yozssy", "p2": "4war4e", "format": "gen9ou", "log": "|j|\u2606Yozssy\n|j|\u26064war4e\n|t:|1695186929\n|gametype|singles\n|player|p1|Yozssy|depotagent|1532\n|player|p2|4war4e|1|1618\n|teamsize|p1|6\n|teamsize|p2|6\n|gen|9\n|tier|[Gen 9] OU\n|rated|\n|rule|Sleep Clause Mod: Limit one foe put to sleep\n|rule|Species Clause: Limit one of each Pok\u00e9mon\n|rule|OHKO Clause: OHKO moves are banned\n|rule|Evasion Items Clause: Evasion items are banned\n|rule|Evasion Moves Clause: Evasion moves are banned\n|rule|Endless Battle Clause: Forcing endless battles is banned\n|rule|HP Percentage Mod: HP is shown in percentages\n|clearpoke\n|poke|p1|Ninetales-Alola, M|\n|poke|p1|Ogerpon-Wellspring, F|\n|poke|p1|Kommo-o, F|\n|poke|p1|Ursaluna-Bloodmoon, M|\n|poke|p1|Kingambit, M|\n|poke|p1|Iron Moth|\n|poke|p2|Mew|\n|poke|p2|Ursaluna-Bloodmoon, M|\n|poke|p2|Ogerpon-Hearthflame, F|\n|poke|p2|Walking Wake|\n|poke|p2|Ninetales, M|\n|poke|p2|Great Tusk|\n|teampreview\n|inactive|Battle timer is ON: inactive players will automatically lose when time's up. (requested by Yozssy)\n|inactive|4war4e has 120 seconds left.\n|\n|t:|1695186984\n|start\n|switch|p1a: Ursaluna|Ursaluna-Bloodmoon, M|100/100\n|switch|p2a: Ogerpon|Ogerpon-Hearthflame, F|100/100\n|-ability|p2a: Ogerpon|Mold Breaker\n|turn|1\n|\n|t:|1695186995\n|move|p2a: Ogerpon|Swords Dance|p2a: Ogerpon\n|-boost|p2a: Ogerpon|atk|2\n|move|p1a: Ursaluna|Blood Moon|p2a: Ogerpon\n|-damage|p2a: Ogerpon|23/100\n|\n|upkeep\n|turn|2\n|\n|t:|1695187001\n|-terastallize|p1a: Ursaluna|Poison\n|move|p2a: Ogerpon|Horn Leech|p1a: Ursaluna\n|-resisted|p1a: Ursaluna\n|-damage|p1a: Ursaluna|77/100\n|-heal|p2a: Ogerpon|40/100|[from] drain|[of] p1a: Ursaluna\n|move|p1a: Ursaluna|Earth Power|p2a: Ogerpon\n|-damage|p2a: Ogerpon|0 fnt\n|faint|p2a: Ogerpon\n|\n|-heal|p1a: Ursaluna|83/100|[from] item: Leftovers\n|upkeep\n|\n|t:|1695187007\n|switch|p2a: Mew|Mew|100/100\n|turn|3\n|\n|t:|1695187011\n|move|p2a: Mew|Fire Spin|p1a: Ursaluna\n|-damage|p1a: Ursaluna|74/100\n|-activate|p1a: Ursaluna|move: Fire Spin|[of] p2a: Mew\n|move|p1a: Ursaluna|Calm Mind|p1a: Ursaluna\n|-boost|p1a: Ursaluna|spa|1\n|-boost|p1a: Ursaluna|spd|1\n|\n|-heal|p1a: Ursaluna|80/100|[from] item: Leftovers\n|-damage|p1a: Ursaluna|68/100|[from] move: Fire Spin|[partiallytrapped]\n|upkeep\n|turn|4\n|\n|t:|1695187016\n|move|p2a: Mew|Imprison|p2a: Mew\n|-start|p2a: Mew|move: Imprison\n|move|p1a: Ursaluna|Blood Moon|p2a: Mew\n|-damage|p2a: Mew|18/100\n|\n|-heal|p2a: Mew|24/100|[from] item: Leftovers\n|-heal|p1a: Ursaluna|74/100|[from] item: Leftovers\n|-damage|p1a: Ursaluna|62/100|[from] move: Fire Spin|[partiallytrapped]\n|upkeep\n|turn|5\n|\n|t:|1695187022\n|move|p2a: Mew|Transform|p1a: Ursaluna\n|-transform|p2a: Mew|p1a: Ursaluna\n|cant|p1a: Ursaluna|move: Imprison|Moonlight\n|\n|-heal|p2a: Mew|30/100|[from] item: Leftovers\n|-heal|p1a: Ursaluna|68/100|[from] item: Leftovers\n|-damage|p1a: Ursaluna|56/100|[from] move: Fire Spin|[partiallytrapped]\n|upkeep\n|-start|p2a: Mew|typechange|Ground/Normal|[silent]\n|turn|6\n|\n|t:|1695187026\n|-activate|p1a: Ursaluna|move: Struggle\n|move|p1a: Ursaluna|Struggle|p2a: Mew\n|-damage|p2a: Mew|26/100\n|-damage|p1a: Ursaluna|31/100|[from] recoil\n|move|p2a: Mew|Moonlight|p2a: Mew\n|-heal|p2a: Mew|76/100\n|\n|-heal|p2a: Mew|82/100|[from] item: Leftovers\n|-heal|p1a: Ursaluna|37/100|[from] item: Leftovers\n|-damage|p1a: Ursaluna|24/100|[from] move: Fire Spin|[partiallytrapped]\n|upkeep\n|turn|7\n|\n|t:|1695187029\n|-activate|p1a: Ursaluna|move: Struggle\n|move|p1a: Ursaluna|Struggle|p2a: Mew\n|-damage|p2a: Mew|78/100\n|-damage|p1a: Ursaluna|0 fnt|[from] recoil\n|faint|p1a: Ursaluna\n|move|p2a: Mew|Calm Mind|p2a: Mew\n|-boost|p2a: Mew|spa|1\n|-boost|p2a: Mew|spd|1\n|\n|-heal|p2a: Mew|84/100|[from] item: Leftovers\n|upkeep\n|\n|t:|1695187033\n|switch|p1a: Ninetales|Ninetales-Alola, M|100/100\n|-weather|Snow|[from] ability: Snow Warning|[of] p1a: Ninetales\n|turn|8\n|\n|t:|1695187037\n|move|p1a: Ninetales|Encore|p2a: Mew\n|-start|p2a: Mew|Encore\n|move|p2a: Mew|Calm Mind|p2a: Mew\n|-boost|p2a: Mew|spa|1\n|-boost|p2a: Mew|spd|1\n|\n|-weather|Snow|[upkeep]\n|-heal|p2a: Mew|90/100|[from] item: Leftovers\n|upkeep\n|turn|9\n|\n|t:|1695187042\n|switch|p1a: Ogerpon|Ogerpon-Wellspring, F|100/100\n|move|p2a: Mew|Calm Mind|p2a: Mew\n|-boost|p2a: Mew|spa|1\n|-boost|p2a: Mew|spd|1\n|\n|-weather|Snow|[upkeep]\n|-heal|p2a: Mew|96/100|[from] item: Leftovers\n|upkeep\n|turn|10\n|\n|t:|1695187044\n|move|p1a: Ogerpon|Swords Dance|p1a: Ogerpon\n|-boost|p1a: Ogerpon|atk|2\n|move|p2a: Mew|Calm Mind|p2a: Mew\n|-boost|p2a: Mew|spa|1\n|-boost|p2a: Mew|spd|1\n|\n|-weather|Snow|[upkeep]\n|-heal|p2a: Mew|100/100|[from] item: Leftovers\n|-end|p2a: Mew|Encore\n|upkeep\n|turn|11\n|\n|t:|1695187048\n|-terastallize|p2a: Mew|Steel\n|move|p1a: Ogerpon|Ivy Cudgel|p2a: Mew\n|-damage|p2a: Mew|30/100\n|move|p2a: Mew|Blood Moon|p1a: Ogerpon\n|-damage|p1a: Ogerpon|0 fnt\n|faint|p1a: Ogerpon\n|\n|-weather|Snow|[upkeep]\n|-heal|p2a: Mew|37/100|[from] item: Leftovers\n|upkeep\n|\n|t:|1695187053\n|switch|p1a: Iron Moth|Iron Moth|100/100\n|-enditem|p1a: Iron Moth|Booster Energy\n|-activate|p1a: Iron Moth|ability: Quark Drive|[fromitem]\n|-start|p1a: Iron Moth|quarkdrivespe\n|turn|12\n|\n|t:|1695187057\n|move|p1a: Iron Moth|Fiery Dance|p2a: Mew\n|-supereffective|p2a: Mew\n|-damage|p2a: Mew|11/100\n|move|p2a: Mew|Earth Power|p1a: Iron Moth\n|-supereffective|p1a: Iron Moth\n|-damage|p1a: Iron Moth|0 fnt\n|faint|p1a: Iron Moth\n|-end|p1a: Iron Moth|Quark Drive|[silent]\n|\n|-weather|none\n|-heal|p2a: Mew|18/100|[from] item: Leftovers\n|upkeep\n|\n|t:|1695187066\n|switch|p1a: Kommo-o|Kommo-o, F|100/100\n|turn|13\n|\n|t:|1695187069\n|move|p1a: Kommo-o|Close Combat|p2a: Mew\n|-supereffective|p2a: Mew\n|-damage|p2a: Mew|0 fnt\n|-unboost|p1a: Kommo-o|def|1\n|-unboost|p1a: Kommo-o|spd|1\n|faint|p2a: Mew\n|\n|upkeep\n|\n|t:|1695187074\n|switch|p2a: Ninetales|Ninetales, M|100/100\n|-weather|SunnyDay|[from] ability: Drought|[of] p2a: Ninetales\n|turn|14\n|\n|t:|1695187077\n|switch|p2a: Great Tusk|Great Tusk|100/100\n|-activate|p2a: Great Tusk|ability: Protosynthesis\n|-start|p2a: Great Tusk|protosynthesisdef\n|move|p1a: Kommo-o|Clangorous Soul|p1a: Kommo-o\n|-boost|p1a: Kommo-o|atk|1\n|-boost|p1a: Kommo-o|def|1\n|-boost|p1a: Kommo-o|spa|1\n|-boost|p1a: Kommo-o|spd|1\n|-boost|p1a: Kommo-o|spe|1\n|-damage|p1a: Kommo-o|68/100\n|-enditem|p1a: Kommo-o|Throat Spray\n|-boost|p1a: Kommo-o|spa|1|[from] item: Throat Spray\n|\n|-weather|SunnyDay|[upkeep]\n|upkeep\n|turn|15\n|\n|t:|1695187083\n|move|p1a: Kommo-o|Clanging Scales|p2a: Great Tusk\n|-damage|p2a: Great Tusk|0 fnt\n|faint|p2a: Great Tusk\n|-end|p2a: Great Tusk|Protosynthesis|[silent]\n|-unboost|p1a: Kommo-o|def|1\n|\n|-weather|SunnyDay|[upkeep]\n|upkeep\n|\n|t:|1695187086\n|switch|p2a: Walking Wake|Walking Wake|100/100\n|-activate|p2a: Walking Wake|ability: Protosynthesis\n|-start|p2a: Walking Wake|protosynthesisspe\n|turn|16\n|\n|t:|1695187092\n|switch|p1a: Ninetales|Ninetales-Alola, M|100/100\n|-weather|Snow|[from] ability: Snow Warning|[of] p1a: Ninetales\n|-end|p2a: Walking Wake|Protosynthesis\n|move|p2a: Walking Wake|Draco Meteor|p1a: Ninetales\n|-immune|p1a: Ninetales\n|\n|-weather|Snow|[upkeep]\n|upkeep\n|turn|17\n|\n|t:|1695187099\n|-end|p2a: Walking Wake|Protosynthesis|[silent]\n|switch|p2a: Ninetales|Ninetales, M|100/100\n|-weather|SunnyDay|[from] ability: Drought|[of] p2a: Ninetales\n|switch|p1a: Kommo-o|Kommo-o, F|68/100\n|\n|-weather|SunnyDay|[upkeep]\n|upkeep\n|turn|18\n|\n|t:|1695187108\n|move|p2a: Ninetales|Will-O-Wisp|p1a: Kommo-o\n|-status|p1a: Kommo-o|brn\n|move|p1a: Kommo-o|Close Combat|p2a: Ninetales\n|-damage|p2a: Ninetales|64/100\n|-unboost|p1a: Kommo-o|def|1\n|-unboost|p1a: Kommo-o|spd|1\n|\n|-weather|SunnyDay|[upkeep]\n|-damage|p1a: Kommo-o|61/100 brn|[from] brn\n|upkeep\n|turn|19\n|\n|t:|1695187114\n|switch|p2a: Ursaluna|Ursaluna-Bloodmoon, M|100/100\n|move|p1a: Kommo-o|Clanging Scales|p2a: Ursaluna\n|-damage|p2a: Ursaluna|43/100\n|-unboost|p1a: Kommo-o|def|1\n|\n|-weather|SunnyDay|[upkeep]\n|-damage|p1a: Kommo-o|55/100 brn|[from] brn\n|upkeep\n|turn|20\n|\n|t:|1695187121\n|move|p2a: Ursaluna|Vacuum Wave|p1a: Kommo-o\n|-damage|p1a: Kommo-o|24/100 brn\n|move|p1a: Kommo-o|Clanging Scales|p2a: Ursaluna\n|-damage|p2a: Ursaluna|0 fnt\n|faint|p2a: Ursaluna\n|-unboost|p1a: Kommo-o|def|1\n|\n|-weather|SunnyDay|[upkeep]\n|-damage|p1a: Kommo-o|18/100 brn|[from] brn\n|upkeep\n|\n|t:|1695187124\n|switch|p2a: Walking Wake|Walking Wake|100/100\n|-activate|p2a: Walking Wake|ability: Protosynthesis\n|-start|p2a: Walking Wake|protosynthesisspe\n|turn|21\n|\n|t:|1695187127\n|switch|p1a: Ninetales|Ninetales-Alola, M|100/100\n|-weather|Snow|[from] ability: Snow Warning|[of] p1a: Ninetales\n|-end|p2a: Walking Wake|Protosynthesis\n|move|p2a: Walking Wake|Hydro Steam|p1a: Ninetales\n|-damage|p1a: Ninetales|37/100\n|\n|-weather|Snow|[upkeep]\n|upkeep\n|turn|22\n|\n|t:|1695187133\n|-end|p2a: Walking Wake|Protosynthesis|[silent]\n|switch|p2a: Ninetales|Ninetales, M|64/100\n|-weather|SunnyDay|[from] ability: Drought|[of] p2a: Ninetales\n|move|p1a: Ninetales|Freeze-Dry|p2a: Ninetales\n|-resisted|p2a: Ninetales\n|-damage|p2a: Ninetales|52/100\n|\n|-weather|SunnyDay|[upkeep]\n|upkeep\n|turn|23\n|\n|t:|1695187137\n|switch|p1a: Kommo-o|Kommo-o, F|18/100 brn\n|switch|p2a: Walking Wake|Walking Wake|100/100\n|-activate|p2a: Walking Wake|ability: Protosynthesis\n|-start|p2a: Walking Wake|protosynthesisspe\n|\n|-weather|SunnyDay|[upkeep]\n|-damage|p1a: Kommo-o|12/100 brn|[from] brn\n|upkeep\n|turn|24\n|\n|t:|1695187142\n|move|p2a: Walking Wake|Hydro Steam|p1a: Kommo-o\n|-resisted|p1a: Kommo-o\n|-damage|p1a: Kommo-o|0 fnt\n|faint|p1a: Kommo-o\n|\n|-weather|SunnyDay|[upkeep]\n|upkeep\n|\n|t:|1695187144\n|switch|p1a: Ninetales|Ninetales-Alola, M|37/100\n|-weather|Snow|[from] ability: Snow Warning|[of] p1a: Ninetales\n|-end|p2a: Walking Wake|Protosynthesis\n|turn|25\n|\n|t:|1695187161\n|move|p2a: Walking Wake|Hydro Steam|p1a: Ninetales\n|-damage|p1a: Ninetales|0 fnt\n|faint|p1a: Ninetales\n|\n|-weather|Snow|[upkeep]\n|upkeep\n|\n|t:|1695187171\n|switch|p1a: Kingambit|Kingambit, M, shiny|100/100\n|-activate|p1a: Kingambit|ability: Supreme Overlord\n|-start|p1a: Kingambit|fallen5|[silent]\n|turn|26\n|\n|t:|1695187175\n|move|p2a: Walking Wake|Hydro Steam|p1a: Kingambit\n|-damage|p1a: Kingambit|34/100\n|move|p1a: Kingambit|Swords Dance|p1a: Kingambit\n|-boost|p1a: Kingambit|atk|2\n|\n|-weather|Snow|[upkeep]\n|-heal|p1a: Kingambit|40/100|[from] item: Leftovers\n|upkeep\n|turn|27\n|\n|t:|1695187180\n|-end|p2a: Walking Wake|Protosynthesis|[silent]\n|switch|p2a: Ninetales|Ninetales, M|52/100\n|-weather|SunnyDay|[from] ability: Drought|[of] p2a: Ninetales\n|move|p1a: Kingambit|Sucker Punch||[still]\n|-fail|p1a: Kingambit\n|\n|-weather|SunnyDay|[upkeep]\n|-heal|p1a: Kingambit|46/100|[from] item: Leftovers\n|upkeep\n|turn|28\n|\n|t:|1695187186\n|move|p1a: Kingambit|Sucker Punch||[still]\n|-fail|p1a: Kingambit\n|move|p2a: Ninetales|Encore|p1a: Kingambit\n|-start|p1a: Kingambit|Encore\n|\n|-weather|SunnyDay|[upkeep]\n|-heal|p1a: Kingambit|52/100|[from] item: Leftovers\n|upkeep\n|turn|29\n|\n|t:|1695187190\n|move|p1a: Kingambit|Sucker Punch||[still]\n|-fail|p1a: Kingambit\n|move|p2a: Ninetales|Will-O-Wisp|p1a: Kingambit\n|-status|p1a: Kingambit|brn\n|\n|-weather|SunnyDay|[upkeep]\n|-heal|p1a: Kingambit|58/100 brn|[from] item: Leftovers\n|-damage|p1a: Kingambit|52/100 brn|[from] brn\n|upkeep\n|turn|30\n|\n|t:|1695187193\n|move|p1a: Kingambit|Sucker Punch||[still]\n|-fail|p1a: Kingambit\n|move|p2a: Ninetales|Will-O-Wisp|p1a: Kingambit\n|-fail|p1a: Kingambit|brn\n|\n|-weather|SunnyDay|[upkeep]\n|-heal|p1a: Kingambit|58/100 brn|[from] item: Leftovers\n|-damage|p1a: Kingambit|52/100 brn|[from] brn\n|upkeep\n|turn|31\n|-message|Yozssy forfeited.\n|\n|win|4war4e\n|raw|Yozssy's rating: 1532 &rarr; <strong>1517</strong><br />(-15 for losing)\n|raw|4war4e's rating: 1618 &rarr; <strong>1633</strong><br />(+15 for winning)\n|l|\u2606Yozssy\n", "uploadtime": 1695187199, "views": 4, "p1id": "yozssy", "p2id": "4war4e", "formatid": "gen9ou", "rating": 1517, "private": 0, "password": ""}