{"id": "gen9ou-1947639768", "p1": "Zellyman", "p2": "georgiethefirst", "format": "gen9ou", "log": "|j|\u2606Zellyman\n|j|\u2606georgiethefirst\n|t:|1695180797\n|gametype|singles\n|player|p1|Zellyman|preschooler|1517\n|player|p2|georgiethefirst|hiker-gen2|1556\n|teamsize|p1|6\n|teamsize|p2|6\n|gen|9\n|tier|[Gen 9] OU\n|rated|\n|rule|Sleep Clause Mod: Limit one foe put to sleep\n|rule|Species Clause: Limit one of each Pok\u00e9mon\n|rule|OHKO Clause: OHKO moves are banned\n|rule|Evasion Items Clause: Evasion items are banned\n|rule|Evasion Moves Clause: Evasion moves are banned\n|rule|Endless Battle Clause: Forcing endless battles is banned\n|rule|HP Percentage Mod: HP is shown in percentages\n|clearpoke\n|poke|p1|Conkeldurr, F|\n|poke|p1|Cresselia, F|\n|poke|p1|Hatterene, F|\n|poke|p1|Ursaluna-Bloodmoon, M|\n|poke|p1|Torkoal, F|\n|poke|p1|Ogerpon-Hearthflame, F|\n|poke|p2|Ogerpon-Wellspring, F|\n|poke|p2|Cresselia, F|\n|poke|p2|Great Tusk|\n|poke|p2|Gliscor, M|\n|poke|p2|Garganacl, M|\n|poke|p2|Gholdengo|\n|teampreview\n|\n|t:|1695180806\n|start\n|switch|p1a: Ursaluna|Ursaluna-Bloodmoon, M|100/100\n|switch|p2a: Ogerpon|Ogerpon-Wellspring, F|100/100\n|turn|1\n|\n|t:|1695180810\n|move|p2a: Ogerpon|Substitute|p2a: Ogerpon\n|-start|p2a: Ogerpon|Substitute\n|-damage|p2a: Ogerpon|76/100\n|move|p1a: Ursaluna|Blood Moon|p2a: Ogerpon\n|-end|p2a: Ogerpon|Substitute\n|\n|upkeep\n|turn|2\n|\n|t:|1695180814\n|switch|p1a: Hatterene|Hatterene, F|100/100\n|move|p2a: Ogerpon|Horn Leech|p1a: Hatterene\n|-damage|p1a: Hatterene|53/100\n|-heal|p2a: Ogerpon|100/100|[from] drain|[of] p1a: Hatterene\n|\n|upkeep\n|turn|3\n|\n|t:|1695180818\n|move|p2a: Ogerpon|Ivy Cudgel|p1a: Hatterene\n|-damage|p1a: Hatterene|0 fnt\n|faint|p1a: Hatterene\n|\n|upkeep\n|\n|t:|1695180828\n|switch|p1a: Conkeldurr|Conkeldurr, F|100/100\n|turn|4\n|\n|t:|1695180841\n|move|p2a: Ogerpon|Ivy Cudgel|p1a: Conkeldurr\n|-damage|p1a: Conkeldurr|47/100\n|move|p1a: Conkeldurr|Close Combat|p2a: Ogerpon\n|-damage|p2a: Ogerpon|9/100\n|-unboost|p1a: Conkeldurr|def|1\n|-unboost|p1a: Conkeldurr|spd|1\n|\n|-status|p1a: Conkeldurr|brn|[from] item: Flame Orb\n|upkeep\n|turn|5\n|\n|t:|1695180846\n|switch|p2a: Gholdengo|Gholdengo|100/100\n|-item|p2a: Gholdengo|Air Balloon\n|move|p1a: Conkeldurr|Facade|p2a: Gholdengo\n|-immune|p2a: Gholdengo\n|\n|-damage|p1a: Conkeldurr|41/100 brn|[from] brn\n|upkeep\n|turn|6\n|\n|t:|1695180852\n|switch|p1a: Ursaluna|Ursaluna-Bloodmoon, M|100/100\n|move|p2a: Gholdengo|Make It Rain|p1a: Ursaluna\n|-damage|p1a: Ursaluna|40/100\n|-unboost|p2a: Gholdengo|spa|1\n|\n|upkeep\n|turn|7\n|\n|t:|1695180857\n|switch|p2a: Gliscor|Gliscor, M|100/100\n|switch|p1a: Cresselia|Cresselia, F|100/100\n|\n|-status|p2a: Gliscor|tox|[from] item: Toxic Orb\n|upkeep\n|turn|8\n|\n|t:|1695180859\n|move|p2a: Gliscor|Spikes|p1a: Cresselia\n|-sidestart|p1: Zellyman|Spikes\n|move|p1a: Cresselia|Trick Room|p1a: Cresselia\n|-fieldstart|move: Trick Room|[of] p1a: Cresselia\n|\n|upkeep\n|turn|9\n|\n|t:|1695180864\n|move|p1a: Cresselia|Lunar Dance|p1a: Cresselia\n|faint|p1a: Cresselia\n|move|p2a: Gliscor|Spikes|p1: Cresselia\n|-sidestart|p1: Zellyman|Spikes\n|\n|upkeep\n|\n|t:|1695180866\n|switch|p1a: Ursaluna|Ursaluna-Bloodmoon, M|40/100\n|-heal|p1a: Ursaluna|100/100|[from] move: Lunar Dance\n|-damage|p1a: Ursaluna|84/100|[from] Spikes\n|turn|10\n|\n|t:|1695180870\n|move|p2a: Gliscor|Protect|p2a: Gliscor\n|-singleturn|p2a: Gliscor|Protect\n|move|p1a: Ursaluna|Blood Moon|p2a: Gliscor\n|-activate|p2a: Gliscor|move: Protect\n|\n|upkeep\n|turn|11\n|\n|t:|1695180874\n|switch|p1a: Torkoal|Torkoal, F|100/100\n|-damage|p1a: Torkoal|84/100|[from] Spikes\n|-weather|SunnyDay|[from] ability: Drought|[of] p1a: Torkoal\n|switch|p2a: Garganacl|Garganacl, M|100/100\n|\n|-weather|SunnyDay|[upkeep]\n|upkeep\n|turn|12\n|\n|t:|1695180877\n|move|p2a: Garganacl|Stealth Rock|p1a: Torkoal\n|-sidestart|p1: Zellyman|move: Stealth Rock\n|move|p1a: Torkoal|Shell Smash|p1a: Torkoal\n|-unboost|p1a: Torkoal|def|1\n|-unboost|p1a: Torkoal|spd|1\n|-boost|p1a: Torkoal|atk|2\n|-boost|p1a: Torkoal|spa|2\n|-boost|p1a: Torkoal|spe|2\n|-enditem|p1a: Torkoal|White Herb\n|-clearnegativeboost|p1a: Torkoal|[silent]\n|\n|-weather|SunnyDay|[upkeep]\n|-fieldend|move: Trick Room\n|upkeep\n|turn|13\n|\n|t:|1695180883\n|move|p1a: Torkoal|Shell Smash|p1a: Torkoal\n|-unboost|p1a: Torkoal|def|1\n|-unboost|p1a: Torkoal|spd|1\n|-boost|p1a: Torkoal|atk|2\n|-boost|p1a: Torkoal|spa|2\n|-boost|p1a: Torkoal|spe|2\n|move|p2a: Garganacl|Salt Cure|p1a: Torkoal\n|-supereffective|p1a: Torkoal\n|-damage|p1a: Torkoal|48/100\n|-start|p1a: Torkoal|Salt Cure\n|\n|-weather|SunnyDay|[upkeep]\n|-damage|p1a: Torkoal|35/100|[from] Salt Cure\n|upkeep\n|turn|14\n|\n|t:|1695180886\n|move|p2a: Garganacl|Protect|p2a: Garganacl\n|-singleturn|p2a: Garganacl|Protect\n|move|p1a: Torkoal|Earth Power|p2a: Garganacl\n|-activate|p2a: Garganacl|move: Protect\n|\n|-weather|SunnyDay|[upkeep]\n|-damage|p1a: Torkoal|23/100|[from] Salt Cure\n|upkeep\n|turn|15\n|\n|t:|1695180889\n|move|p1a: Torkoal|Earth Power|p2a: Garganacl\n|-supereffective|p2a: Garganacl\n|-damage|p2a: Garganacl|0 fnt\n|faint|p2a: Garganacl\n|\n|-weather|none\n|-damage|p1a: Torkoal|10/100|[from] Salt Cure\n|upkeep\n|\n|t:|1695180891\n|switch|p2a: Gliscor|Gliscor, M|100/100 tox\n|turn|16\n|\n|t:|1695180893\n|move|p2a: Gliscor|Protect|p2a: Gliscor\n|-singleturn|p2a: Gliscor|Protect\n|move|p1a: Torkoal|Flamethrower|p2a: Gliscor\n|-activate|p2a: Gliscor|move: Protect\n|\n|-damage|p1a: Torkoal|0 fnt|[from] Salt Cure\n|faint|p1a: Torkoal\n|upkeep\n|-message|Zellyman forfeited.\n|\n|win|georgiethefirst\n|raw|Zellyman's rating: 1517 &rarr; <strong>1499</strong><br />(-18 for losing)\n|raw|georgiethefirst's rating: 1556 &rarr; <strong>1574</strong><br />(+18 for winning)\n|l|\u2606Zellyman\n", "uploadtime": 1695180908, "views": 2, "p1id": "zellyman", "p2id": "georgiethefirst", "formatid": "gen9ou", "rating": 1499, "private": 0, "password": ""}