{"id": "gen9ou-1947580166", "p1": "Chartwig", "p2": "owl_with_scarf", "format": "gen9ou", "log": "|j|\u2606Chartwig\n|j|\u2606owl_with_scarf\n|t:|1695174541\n|gametype|singles\n|player|p1|Chartwig|hilbert|1344\n|player|p2|owl_with_scarf|#owlwithscarf|1439\n|teamsize|p1|6\n|teamsize|p2|6\n|gen|9\n|tier|[Gen 9] OU\n|rated|\n|rule|Sleep Clause Mod: Limit one foe put to sleep\n|rule|Species Clause: Limit one of each Pok\u00e9mon\n|rule|OHKO Clause: OHKO moves are banned\n|rule|Evasion Items Clause: Evasion items are banned\n|rule|Evasion Moves Clause: Evasion moves are banned\n|rule|Endless Battle Clause: Forcing endless battles is banned\n|rule|HP Percentage Mod: HP is shown in percentages\n|clearpoke\n|poke|p1|Ninetales-Alola, M|\n|poke|p1|Ogerpon-Wellspring, F|\n|poke|p1|Iron Moth|\n|poke|p1|Piloswine, F|\n|poke|p1|Great Tusk|\n|poke|p1|Manaphy|\n|poke|p2|Tyranitar, M|\n|poke|p2|Sandslash, F|\n|poke|p2|Moltres|\n|poke|p2|Ogerpon-Wellspring, F|\n|poke|p2|Kingambit, F|\n|poke|p2|Munkidori, M|\n|teampreview\n|inactive|Battle timer is ON: inactive players will automatically lose when time's up. (requested by Chartwig)\n|\n|t:|1695174562\n|start\n|switch|p1a: Piloswine|Piloswine, F|100/100\n|switch|p2a: Ogerpon|Ogerpon-Wellspring, F|100/100\n|turn|1\n|\n|t:|1695174568\n|move|p2a: Ogerpon|Swords Dance|p2a: Ogerpon\n|-boost|p2a: Ogerpon|atk|2\n|move|p1a: Piloswine|Stealth Rock|p2a: Ogerpon\n|-sidestart|p2: owl_with_scarf|move: Stealth Rock\n|\n|upkeep\n|turn|2\n|\n|t:|1695174583\n|move|p1a: Piloswine|Ice Shard|p2a: Ogerpon\n|-damage|p2a: Ogerpon|77/100\n|move|p2a: Ogerpon|Ivy Cudgel|p1a: Piloswine\n|-supereffective|p1a: Piloswine\n|-damage|p1a: Piloswine|0 fnt\n|faint|p1a: Piloswine\n|\n|upkeep\n|\n|t:|1695174597\n|switch|p1a: Ninetales|Ninetales-Alola, M|100/100\n|-weather|Snow|[from] ability: Snow Warning|[of] p1a: Ninetales\n|turn|3\n|inactive|owl_with_scarf has 120 seconds left.\n|inactive|owl_with_scarf has 90 seconds left.\n|inactive|owl_with_scarf has 60 seconds left.\n|\n|t:|1695174696\n|move|p2a: Ogerpon|Ivy Cudgel|p1a: Ninetales\n|-damage|p1a: Ninetales|6/100\n|move|p1a: Ninetales|Hypnosis|p2a: Ogerpon\n|-status|p2a: Ogerpon|slp|[from] move: Hypnosis\n|\n|-weather|Snow|[upkeep]\n|upkeep\n|turn|4\n|\n|t:|1695174706\n|cant|p2a: Ogerpon|slp\n|move|p1a: Ninetales|Aurora Veil|p1a: Ninetales\n|-sidestart|p1: Chartwig|move: Aurora Veil\n|\n|-weather|Snow|[upkeep]\n|upkeep\n|turn|5\n|\n|t:|1695174712\n|switch|p1a: Ogerpon|Ogerpon-Wellspring, F|100/100\n|-curestatus|p2a: Ogerpon|slp|[msg]\n|move|p2a: Ogerpon|Horn Leech|p1a: Ogerpon\n|-damage|p1a: Ogerpon|41/100\n|-heal|p2a: Ogerpon|100/100|[from] drain|[of] p1a: Ogerpon\n|\n|-weather|Snow|[upkeep]\n|upkeep\n|turn|6\n|\n|t:|1695174718\n|move|p2a: Ogerpon|Horn Leech|p1a: Ogerpon\n|-damage|p1a: Ogerpon|0 fnt\n|faint|p1a: Ogerpon\n|\n|-weather|Snow|[upkeep]\n|upkeep\n|\n|t:|1695174723\n|switch|p1a: Iron Moth|Iron Moth|100/100\n|-enditem|p1a: Iron Moth|Booster Energy\n|-activate|p1a: Iron Moth|ability: Quark Drive|[fromitem]\n|-start|p1a: Iron Moth|quarkdrivespe\n|turn|7\n|\n|t:|1695174728\n|-terastallize|p1a: Iron Moth|Fairy\n|-terastallize|p2a: Ogerpon|Water\n|detailschange|p2a: Ogerpon|Ogerpon-Wellspring-Tera, F, tera:Water\n|-ability|p2a: Ogerpon|Embody Aspect (Wellspring)|boost\n|-boost|p2a: Ogerpon|spd|1\n|move|p1a: Iron Moth|Dazzling Gleam|p2a: Ogerpon\n|-damage|p2a: Ogerpon|69/100\n|move|p2a: Ogerpon|Ivy Cudgel|p1a: Iron Moth\n|-damage|p1a: Iron Moth|0 fnt\n|faint|p1a: Iron Moth\n|-end|p1a: Iron Moth|Quark Drive|[silent]\n|\n|-weather|none\n|upkeep\n|-message|Chartwig forfeited.\n|\n|win|owl_with_scarf\n|raw|Chartwig's rating: 1380 &rarr; <strong>1363</strong><br />(-17 for losing)\n|raw|owl_with_scarf's rating: 1439 &rarr; <strong>1456</strong><br />(+17 for winning)\n", "uploadtime": 1695174748, "views": 9, "p1id": "chartwig", "p2id": "owlwithscarf", "formatid": "gen9ou", "rating": 1363, "private": 0, "password": ""}