{"id": "gen9ou-1947554729", "p1": "Phobiaa", "p2": "Kaxcav", "format": "gen9ou", "log": "|j|\u2606Phobiaa\n|j|\u2606Kaxcav\n|t:|1695172071\n|gametype|singles\n|player|p1|Phobiaa|clair|1022\n|player|p2|Kaxcav|veteran|1000\n|teamsize|p1|2\n|teamsize|p2|6\n|gen|9\n|tier|[Gen 9] OU\n|rated|\n|rule|Sleep Clause Mod: Limit one foe put to sleep\n|rule|Species Clause: Limit one of each Pok\u00e9mon\n|rule|OHKO Clause: OHKO moves are banned\n|rule|Evasion Items Clause: Evasion items are banned\n|rule|Evasion Moves Clause: Evasion moves are banned\n|rule|Endless Battle Clause: Forcing endless battles is banned\n|rule|HP Percentage Mod: HP is shown in percentages\n|clearpoke\n|poke|p1|Tyranitar, M|\n|poke|p1|Houndstone, M|\n|poke|p2|Zamazenta-*|\n|poke|p2|Gardevoir, M|\n|poke|p2|Corviknight, F|\n|poke|p2|Thundurus, M|\n|poke|p2|Cloyster, F|\n|poke|p2|Gliscor, F|\n|teampreview\n|inactive|Battle timer is ON: inactive players will automatically lose when time's up. (requested by Phobiaa)\n|\n|t:|1695172089\n|start\n|switch|p1a: Tyranitar|Tyranitar, M, shiny|100/100\n|switch|p2a: Cloyster|Cloyster, F|100/100\n|-weather|Sandstorm|[from] ability: Sand Stream|[of] p1a: Tyranitar\n|turn|1\n|\n|t:|1695172098\n|move|p2a: Cloyster|Shell Smash|p2a: Cloyster\n|-unboost|p2a: Cloyster|def|1\n|-unboost|p2a: Cloyster|spd|1\n|-boost|p2a: Cloyster|atk|2\n|-boost|p2a: Cloyster|spa|2\n|-boost|p2a: Cloyster|spe|2\n|move|p1a: Tyranitar|Knock Off|p2a: Cloyster\n|-damage|p2a: Cloyster|28/100\n|-enditem|p2a: Cloyster|Life Orb|[from] move: Knock Off|[of] p1a: Tyranitar\n|\n|-weather|Sandstorm|[upkeep]\n|-damage|p2a: Cloyster|22/100|[from] Sandstorm\n|upkeep\n|turn|2\n|\n|t:|1695172112\n|move|p2a: Cloyster|Liquidation|p1a: Tyranitar\n|-supereffective|p1a: Tyranitar\n|-damage|p1a: Tyranitar|8/100\n|-unboost|p1a: Tyranitar|def|1\n|move|p1a: Tyranitar|Knock Off|p2a: Cloyster\n|-damage|p2a: Cloyster|0 fnt\n|faint|p2a: Cloyster\n|\n|-weather|Sandstorm|[upkeep]\n|upkeep\n|\n|t:|1695172124\n|switch|p2a: Gliscor|Gliscor, F|100/100\n|turn|3\n|\n|t:|1695172130\n|move|p2a: Gliscor|Knock Off|p1a: Tyranitar\n|-resisted|p1a: Tyranitar\n|-damage|p1a: Tyranitar|0 fnt\n|-enditem|p1a: Tyranitar|Smooth Rock|[from] move: Knock Off|[of] p2a: Gliscor\n|faint|p1a: Tyranitar\n|\n|-weather|Sandstorm|[upkeep]\n|-status|p2a: Gliscor|tox|[from] item: Toxic Orb\n|upkeep\n|\n|t:|1695172132\n|switch|p1a: Houndstone|Houndstone, M|100/100\n|turn|4\n|\n|t:|1695172147\n|-terastallize|p1a: Houndstone|Fighting\n|move|p1a: Houndstone|Poltergeist|p2a: Gliscor\n|-activate|p2a: Gliscor|move: Poltergeist|Toxic Orb\n|-damage|p2a: Gliscor|38/100 tox\n|move|p2a: Gliscor|Earthquake|p1a: Houndstone\n|-damage|p1a: Houndstone|59/100\n|\n|-weather|Sandstorm|[upkeep]\n|-heal|p2a: Gliscor|51/100 tox|[from] ability: Poison Heal\n|upkeep\n|turn|5\n|\n|t:|1695172161\n|move|p1a: Houndstone|Poltergeist|p2a: Gliscor\n|-activate|p2a: Gliscor|move: Poltergeist|Toxic Orb\n|-damage|p2a: Gliscor|0 fnt\n|faint|p2a: Gliscor\n|\n|-weather|Sandstorm|[upkeep]\n|upkeep\n|\n|t:|1695172170\n|switch|p2a: Gardevoir|Gardevoir, M|100/100\n|-ability|p2a: Gardevoir|Sand Rush|[from] ability: Trace|[of] p1a: Houndstone\n|turn|6\n|\n|t:|1695172176\n|move|p1a: Houndstone|Poltergeist|p2a: Gardevoir\n|-activate|p2a: Gardevoir|move: Poltergeist|Life Orb\n|-supereffective|p2a: Gardevoir\n|-damage|p2a: Gardevoir|0 fnt\n|faint|p2a: Gardevoir\n|\n|-weather|Sandstorm|[upkeep]\n|upkeep\n|\n|t:|1695172186\n|switch|p2a: Corviknight|Corviknight, F|100/100\n|-ability|p2a: Corviknight|Pressure\n|turn|7\n|\n|t:|1695172191\n|move|p1a: Houndstone|Poltergeist|p2a: Corviknight\n|-activate|p2a: Corviknight|move: Poltergeist|Leftovers\n|-damage|p2a: Corviknight|39/100\n|move|p2a: Corviknight|Iron Defense|p2a: Corviknight\n|-boost|p2a: Corviknight|def|2\n|\n|-weather|Sandstorm|[upkeep]\n|-heal|p2a: Corviknight|45/100|[from] item: Leftovers\n|upkeep\n|turn|8\n|\n|t:|1695172203\n|move|p1a: Houndstone|Poltergeist|p2a: Corviknight|[miss]\n|-miss|p1a: Houndstone|p2a: Corviknight\n|move|p2a: Corviknight|U-turn|p1a: Houndstone\n|-resisted|p1a: Houndstone\n|-damage|p1a: Houndstone|50/100\n|\n|t:|1695172211\n|switch|p2a: Thundurus|Thundurus, M|100/100|[from] U-turn\n|\n|-weather|none\n|upkeep\n|turn|9\n|\n|t:|1695172221\n|move|p2a: Thundurus|Agility|p2a: Thundurus\n|-boost|p2a: Thundurus|spe|2\n|move|p1a: Houndstone|Poltergeist|p2a: Thundurus\n|-activate|p2a: Thundurus|move: Poltergeist|Eviolite\n|-damage|p2a: Thundurus|0 fnt\n|faint|p2a: Thundurus\n|\n|upkeep\n|\n|t:|1695172231\n|switch|p2a: Corviknight|Corviknight, F|45/100\n|-ability|p2a: Corviknight|Pressure\n|turn|10\n|-message|Phobiaa forfeited.\n|\n|win|Kaxcav\n|raw|Phobiaa's rating: 1022 &rarr; <strong>1008</strong><br />(-14 for losing)\n|raw|Kaxcav's rating: 1000 &rarr; <strong>1043</strong><br />(+43 for winning)\n|l|\u2606Phobiaa\n", "uploadtime": 1695172245, "views": 3, "p1id": "phobiaa", "p2id": "kaxcav", "formatid": "gen9ou", "rating": 1008, "private": 0, "password": ""}