{"id": "gen9ou-1947673631", "p1": "SmilingTamamonomae", "p2": "six5", "format": "gen9ou", "log": "|j|\u2606SmilingTamamonomae\n|j|\u203dsix5\n|inactive|Battle timer is ON: inactive players will automatically lose when time's up.\n|t:|1695185171\n|gametype|singles\n|player|p1|SmilingTamamonomae|169|\n|player|p2|six5|169|\n|teamsize|p1|6\n|teamsize|p2|6\n|gen|9\n|tier|[Gen 9] OU\n|rated|Tournament battle\n|rule|Sleep Clause Mod: Limit one foe put to sleep\n|rule|Species Clause: Limit one of each Pok\u00e9mon\n|rule|OHKO Clause: OHKO moves are banned\n|rule|Evasion Items Clause: Evasion items are banned\n|rule|Evasion Moves Clause: Evasion moves are banned\n|rule|Endless Battle Clause: Forcing endless battles is banned\n|rule|HP Percentage Mod: HP is shown in percentages\n|clearpoke\n|poke|p1|Cinderace, M|\n|poke|p1|Muk-Alola, F|\n|poke|p1|Dondozo, F|\n|poke|p1|Landorus-Therian, M|\n|poke|p1|Zamazenta-*|\n|poke|p1|Scream Tail|\n|poke|p2|Samurott-Hisui, F|\n|poke|p2|Kingambit, F|\n|poke|p2|Sandy Shocks|\n|poke|p2|Gholdengo|\n|poke|p2|Iron Valiant|\n|poke|p2|Walking Wake|\n|teampreview\n|j|*Lady Monita\n|\n|t:|1695185192\n|start\n|switch|p1a: Landorus|Landorus-Therian, M|100/100\n|switch|p2a: Sandy Shocks|Sandy Shocks|100/100\n|-ability|p1a: Landorus|Intimidate|boost\n|-unboost|p2a: Sandy Shocks|atk|1\n|-enditem|p2a: Sandy Shocks|Booster Energy\n|-activate|p2a: Sandy Shocks|ability: Protosynthesis|[fromitem]\n|-start|p2a: Sandy Shocks|protosynthesisspe\n|turn|1\n|\n|t:|1695185208\n|-terastallize|p2a: Sandy Shocks|Ice\n|move|p2a: Sandy Shocks|Tera Blast|p1a: Landorus\n|-supereffective|p1a: Landorus\n|-damage|p1a: Landorus|0 fnt\n|faint|p1a: Landorus\n|\n|upkeep\n|\n|t:|1695185214\n|switch|p1a: Cinderace|Cinderace, M|100/100\n|turn|2\n|\n|t:|1695185219\n|move|p2a: Sandy Shocks|Earth Power|p1a: Cinderace\n|-supereffective|p1a: Cinderace\n|-damage|p1a: Cinderace|0 fnt\n|faint|p1a: Cinderace\n|\n|upkeep\n|\n|t:|1695185240\n|switch|p1a: Zamazenta|Zamazenta|100/100\n|-ability|p1a: Zamazenta|Dauntless Shield|boost\n|-boost|p1a: Zamazenta|def|1\n|turn|3\n|\n|t:|1695185255\n|move|p2a: Sandy Shocks|Tera Blast|p1a: Zamazenta\n|-damage|p1a: Zamazenta|73/100\n|move|p1a: Zamazenta|Body Press|p2a: Sandy Shocks\n|-supereffective|p2a: Sandy Shocks\n|-damage|p2a: Sandy Shocks|0 fnt\n|faint|p2a: Sandy Shocks\n|-end|p2a: Sandy Shocks|Protosynthesis|[silent]\n|\n|-heal|p1a: Zamazenta|79/100|[from] item: Leftovers\n|upkeep\n|\n|t:|1695185270\n|switch|p2a: Walking Wake|Walking Wake|100/100\n|-enditem|p2a: Walking Wake|Booster Energy\n|-activate|p2a: Walking Wake|ability: Protosynthesis|[fromitem]\n|-start|p2a: Walking Wake|protosynthesisspa\n|turn|4\n|\n|t:|1695185282\n|switch|p1a: Scream Tail|Scream Tail|100/100\n|move|p2a: Walking Wake|Substitute|p2a: Walking Wake\n|-start|p2a: Walking Wake|Substitute\n|-damage|p2a: Walking Wake|76/100\n|\n|upkeep\n|turn|5\n|\n|t:|1695185288\n|move|p1a: Scream Tail|Encore|p2a: Walking Wake\n|-start|p2a: Walking Wake|Encore\n|move|p2a: Walking Wake|Substitute|p2a: Walking Wake\n|-fail|p2a: Walking Wake|move: Substitute\n|\n|upkeep\n|turn|6\n|\n|t:|1695185299\n|-end|p2a: Walking Wake|Protosynthesis|[silent]\n|switch|p2a: Gholdengo|Gholdengo|100/100\n|-item|p2a: Gholdengo|Air Balloon\n|move|p1a: Scream Tail|Dazzling Gleam|p2a: Gholdengo\n|-resisted|p2a: Gholdengo\n|-damage|p2a: Gholdengo|91/100\n|-enditem|p2a: Gholdengo|Air Balloon\n|\n|upkeep\n|turn|7\n|\n|t:|1695185309\n|move|p1a: Scream Tail|Wish|p1a: Scream Tail\n|move|p2a: Gholdengo|Thunder Wave|p1a: Scream Tail\n|-status|p1a: Scream Tail|par\n|\n|upkeep\n|turn|8\n|\n|t:|1695185322\n|-end|p1a: Scream Tail|Protosynthesis|[silent]\n|switch|p1a: Zamazenta|Zamazenta|79/100\n|move|p2a: Gholdengo|Shadow Ball|p1a: Zamazenta\n|-damage|p1a: Zamazenta|42/100\n|\n|-heal|p1a: Zamazenta|93/100|[from] move: Wish|[wisher] Scream Tail\n|-heal|p1a: Zamazenta|99/100|[from] item: Leftovers\n|upkeep\n|turn|9\n|\n|t:|1695185338\n|switch|p2a: Walking Wake|Walking Wake|76/100\n|move|p1a: Zamazenta|Substitute|p1a: Zamazenta\n|-start|p1a: Zamazenta|Substitute\n|-damage|p1a: Zamazenta|74/100\n|\n|-heal|p1a: Zamazenta|81/100|[from] item: Leftovers\n|upkeep\n|turn|10\n|\n|t:|1695185346\n|move|p1a: Zamazenta|Iron Defense|p1a: Zamazenta\n|-boost|p1a: Zamazenta|def|2\n|move|p2a: Walking Wake|Surf|p1a: Zamazenta\n|-end|p1a: Zamazenta|Substitute\n|\n|-heal|p1a: Zamazenta|87/100|[from] item: Leftovers\n|upkeep\n|turn|11\n|\n|t:|1695185351\n|move|p1a: Zamazenta|Body Press|p2a: Walking Wake\n|-damage|p2a: Walking Wake|5/100\n|move|p2a: Walking Wake|Surf|p1a: Zamazenta\n|-damage|p1a: Zamazenta|47/100\n|\n|-heal|p1a: Zamazenta|54/100|[from] item: Leftovers\n|upkeep\n|turn|12\n|\n|t:|1695185360\n|move|p1a: Zamazenta|Body Press|p2a: Walking Wake\n|-damage|p2a: Walking Wake|0 fnt\n|faint|p2a: Walking Wake\n|-end|p2a: Walking Wake|Protosynthesis|[silent]\n|\n|-heal|p1a: Zamazenta|60/100|[from] item: Leftovers\n|upkeep\n|\n|t:|1695185364\n|switch|p2a: Gholdengo|Gholdengo|91/100\n|turn|13\n|\n|t:|1695185377\n|move|p1a: Zamazenta|Substitute|p1a: Zamazenta\n|-start|p1a: Zamazenta|Substitute\n|-damage|p1a: Zamazenta|35/100\n|move|p2a: Gholdengo|Make It Rain|p1a: Zamazenta\n|-end|p1a: Zamazenta|Substitute\n|-unboost|p2a: Gholdengo|spa|1\n|\n|-heal|p1a: Zamazenta|41/100|[from] item: Leftovers\n|upkeep\n|turn|14\n|\n|t:|1695185387\n|move|p1a: Zamazenta|Substitute|p1a: Zamazenta\n|-start|p1a: Zamazenta|Substitute\n|-damage|p1a: Zamazenta|16/100\n|move|p2a: Gholdengo|Make It Rain|p1a: Zamazenta\n|-end|p1a: Zamazenta|Substitute\n|-unboost|p2a: Gholdengo|spa|1\n|\n|-heal|p1a: Zamazenta|22/100|[from] item: Leftovers\n|upkeep\n|turn|15\n|\n|t:|1695185399\n|move|p1a: Zamazenta|Crunch|p2a: Gholdengo\n|-supereffective|p2a: Gholdengo\n|-damage|p2a: Gholdengo|49/100\n|move|p2a: Gholdengo|Make It Rain|p1a: Zamazenta\n|-damage|p1a: Zamazenta|0 fnt\n|-unboost|p2a: Gholdengo|spa|1\n|faint|p1a: Zamazenta\n|\n|upkeep\n|\n|t:|1695185406\n|switch|p1a: Muk|Muk-Alola, F|100/100\n|turn|16\n|\n|t:|1695185417\n|move|p2a: Gholdengo|Thunder Wave|p1a: Muk\n|-status|p1a: Muk|par\n|move|p1a: Muk|Knock Off|p2a: Gholdengo\n|-supereffective|p2a: Gholdengo\n|-damage|p2a: Gholdengo|2/100\n|\n|upkeep\n|turn|17\n|\n|t:|1695185424\n|move|p2a: Gholdengo|Focus Blast|p1a: Muk\n|-damage|p1a: Muk|89/100 par\n|move|p1a: Muk|Knock Off|p2a: Gholdengo\n|-supereffective|p2a: Gholdengo\n|-damage|p2a: Gholdengo|0 fnt\n|faint|p2a: Gholdengo\n|\n|-heal|p1a: Muk|95/100 par|[from] item: Leftovers\n|upkeep\n|\n|t:|1695185429\n|switch|p2a: Samurott|Samurott-Hisui, F|100/100\n|turn|18\n|\n|t:|1695185458\n|move|p2a: Samurott|Ceaseless Edge|p1a: Muk\n|-resisted|p1a: Muk\n|-damage|p1a: Muk|73/100 par\n|-sidestart|p1: SmilingTamamonomae|Spikes\n|move|p1a: Muk|Poison Jab|p2a: Samurott\n|-damage|p2a: Samurott|65/100\n|\n|-heal|p1a: Muk|79/100 par|[from] item: Leftovers\n|upkeep\n|turn|19\n|inactive|SmilingTamamonomae has 120 seconds left.\n|inactive|SmilingTamamonomae has 90 seconds left.\n|\n|t:|1695185522\n|move|p2a: Samurott|Razor Shell|p1a: Muk\n|-damage|p1a: Muk|29/100 par\n|move|p1a: Muk|Poison Jab|p2a: Samurott\n|-damage|p2a: Samurott|29/100\n|\n|-heal|p1a: Muk|36/100 par|[from] item: Leftovers\n|upkeep\n|turn|20\n|\n|t:|1695185530\n|move|p1a: Muk|Protect|p1a: Muk\n|-singleturn|p1a: Muk|Protect\n|move|p2a: Samurott|Razor Shell|p1a: Muk\n|-activate|p1a: Muk|move: Protect\n|\n|-heal|p1a: Muk|42/100 par|[from] item: Leftovers\n|upkeep\n|turn|21\n|\n|t:|1695185543\n|-terastallize|p1a: Muk|Water\n|move|p2a: Samurott|Razor Shell|p1a: Muk|[miss]\n|-miss|p2a: Samurott|p1a: Muk\n|move|p1a: Muk|Poison Jab|p2a: Samurott\n|-damage|p2a: Samurott|0 fnt\n|faint|p2a: Samurott\n|\n|-heal|p1a: Muk|48/100 par|[from] item: Leftovers\n|upkeep\n|\n|t:|1695185556\n|switch|p2a: Kingambit|Kingambit, F|100/100\n|-activate|p2a: Kingambit|ability: Supreme Overlord\n|-start|p2a: Kingambit|fallen4|[silent]\n|turn|22\n|\n|t:|1695185563\n|move|p2a: Kingambit|Swords Dance|p2a: Kingambit\n|-boost|p2a: Kingambit|atk|2\n|cant|p1a: Muk|par\n|\n|-heal|p1a: Muk|54/100 par|[from] item: Leftovers\n|upkeep\n|turn|23\n|\n|t:|1695185571\n|move|p2a: Kingambit|Kowtow Cleave|p1a: Muk\n|-damage|p1a: Muk|0 fnt\n|faint|p1a: Muk\n|\n|upkeep\n|\n|t:|1695185576\n|switch|p1a: Dondozo|Dondozo, F|100/100\n|-damage|p1a: Dondozo|88/100|[from] Spikes\n|turn|24\n|inactive|SmilingTamamonomae has 120 seconds left.\n|\n|t:|1695185599\n|-end|p2a: Kingambit|fallen4|[silent]\n|switch|p2a: Iron Valiant|Iron Valiant|100/100\n|-enditem|p2a: Iron Valiant|Booster Energy\n|-activate|p2a: Iron Valiant|ability: Quark Drive|[fromitem]\n|-start|p2a: Iron Valiant|quarkdrivespe\n|move|p1a: Dondozo|Body Press|p2a: Iron Valiant\n|-resisted|p2a: Iron Valiant\n|-damage|p2a: Iron Valiant|81/100\n|\n|-heal|p1a: Dondozo|94/100|[from] item: Leftovers\n|upkeep\n|turn|25\n|inactive|SmilingTamamonomae has 120 seconds left.\n|\n|t:|1695185611\n|switch|p1a: Scream Tail|Scream Tail|100/100 par\n|-damage|p1a: Scream Tail|88/100 par|[from] Spikes\n|move|p2a: Iron Valiant|Swords Dance|p2a: Iron Valiant\n|-boost|p2a: Iron Valiant|atk|2\n|\n|-heal|p1a: Scream Tail|94/100 par|[from] item: Leftovers\n|upkeep\n|turn|26\n|\n|t:|1695185621\n|move|p2a: Iron Valiant|Knock Off|p1a: Scream Tail\n|-damage|p1a: Scream Tail|31/100 par\n|-enditem|p1a: Scream Tail|Leftovers|[from] move: Knock Off|[of] p2a: Iron Valiant\n|move|p1a: Scream Tail|Dazzling Gleam|p2a: Iron Valiant\n|-supereffective|p2a: Iron Valiant\n|-damage|p2a: Iron Valiant|10/100\n|\n|upkeep\n|turn|27\n|\n|t:|1695185628\n|move|p2a: Iron Valiant|Knock Off|p1a: Scream Tail\n|-damage|p1a: Scream Tail|0 fnt\n|faint|p1a: Scream Tail\n|-end|p1a: Scream Tail|Protosynthesis|[silent]\n|\n|upkeep\n|\n|t:|1695185632\n|switch|p1a: Dondozo|Dondozo, F|94/100\n|-damage|p1a: Dondozo|82/100|[from] Spikes\n|turn|28\n|\n|t:|1695185639\n|move|p1a: Dondozo|Protect|p1a: Dondozo\n|-singleturn|p1a: Dondozo|Protect\n|move|p2a: Iron Valiant|Close Combat|p1a: Dondozo\n|-activate|p1a: Dondozo|move: Protect\n|\n|-heal|p1a: Dondozo|88/100|[from] item: Leftovers\n|upkeep\n|turn|29\n|\n|t:|1695185650\n|move|p2a: Iron Valiant|Encore|p1a: Dondozo\n|-start|p1a: Dondozo|Encore\n|move|p1a: Dondozo|Protect||[still]\n|-fail|p1a: Dondozo\n|\n|-heal|p1a: Dondozo|94/100|[from] item: Leftovers\n|upkeep\n|turn|30\n|\n|t:|1695185663\n|move|p1a: Dondozo|Protect|p1a: Dondozo\n|-singleturn|p1a: Dondozo|Protect\n|move|p2a: Iron Valiant|Swords Dance|p2a: Iron Valiant\n|-boost|p2a: Iron Valiant|atk|2\n|\n|-heal|p1a: Dondozo|99/100|[from] item: Leftovers\n|upkeep\n|turn|31\n|\n|t:|1695185671\n|move|p1a: Dondozo|Protect|p1a: Dondozo\n|-singleturn|p1a: Dondozo|Protect\n|move|p2a: Iron Valiant|Swords Dance|p2a: Iron Valiant\n|-boost|p2a: Iron Valiant|atk|2\n|\n|-heal|p1a: Dondozo|100/100|[from] item: Leftovers\n|-end|p1a: Dondozo|Encore\n|upkeep\n|turn|32\n|\n|t:|1695185678\n|move|p2a: Iron Valiant|Encore|p1a: Dondozo\n|-start|p1a: Dondozo|Encore\n|move|p1a: Dondozo|Protect||[still]\n|-fail|p1a: Dondozo\n|\n|upkeep\n|turn|33\n|\n|t:|1695185691\n|move|p1a: Dondozo|Protect|p1a: Dondozo\n|-singleturn|p1a: Dondozo|Protect\n|move|p2a: Iron Valiant|Close Combat|p1a: Dondozo\n|-activate|p1a: Dondozo|move: Protect\n|\n|upkeep\n|turn|34\n|\n|t:|1695185699\n|move|p1a: Dondozo|Protect|p1a: Dondozo\n|-singleturn|p1a: Dondozo|Protect\n|move|p2a: Iron Valiant|Close Combat|p1a: Dondozo\n|-activate|p1a: Dondozo|move: Protect\n|\n|-end|p1a: Dondozo|Encore\n|upkeep\n|turn|35\n|\n|t:|1695185707\n|move|p2a: Iron Valiant|Encore|p1a: Dondozo\n|-start|p1a: Dondozo|Encore\n|move|p1a: Dondozo|Protect||[still]\n|-fail|p1a: Dondozo\n|\n|upkeep\n|turn|36\n|\n|t:|1695185713\n|move|p1a: Dondozo|Protect|p1a: Dondozo\n|-singleturn|p1a: Dondozo|Protect\n|move|p2a: Iron Valiant|Close Combat|p1a: Dondozo\n|-activate|p1a: Dondozo|move: Protect\n|\n|upkeep\n|turn|37\n|\n|t:|1695185719\n|move|p1a: Dondozo|Protect||[still]\n|-fail|p1a: Dondozo\n|move|p2a: Iron Valiant|Knock Off|p1a: Dondozo\n|-damage|p1a: Dondozo|86/100\n|-enditem|p1a: Dondozo|Leftovers|[from] move: Knock Off|[of] p2a: Iron Valiant\n|\n|-end|p1a: Dondozo|Encore\n|upkeep\n|turn|38\n|\n|t:|1695185729\n|move|p2a: Iron Valiant|Encore|p1a: Dondozo\n|-start|p1a: Dondozo|Encore\n|move|p1a: Dondozo|Protect||[still]\n|-fail|p1a: Dondozo\n|\n|upkeep\n|turn|39\n|\n|t:|1695185740\n|move|p1a: Dondozo|Protect|p1a: Dondozo\n|-singleturn|p1a: Dondozo|Protect\n|move|p2a: Iron Valiant|Close Combat|p1a: Dondozo\n|-activate|p1a: Dondozo|move: Protect\n|\n|upkeep\n|turn|40\n|\n|t:|1695185746\n|move|p1a: Dondozo|Protect||[still]\n|-fail|p1a: Dondozo\n|move|p2a: Iron Valiant|Close Combat|p1a: Dondozo\n|-damage|p1a: Dondozo|58/100\n|-unboost|p2a: Iron Valiant|def|1\n|-unboost|p2a: Iron Valiant|spd|1\n|\n|-end|p1a: Dondozo|Encore\n|upkeep\n|turn|41\n|\n|t:|1695185758\n|move|p2a: Iron Valiant|Encore|p1a: Dondozo\n|-start|p1a: Dondozo|Encore\n|move|p1a: Dondozo|Protect||[still]\n|-fail|p1a: Dondozo\n|\n|upkeep\n|turn|42\n|\n|t:|1695185764\n|move|p1a: Dondozo|Protect|p1a: Dondozo\n|-singleturn|p1a: Dondozo|Protect\n|move|p2a: Iron Valiant|Knock Off|p1a: Dondozo\n|-activate|p1a: Dondozo|move: Protect\n|\n|upkeep\n|turn|43\n|\n|t:|1695185770\n|move|p1a: Dondozo|Protect||[still]\n|-fail|p1a: Dondozo\n|move|p2a: Iron Valiant|Close Combat|p1a: Dondozo\n|-damage|p1a: Dondozo|32/100\n|-unboost|p2a: Iron Valiant|def|1\n|-unboost|p2a: Iron Valiant|spd|1\n|\n|-end|p1a: Dondozo|Encore\n|upkeep\n|turn|44\n|\n|t:|1695185789\n|move|p2a: Iron Valiant|Close Combat|p1a: Dondozo\n|-damage|p1a: Dondozo|4/100\n|-unboost|p2a: Iron Valiant|def|1\n|-unboost|p2a: Iron Valiant|spd|1\n|move|p1a: Dondozo|Liquidation|p2a: Iron Valiant\n|-damage|p2a: Iron Valiant|0 fnt\n|faint|p2a: Iron Valiant\n|-end|p2a: Iron Valiant|Quark Drive|[silent]\n|\n|upkeep\n|\n|t:|1695185799\n|switch|p2a: Kingambit|Kingambit, F|100/100\n|-activate|p2a: Kingambit|ability: Supreme Overlord\n|-start|p2a: Kingambit|fallen5|[silent]\n|turn|45\n|\n|t:|1695185804\n|move|p2a: Kingambit|Kowtow Cleave|p1a: Dondozo\n|-damage|p1a: Dondozo|0 fnt\n|faint|p1a: Dondozo\n|\n|win|six5\n|n|\u2606SmilingTamamonomae|smilingtamamonomae\n|n|\u203dsix5|six5\n|n|*Lady Monita|ladymonita\n|l|*Lady Monita\n|l|\u2606SmilingTamamonomae\n", "uploadtime": 1695185816, "views": 4, "p1id": "smilingtamamonomae", "p2id": "six5", "formatid": "gen9ou", "rating": 0, "private": 0, "password": ""}