{"id": "gen9ou-1947639475", "p1": "4war4e", "p2": "d8nny", "format": "gen9ou", "log": "|j|\u26064war4e\n|j|\u2606d8nny\n|t:|1695180764\n|gametype|singles\n|player|p1|4war4e|1|1491\n|player|p2|d8nny|266|1498\n|teamsize|p1|6\n|teamsize|p2|6\n|gen|9\n|tier|[Gen 9] OU\n|rated|\n|rule|Sleep Clause Mod: Limit one foe put to sleep\n|rule|Species Clause: Limit one of each Pok\u00e9mon\n|rule|OHKO Clause: OHKO moves are banned\n|rule|Evasion Items Clause: Evasion items are banned\n|rule|Evasion Moves Clause: Evasion moves are banned\n|rule|Endless Battle Clause: Forcing endless battles is banned\n|rule|HP Percentage Mod: HP is shown in percentages\n|clearpoke\n|poke|p1|Mew|\n|poke|p1|Ursaluna-Bloodmoon, M|\n|poke|p1|Ogerpon-Hearthflame, F|\n|poke|p1|Walking Wake|\n|poke|p1|Ninetales, M|\n|poke|p1|Great Tusk|\n|poke|p2|Thundurus-Therian, M|\n|poke|p2|Hoopa-Unbound|\n|poke|p2|Hatterene, F|\n|poke|p2|Ursaluna-Bloodmoon, M|\n|poke|p2|Glimmora, F|\n|poke|p2|Gholdengo|\n|teampreview\n|inactive|Battle timer is ON: inactive players will automatically lose when time's up. (requested by d8nny)\n|\n|t:|1695180777\n|start\n|switch|p1a: Ursaluna|Ursaluna-Bloodmoon, M|100/100\n|switch|p2a: Glimmora|Glimmora, F|100/100\n|turn|1\n|\n|t:|1695180779\n|move|p2a: Glimmora|Mortal Spin|p1a: Ursaluna\n|-resisted|p1a: Ursaluna\n|-damage|p1a: Ursaluna|98/100\n|-status|p1a: Ursaluna|psn\n|move|p1a: Ursaluna|Earth Power|p2a: Glimmora\n|-supereffective|p2a: Glimmora\n|-enditem|p2a: Glimmora|Focus Sash\n|-damage|p2a: Glimmora|1/100\n|\n|-damage|p1a: Ursaluna|86/100 psn|[from] psn\n|upkeep\n|turn|2\n|\n|t:|1695180787\n|move|p1a: Ursaluna|Vacuum Wave|p2a: Glimmora\n|-damage|p2a: Glimmora|0 fnt\n|faint|p2a: Glimmora\n|\n|-damage|p1a: Ursaluna|74/100 psn|[from] psn\n|upkeep\n|\n|t:|1695180793\n|switch|p2a: Thundurus|Thundurus-Therian, M|100/100\n|turn|3\n|\n|t:|1695180796\n|move|p2a: Thundurus|Protect|p2a: Thundurus\n|-singleturn|p2a: Thundurus|Protect\n|move|p1a: Ursaluna|Blood Moon|p2a: Thundurus\n|-activate|p2a: Thundurus|move: Protect\n|\n|-damage|p1a: Ursaluna|61/100 psn|[from] psn\n|upkeep\n|turn|4\n|\n|t:|1695180799\n|move|p2a: Thundurus|Nasty Plot|p2a: Thundurus\n|-boost|p2a: Thundurus|spa|2\n|move|p1a: Ursaluna|Calm Mind|p1a: Ursaluna\n|-boost|p1a: Ursaluna|spa|1\n|-boost|p1a: Ursaluna|spd|1\n|\n|-damage|p1a: Ursaluna|49/100 psn|[from] psn\n|upkeep\n|turn|5\n|\n|t:|1695180803\n|move|p2a: Thundurus|Focus Blast|p1a: Ursaluna\n|-supereffective|p1a: Ursaluna\n|-damage|p1a: Ursaluna|0 fnt\n|faint|p1a: Ursaluna\n|\n|upkeep\n|\n|t:|1695180807\n|switch|p1a: Ninetales|Ninetales, M|100/100\n|-weather|SunnyDay|[from] ability: Drought|[of] p1a: Ninetales\n|turn|6\n|\n|t:|1695180815\n|switch|p1a: Great Tusk|Great Tusk|100/100\n|-activate|p1a: Great Tusk|ability: Protosynthesis\n|-start|p1a: Great Tusk|protosynthesisdef\n|move|p2a: Thundurus|Focus Blast|p1a: Great Tusk\n|-damage|p1a: Great Tusk|0 fnt\n|faint|p1a: Great Tusk\n|-end|p1a: Great Tusk|Protosynthesis|[silent]\n|\n|-weather|SunnyDay|[upkeep]\n|upkeep\n|\n|t:|1695180816\n|switch|p1a: Ogerpon|Ogerpon-Hearthflame, F|100/100\n|-ability|p1a: Ogerpon|Mold Breaker\n|turn|7\n|\n|t:|1695180824\n|move|p2a: Thundurus|Protect|p2a: Thundurus\n|-singleturn|p2a: Thundurus|Protect\n|move|p1a: Ogerpon|Ivy Cudgel|p2a: Thundurus\n|-activate|p2a: Thundurus|move: Protect\n|\n|-weather|SunnyDay|[upkeep]\n|upkeep\n|turn|8\n|\n|t:|1695180829\n|move|p1a: Ogerpon|Ivy Cudgel|p2a: Thundurus\n|-crit|p2a: Thundurus\n|-damage|p2a: Thundurus|0 fnt\n|faint|p2a: Thundurus\n|\n|-weather|SunnyDay|[upkeep]\n|upkeep\n|\n|t:|1695180838\n|switch|p2a: Hatterene|Hatterene, F|100/100\n|turn|9\n|\n|t:|1695180840\n|move|p1a: Ogerpon|Ivy Cudgel|p2a: Hatterene\n|-damage|p2a: Hatterene|0 fnt\n|faint|p2a: Hatterene\n|\n|-weather|SunnyDay|[upkeep]\n|upkeep\n|\n|t:|1695180844\n|switch|p2a: Hoopa|Hoopa-Unbound|100/100\n|turn|10\n|\n|t:|1695180848\n|move|p1a: Ogerpon|Ivy Cudgel|p2a: Hoopa\n|-crit|p2a: Hoopa\n|-damage|p2a: Hoopa|0 fnt\n|faint|p2a: Hoopa\n|\n|-weather|SunnyDay|[upkeep]\n|upkeep\n|\n|t:|1695180853\n|switch|p2a: Pookie Bear|Ursaluna-Bloodmoon, M|100/100\n|turn|11\n|\n|t:|1695180856\n|-terastallize|p2a: Pookie Bear|Fairy\n|move|p1a: Ogerpon|Ivy Cudgel|p2a: Pookie Bear\n|-damage|p2a: Pookie Bear|53/100\n|move|p2a: Pookie Bear|Blood Moon|p1a: Ogerpon\n|-damage|p1a: Ogerpon|22/100\n|\n|-weather|SunnyDay|[upkeep]\n|upkeep\n|turn|12\n|\n|t:|1695180863\n|move|p1a: Ogerpon|Ivy Cudgel|p2a: Pookie Bear\n|-damage|p2a: Pookie Bear|10/100\n|move|p2a: Pookie Bear|Earth Power|p1a: Ogerpon\n|-damage|p1a: Ogerpon|0 fnt\n|faint|p1a: Ogerpon\n|\n|-weather|SunnyDay|[upkeep]\n|upkeep\n|\n|t:|1695180868\n|switch|p1a: Mew|Mew|100/100\n|turn|13\n|\n|t:|1695180870\n|move|p1a: Mew|Imprison|p1a: Mew\n|-start|p1a: Mew|move: Imprison\n|move|p2a: Pookie Bear|Moonlight|p2a: Pookie Bear\n|-heal|p2a: Pookie Bear|77/100\n|\n|-weather|none\n|upkeep\n|turn|14\n|\n|t:|1695180879\n|move|p1a: Mew|Transform|p2a: Pookie Bear\n|-transform|p1a: Mew|p2a: Pookie Bear\n|cant|p2a: Pookie Bear|move: Imprison|Calm Mind\n|\n|upkeep\n|-start|p1a: Mew|typechange|Ground/Normal|[silent]\n|turn|15\n|\n|t:|1695180884\n|switch|p2a: Gholdengo|Gholdengo|100/100\n|move|p1a: Mew|Calm Mind|p1a: Mew\n|-boost|p1a: Mew|spa|1\n|-boost|p1a: Mew|spd|1\n|\n|upkeep\n|turn|16\n|\n|t:|1695180891\n|-terastallize|p1a: Mew|Steel\n|move|p2a: Gholdengo|Make It Rain|p1a: Mew\n|-resisted|p1a: Mew\n|-damage|p1a: Mew|75/100\n|-unboost|p2a: Gholdengo|spa|1\n|move|p1a: Mew|Earth Power|p2a: Gholdengo\n|-supereffective|p2a: Gholdengo\n|-damage|p2a: Gholdengo|0 fnt\n|faint|p2a: Gholdengo\n|\n|-heal|p1a: Mew|81/100|[from] item: Leftovers\n|upkeep\n|\n|t:|1695180895\n|switch|p2a: Pookie Bear|Ursaluna-Bloodmoon, M, tera:Fairy|77/100\n|turn|17\n|-message|d8nny forfeited.\n|\n|win|4war4e\n|raw|4war4e's rating: 1491 &rarr; <strong>1511</strong><br />(+20 for winning)\n|raw|d8nny's rating: 1498 &rarr; <strong>1478</strong><br />(-20 for losing)\n|l|\u2606d8nny\n", "uploadtime": 1695180903, "views": 1, "p1id": "4war4e", "p2id": "d8nny", "formatid": "gen9ou", "rating": 1478, "private": 0, "password": ""}