{"id": "gen9ou-1947617239", "p1": "XiBoBo", "p2": "Find a udjf", "format": "gen9ou", "log": "|j|\u2606XiBoBo\n|j|\u2606Find a udjf\n|t:|1695178336\n|gametype|singles\n|player|p1|XiBoBo|pokemaniac|1103\n|player|p2|Find a udjf|102|1115\n|teamsize|p1|6\n|teamsize|p2|6\n|gen|9\n|tier|[Gen 9] OU\n|rated|\n|rule|Sleep Clause Mod: Limit one foe put to sleep\n|rule|Species Clause: Limit one of each Pok\u00e9mon\n|rule|OHKO Clause: OHKO moves are banned\n|rule|Evasion Items Clause: Evasion items are banned\n|rule|Evasion Moves Clause: Evasion moves are banned\n|rule|Endless Battle Clause: Forcing endless battles is banned\n|rule|HP Percentage Mod: HP is shown in percentages\n|clearpoke\n|poke|p1|Pelipper, F|\n|poke|p1|Greninja-*, M|\n|poke|p1|Iron Treads|\n|poke|p1|Azumarill, F|\n|poke|p1|Basculegion, M|\n|poke|p1|Zapdos|\n|poke|p2|Kommo-o, F|\n|poke|p2|Glimmora, F|\n|poke|p2|Ting-Lu|\n|poke|p2|Munkidori, M|\n|poke|p2|Ninetales-Alola, M|\n|poke|p2|Tornadus-Therian, M|\n|teampreview\n|inactive|Battle timer is ON: inactive players will automatically lose when time's up. (requested by XiBoBo)\n|\n|t:|1695178352\n|start\n|switch|p1a: Pelipper|Pelipper, F|100/100\n|switch|p2a: Tornadus|Tornadus-Therian, M|100/100\n|-weather|RainDance|[from] ability: Drizzle|[of] p1a: Pelipper\n|turn|1\n|\n|t:|1695178362\n|move|p2a: Tornadus|Tailwind|p2a: Tornadus\n|-sidestart|p2: Find a udjf|move: Tailwind\n|move|p1a: Pelipper|Hurricane|p2a: Tornadus\n|-damage|p2a: Tornadus|67/100\n|\n|-weather|RainDance|[upkeep]\n|upkeep\n|turn|2\n|\n|t:|1695178390\n|switch|p2a: Glimmora|Glimmora, F|100/100\n|move|p1a: Pelipper|Surf|p2a: Glimmora\n|-supereffective|p2a: Glimmora\n|-damage|p2a: Glimmora|24/100\n|\n|-weather|RainDance|[upkeep]\n|-heal|p2a: Glimmora|30/100|[from] item: Leftovers\n|upkeep\n|turn|3\n|\n|t:|1695178402\n|move|p2a: Glimmora|Stealth Rock|p1a: Pelipper\n|-sidestart|p1: XiBoBo|move: Stealth Rock\n|move|p1a: Pelipper|Surf|p2a: Glimmora\n|-supereffective|p2a: Glimmora\n|-damage|p2a: Glimmora|0 fnt\n|faint|p2a: Glimmora\n|\n|-weather|RainDance|[upkeep]\n|upkeep\n|inactive|Find a udjf has 120 seconds left.\n|\n|t:|1695178414\n|switch|p2a: Kommo-o|Kommo-o, F|100/100\n|turn|4\n|inactive|Find a udjf has 120 seconds left.\n|\n|t:|1695178425\n|move|p2a: Kommo-o|Clangorous Soul|p2a: Kommo-o\n|-boost|p2a: Kommo-o|atk|1\n|-boost|p2a: Kommo-o|def|1\n|-boost|p2a: Kommo-o|spa|1\n|-boost|p2a: Kommo-o|spd|1\n|-boost|p2a: Kommo-o|spe|1\n|-damage|p2a: Kommo-o|68/100\n|move|p1a: Pelipper|Hurricane|p2a: Kommo-o\n|-supereffective|p2a: Kommo-o\n|-damage|p2a: Kommo-o|35/100\n|\n|-weather|RainDance|[upkeep]\n|-sideend|p2: Find a udjf|move: Tailwind\n|upkeep\n|turn|5\n|inactive|Find a udjf has 120 seconds left.\n|\n|t:|1695178444\n|-terastallize|p1a: Pelipper|Electric\n|move|p2a: Kommo-o|Dragon Claw|p1a: Pelipper\n|-damage|p1a: Pelipper|53/100\n|move|p1a: Pelipper|Hurricane|p2a: Kommo-o\n|-supereffective|p2a: Kommo-o\n|-damage|p2a: Kommo-o|2/100\n|\n|-weather|RainDance|[upkeep]\n|upkeep\n|turn|6\n|inactive|Find a udjf has 120 seconds left.\n|\n|t:|1695178457\n|move|p2a: Kommo-o|Drain Punch|p1a: Pelipper\n|-damage|p1a: Pelipper|8/100\n|-heal|p2a: Kommo-o|23/100|[from] drain|[of] p1a: Pelipper\n|move|p1a: Pelipper|Surf|p2a: Kommo-o\n|-resisted|p2a: Kommo-o\n|-damage|p2a: Kommo-o|12/100\n|\n|-weather|RainDance|[upkeep]\n|upkeep\n|turn|7\n|inactive|Find a udjf has 120 seconds left.\n|\n|t:|1695178468\n|switch|p1a: Iron Treads|Iron Treads|100/100\n|-enditem|p1a: Iron Treads|Booster Energy\n|-activate|p1a: Iron Treads|ability: Quark Drive|[fromitem]\n|-start|p1a: Iron Treads|quarkdrivespe\n|-damage|p1a: Iron Treads|97/100|[from] Stealth Rock\n|move|p2a: Kommo-o|Drain Punch|p1a: Iron Treads\n|-supereffective|p1a: Iron Treads\n|-damage|p1a: Iron Treads|28/100\n|-heal|p2a: Kommo-o|44/100|[from] drain|[of] p1a: Iron Treads\n|\n|-weather|RainDance|[upkeep]\n|upkeep\n|turn|8\n|inactive|Find a udjf has 120 seconds left.\n|\n|t:|1695178490\n|move|p1a: Iron Treads|Earthquake|p2a: Kommo-o\n|-damage|p2a: Kommo-o|21/100\n|move|p2a: Kommo-o|Drain Punch|p1a: Iron Treads\n|-supereffective|p1a: Iron Treads\n|-damage|p1a: Iron Treads|0 fnt\n|-heal|p2a: Kommo-o|33/100|[from] drain|[of] p1a: Iron Treads\n|faint|p1a: Iron Treads\n|-end|p1a: Iron Treads|Quark Drive|[silent]\n|\n|-weather|none\n|upkeep\n|\n|t:|1695178504\n|switch|p1a: Pelipper|Pelipper, F, tera:Electric|8/100\n|-damage|p1a: Pelipper|0 fnt|[from] Stealth Rock\n|faint|p1a: Pelipper\n|\n|t:|1695178513\n|switch|p1a: Azumarill|Azumarill, F|100/100\n|-damage|p1a: Azumarill|88/100|[from] Stealth Rock\n|turn|9\n|inactive|Find a udjf has 120 seconds left.\n|\n|t:|1695178525\n|move|p2a: Kommo-o|Dragon Claw|p1a: Azumarill\n|-immune|p1a: Azumarill\n|move|p1a: Azumarill|Play Rough|p2a: Kommo-o\n|-supereffective|p2a: Kommo-o\n|-damage|p2a: Kommo-o|0 fnt\n|faint|p2a: Kommo-o\n|\n|upkeep\n|\n|t:|1695178534\n|switch|p2a: Ninetales|Ninetales-Alola, M|100/100\n|-weather|Snow|[from] ability: Snow Warning|[of] p2a: Ninetales\n|turn|10\n|\n|t:|1695178562\n|switch|p1a: Greninja|Greninja, M|100/100\n|-damage|p1a: Greninja|88/100|[from] Stealth Rock\n|move|p2a: Ninetales|Aurora Veil|p2a: Ninetales\n|-sidestart|p2: Find a udjf|move: Aurora Veil\n|\n|-weather|Snow|[upkeep]\n|upkeep\n|turn|11\n|\n|t:|1695178574\n|move|p1a: Greninja|Dark Pulse|p2a: Ninetales\n|-resisted|p2a: Ninetales\n|-damage|p2a: Ninetales|90/100\n|-damage|p1a: Greninja|78/100|[from] item: Life Orb\n|move|p2a: Ninetales|Moonblast|p1a: Greninja\n|-supereffective|p1a: Greninja\n|-damage|p1a: Greninja|0 fnt\n|faint|p1a: Greninja\n|\n|-weather|Snow|[upkeep]\n|upkeep\n|\n|t:|1695178581\n|switch|p1a: Zapdos|Zapdos|100/100\n|-damage|p1a: Zapdos|76/100|[from] Stealth Rock\n|turn|12\n|\n|t:|1695178592\n|move|p1a: Zapdos|Thunder|p2a: Ninetales\n|-damage|p2a: Ninetales|65/100\n|-status|p2a: Ninetales|par\n|move|p2a: Ninetales|Blizzard|p1a: Zapdos\n|-supereffective|p1a: Zapdos\n|-damage|p1a: Zapdos|8/100\n|\n|-weather|Snow|[upkeep]\n|upkeep\n|turn|13\n|\n|t:|1695178603\n|move|p1a: Zapdos|Roost|p1a: Zapdos\n|-heal|p1a: Zapdos|58/100\n|-singleturn|p1a: Zapdos|move: Roost\n|move|p2a: Ninetales|Blizzard|p1a: Zapdos\n|-damage|p1a: Zapdos|24/100\n|\n|-weather|Snow|[upkeep]\n|upkeep\n|turn|14\n|\n|t:|1695178612\n|move|p1a: Zapdos|Roost|p1a: Zapdos\n|-heal|p1a: Zapdos|74/100\n|-singleturn|p1a: Zapdos|move: Roost\n|move|p2a: Ninetales|Blizzard|p1a: Zapdos\n|-crit|p1a: Zapdos\n|-damage|p1a: Zapdos|19/100\n|\n|-weather|none\n|upkeep\n|turn|15\n|\n|t:|1695178622\n|move|p1a: Zapdos|Roost|p1a: Zapdos\n|-heal|p1a: Zapdos|69/100\n|-singleturn|p1a: Zapdos|move: Roost\n|move|p2a: Ninetales|Blizzard|p1a: Zapdos\n|-damage|p1a: Zapdos|33/100\n|\n|upkeep\n|turn|16\n|\n|t:|1695178631\n|move|p1a: Zapdos|Roost|p1a: Zapdos\n|-heal|p1a: Zapdos|83/100\n|-singleturn|p1a: Zapdos|move: Roost\n|move|p2a: Ninetales|Blizzard|p1a: Zapdos\n|-damage|p1a: Zapdos|43/100\n|\n|upkeep\n|turn|17\n|\n|t:|1695178642\n|move|p1a: Zapdos|Roost|p1a: Zapdos\n|-heal|p1a: Zapdos|94/100\n|-singleturn|p1a: Zapdos|move: Roost\n|cant|p2a: Ninetales|par\n|\n|-sideend|p2: Find a udjf|move: Aurora Veil\n|upkeep\n|turn|18\n|\n|t:|1695178651\n|move|p1a: Zapdos|Hurricane|p2a: Ninetales\n|-damage|p2a: Ninetales|19/100 par\n|move|p2a: Ninetales|Blizzard|p1a: Zapdos|[miss]\n|-miss|p2a: Ninetales|p1a: Zapdos\n|\n|upkeep\n|turn|19\n|\n|t:|1695178659\n|move|p1a: Zapdos|Hurricane|p2a: Ninetales\n|-damage|p2a: Ninetales|0 fnt\n|faint|p2a: Ninetales\n|\n|upkeep\n|\n|t:|1695178667\n|switch|p2a: Munkidori|Munkidori, M|100/100\n|turn|20\n|\n|t:|1695178675\n|move|p2a: Munkidori|Psychic|p1a: Zapdos\n|-damage|p1a: Zapdos|24/100\n|-status|p1a: Zapdos|tox|[from] ability: Toxic Chain|[of] p2a: Munkidori\n|-damage|p2a: Munkidori|91/100|[from] item: Life Orb\n|move|p1a: Zapdos|Hurricane|p2a: Munkidori\n|-damage|p2a: Munkidori|30/100\n|-start|p2a: Munkidori|confusion\n|\n|-damage|p1a: Zapdos|18/100 tox|[from] psn\n|upkeep\n|turn|21\n|\n|t:|1695178694\n|-activate|p2a: Munkidori|confusion\n|move|p2a: Munkidori|Psychic|p1a: Zapdos\n|-damage|p1a: Zapdos|0 fnt\n|faint|p1a: Zapdos\n|-damage|p2a: Munkidori|20/100|[from] item: Life Orb\n|\n|upkeep\n|\n|t:|1695178698\n|switch|p1a: Azumarill|Azumarill, F|88/100\n|-damage|p1a: Azumarill|76/100|[from] Stealth Rock\n|turn|22\n|\n|t:|1695178707\n|move|p1a: Azumarill|Aqua Jet|p2a: Munkidori\n|-damage|p2a: Munkidori|0 fnt\n|faint|p2a: Munkidori\n|\n|upkeep\n|\n|t:|1695178713\n|switch|p2a: Tornadus|Tornadus-Therian, M|100/100\n|turn|23\n|\n|t:|1695178723\n|-terastallize|p2a: Tornadus|Grass\n|move|p1a: Azumarill|Aqua Jet|p2a: Tornadus\n|-resisted|p2a: Tornadus\n|-damage|p2a: Tornadus|81/100\n|move|p2a: Tornadus|Tera Blast|p1a: Azumarill\n|-supereffective|p1a: Azumarill\n|-damage|p1a: Azumarill|10/100\n|\n|upkeep\n|turn|24\n|\n|t:|1695178733\n|move|p1a: Azumarill|Aqua Jet|p2a: Tornadus\n|-resisted|p2a: Tornadus\n|-damage|p2a: Tornadus|63/100\n|move|p2a: Tornadus|Tera Blast|p1a: Azumarill\n|-supereffective|p1a: Azumarill\n|-damage|p1a: Azumarill|0 fnt\n|faint|p1a: Azumarill\n|\n|upkeep\n|\n|t:|1695178735\n|switch|p1a: Basculegion|Basculegion, M|100/100\n|-damage|p1a: Basculegion|88/100|[from] Stealth Rock\n|turn|25\n|\n|t:|1695178748\n|move|p1a: Basculegion|Ice Fang|p2a: Tornadus\n|-supereffective|p2a: Tornadus\n|-damage|p2a: Tornadus|2/100\n|move|p2a: Tornadus|Tera Blast|p1a: Basculegion\n|-supereffective|p1a: Basculegion\n|-damage|p1a: Basculegion|23/100\n|\n|upkeep\n|turn|26\n|\n|t:|1695178756\n|move|p1a: Basculegion|Ice Fang|p2a: Tornadus\n|-supereffective|p2a: Tornadus\n|-damage|p2a: Tornadus|0 fnt\n|faint|p2a: Tornadus\n|\n|upkeep\n|\n|t:|1695178761\n|switch|p2a: Ting-Lu|Ting-Lu|100/100\n|-ability|p2a: Ting-Lu|Vessel of Ruin\n|turn|27\n|\n|t:|1695178768\n|move|p1a: Basculegion|Ice Fang|p2a: Ting-Lu\n|-supereffective|p2a: Ting-Lu\n|-damage|p2a: Ting-Lu|66/100\n|move|p2a: Ting-Lu|Throat Chop|p1a: Basculegion\n|-supereffective|p1a: Basculegion\n|-damage|p1a: Basculegion|0 fnt\n|faint|p1a: Basculegion\n|\n|win|Find a udjf\n|raw|XiBoBo's rating: 1103 &rarr; <strong>1079</strong><br />(-24 for losing)\n|raw|Find a udjf's rating: 1115 &rarr; <strong>1139</strong><br />(+24 for winning)\n|l|\u2606XiBoBo\n", "uploadtime": 1695178785, "views": 3, "p1id": "xibobo", "p2id": "findaudjf", "formatid": "gen9ou", "rating": 1079, "private": 0, "password": ""}