{"id": "gen9ou-1947543870", "p1": "Fuego2106", "p2": "FoilFred", "format": "gen9ou", "log": "|j|\u2606Fuego2106\n|j|\u2606FoilFred\n|t:|1695171026\n|gametype|singles\n|player|p1|Fuego2106|266|1322\n|player|p2|FoilFred|gambler|1363\n|teamsize|p1|6\n|teamsize|p2|6\n|gen|9\n|tier|[Gen 9] OU\n|rated|\n|rule|Sleep Clause Mod: Limit one foe put to sleep\n|rule|Species Clause: Limit one of each Pok\u00e9mon\n|rule|OHKO Clause: OHKO moves are banned\n|rule|Evasion Items Clause: Evasion items are banned\n|rule|Evasion Moves Clause: Evasion moves are banned\n|rule|Endless Battle Clause: Forcing endless battles is banned\n|rule|HP Percentage Mod: HP is shown in percentages\n|clearpoke\n|poke|p1|Dipplin, M|\n|poke|p1|Heatran, M|\n|poke|p1|Ting-Lu|\n|poke|p1|Munkidori, M|\n|poke|p1|Toxapex, M|\n|poke|p1|Thundurus-Therian, M|\n|poke|p2|Munkidori, M|\n|poke|p2|Ting-Lu|\n|poke|p2|Dragapult, F|\n|poke|p2|Iron Treads|\n|poke|p2|Dondozo, M|\n|poke|p2|Tornadus-Therian, M|\n|teampreview\n|inactive|Battle timer is ON: inactive players will automatically lose when time's up. (requested by Fuego2106)\n|\n|t:|1695171039\n|start\n|switch|p1a: Munkidori|Munkidori, M|100/100\n|switch|p2a: Munkidori|Munkidori, M|100/100\n|turn|1\n|\n|t:|1695171051\n|switch|p2a: Ting-Lu|Ting-Lu|100/100\n|-ability|p2a: Ting-Lu|Vessel of Ruin\n|move|p1a: Munkidori|Fake Out|p2a: Ting-Lu\n|-damage|p2a: Ting-Lu|97/100\n|-status|p2a: Ting-Lu|tox|[from] ability: Toxic Chain|[of] p1a: Munkidori\n|\n|-heal|p2a: Ting-Lu|100/100 tox|[from] item: Leftovers\n|-damage|p2a: Ting-Lu|94/100 tox|[from] psn\n|upkeep\n|turn|2\n|\n|t:|1695171057\n|move|p1a: Munkidori|U-turn|p2a: Ting-Lu\n|-supereffective|p2a: Ting-Lu\n|-damage|p2a: Ting-Lu|80/100 tox\n|\n|t:|1695171060\n|switch|p1a: Thundurus|Thundurus-Therian, M|100/100|[from] U-turn\n|move|p2a: Ting-Lu|Stealth Rock|p1a: Thundurus\n|-sidestart|p1: Fuego2106|move: Stealth Rock\n|\n|-heal|p2a: Ting-Lu|86/100 tox|[from] item: Leftovers\n|-damage|p2a: Ting-Lu|74/100 tox|[from] psn\n|upkeep\n|turn|3\n|\n|t:|1695171065\n|move|p1a: Thundurus|Focus Blast|p2a: Ting-Lu\n|-supereffective|p2a: Ting-Lu\n|-damage|p2a: Ting-Lu|34/100 tox\n|move|p2a: Ting-Lu|Spikes|p1a: Thundurus\n|-sidestart|p1: Fuego2106|Spikes\n|\n|-heal|p2a: Ting-Lu|40/100 tox|[from] item: Leftovers\n|-damage|p2a: Ting-Lu|22/100 tox|[from] psn\n|upkeep\n|turn|4\n|\n|t:|1695171070\n|switch|p1a: Dipplin|Dipplin, M|100/100\n|-damage|p1a: Dipplin|88/100|[from] Stealth Rock\n|-damage|p1a: Dipplin|76/100|[from] Spikes\n|-ability|p1a: Dipplin|Supersweet Syrup\n|-ability|p1a: Dipplin|Supersweet Syrup|boost\n|-unboost|p2a: Ting-Lu|evasion|1\n|move|p2a: Ting-Lu|Spikes|p1a: Dipplin\n|-sidestart|p1: Fuego2106|Spikes\n|\n|-heal|p2a: Ting-Lu|28/100 tox|[from] item: Leftovers\n|-damage|p2a: Ting-Lu|3/100 tox|[from] psn\n|upkeep\n|turn|5\n|\n|t:|1695171078\n|move|p1a: Dipplin|Dragon Pulse|p2a: Ting-Lu\n|-damage|p2a: Ting-Lu|0 fnt\n|faint|p2a: Ting-Lu\n|\n|upkeep\n|\n|t:|1695171088\n|switch|p2a: Munkidori|Munkidori, M|100/100\n|turn|6\n|\n|t:|1695171092\n|move|p1a: Dipplin|Protect|p1a: Dipplin\n|-singleturn|p1a: Dipplin|Protect\n|move|p2a: Munkidori|U-turn|p1a: Dipplin\n|-activate|p1a: Dipplin|move: Protect\n|\n|upkeep\n|turn|7\n|\n|t:|1695171095\n|move|p2a: Munkidori|Sludge Wave|p1a: Dipplin\n|-supereffective|p1a: Dipplin\n|-damage|p1a: Dipplin|0 fnt\n|faint|p1a: Dipplin\n|\n|upkeep\n|\n|t:|1695171100\n|switch|p1a: Heatran|Heatran, M|100/100\n|-damage|p1a: Heatran|88/100|[from] Stealth Rock\n|-damage|p1a: Heatran|72/100|[from] Spikes\n|turn|8\n|\n|t:|1695171104\n|move|p2a: Munkidori|Focus Blast|p1a: Heatran\n|-supereffective|p1a: Heatran\n|-damage|p1a: Heatran|0 fnt\n|faint|p1a: Heatran\n|\n|upkeep\n|-message|Fuego2106 forfeited.\n|\n|win|FoilFred\n|raw|Fuego2106's rating: 1322 &rarr; <strong>1304</strong><br />(-18 for losing)\n|raw|FoilFred's rating: 1363 &rarr; <strong>1381</strong><br />(+18 for winning)\n|l|\u2606Fuego2106\n", "uploadtime": 1695171117, "views": 2, "p1id": "fuego2106", "p2id": "foilfred", "formatid": "gen9ou", "rating": 1304, "private": 0, "password": ""}