{"id": "gen9ou-1947670899", "p1": "AndromedaPlayz", "p2": "SSSSSSlizardr", "format": "gen9ou", "log": "|j|\u2606AndromedaPlayz\n|j|\u2606SSSSSSlizardr\n|t:|1695184791\n|gametype|singles\n|player|p1|AndromedaPlayz|265|1321\n|player|p2|SSSSSSlizardr|irida|1360\n|teamsize|p1|6\n|teamsize|p2|6\n|gen|9\n|tier|[Gen 9] OU\n|rated|\n|rule|Sleep Clause Mod: Limit one foe put to sleep\n|rule|Species Clause: Limit one of each Pok\u00e9mon\n|rule|OHKO Clause: OHKO moves are banned\n|rule|Evasion Items Clause: Evasion items are banned\n|rule|Evasion Moves Clause: Evasion moves are banned\n|rule|Endless Battle Clause: Forcing endless battles is banned\n|rule|HP Percentage Mod: HP is shown in percentages\n|clearpoke\n|poke|p1|Ogerpon-Hearthflame, F|\n|poke|p1|Fezandipiti, M|\n|poke|p1|Munkidori, M|\n|poke|p1|Okidogi, M|\n|poke|p1|Ursaluna-Bloodmoon, M|\n|poke|p1|Jirachi|\n|poke|p2|Ninetales-Alola, F|\n|poke|p2|Alomomola, M|\n|poke|p2|Cresselia, F|\n|poke|p2|Ursaluna-Bloodmoon, M|\n|poke|p2|Jirachi|\n|poke|p2|Pawmot, F|\n|teampreview\n|inactive|Battle timer is ON: inactive players will automatically lose when time's up. (requested by AndromedaPlayz)\n|\n|t:|1695184801\n|start\n|switch|p1a: Jirachi|Jirachi|100/100\n|switch|p2a: Ursaluna|Ursaluna-Bloodmoon, M|100/100\n|turn|1\n|\n|t:|1695184807\n|move|p1a: Jirachi|Iron Head|p2a: Ursaluna\n|-damage|p2a: Ursaluna|76/100\n|move|p2a: Ursaluna|Earth Power|p1a: Jirachi\n|-supereffective|p1a: Jirachi\n|-damage|p1a: Jirachi|0 fnt\n|faint|p1a: Jirachi\n|\n|upkeep\n|\n|t:|1695184828\n|switch|p1a: Ursaluna|Ursaluna-Bloodmoon, M|100/100\n|turn|2\n|\n|t:|1695184838\n|move|p2a: Ursaluna|Blood Moon|p1a: Ursaluna\n|-damage|p1a: Ursaluna|1/100\n|move|p1a: Ursaluna|Blood Moon|p2a: Ursaluna\n|-damage|p2a: Ursaluna|0 fnt\n|faint|p2a: Ursaluna\n|-damage|p1a: Ursaluna|0 fnt|[from] item: Life Orb\n|faint|p1a: Ursaluna\n|\n|upkeep\n|\n|t:|1695184862\n|switch|p2a: Pawmot|Pawmot, F|100/100\n|switch|p1a: Fezandipiti|Fezandipiti, M|100/100\n|turn|3\n|inactive|SSSSSSlizardr has 120 seconds left.\n|\n|t:|1695184894\n|move|p1a: Fezandipiti|Play Rough|p2a: Pawmot|[miss]\n|-miss|p1a: Fezandipiti|p2a: Pawmot\n|move|p2a: Pawmot|Revival Blessing|p2a: Pawmot\n|-enditem|p2a: Pawmot|Leppa Berry|[eat]\n|-activate|p2a: Pawmot|item: Leppa Berry|Revival Blessing|[consumed]\n|\n|t:|1695184895\n|-heal|p2: Ursaluna|50/100|[from] move: Revival Blessing\n|\n|upkeep\n|turn|4\n|\n|t:|1695184900\n|switch|p2a: Jirachi|Jirachi|100/100\n|move|p1a: Fezandipiti|Play Rough|p2a: Jirachi\n|-resisted|p2a: Jirachi\n|-damage|p2a: Jirachi|85/100\n|\n|upkeep\n|turn|5\n|\n|t:|1695184906\n|switch|p1a: Munkidori|Munkidori, M|100/100\n|move|p2a: Jirachi|Stealth Rock|p1a: Munkidori\n|-sidestart|p1: AndromedaPlayz|move: Stealth Rock\n|\n|upkeep\n|turn|6\n|\n|t:|1695184914\n|move|p1a: Munkidori|Trick|p2a: Jirachi\n|-activate|p1a: Munkidori|move: Trick|[of] p2a: Jirachi\n|-item|p2a: Jirachi|Choice Scarf|[from] move: Trick\n|-item|p1a: Munkidori|Heavy-Duty Boots|[from] move: Trick\n|move|p2a: Jirachi|Wish|p2a: Jirachi\n|\n|upkeep\n|turn|7\n|\n|t:|1695184922\n|switch|p2a: Ursaluna|Ursaluna-Bloodmoon, M|50/100\n|move|p1a: Munkidori|U-turn|p2a: Ursaluna\n|-damage|p2a: Ursaluna|42/100\n|\n|t:|1695184935\n|switch|p1a: Okidogi|Okidogi, M|100/100|[from] U-turn\n|-damage|p1a: Okidogi|94/100|[from] Stealth Rock\n|\n|-heal|p2a: Ursaluna|90/100|[from] move: Wish|[wisher] Jirachi\n|upkeep\n|turn|8\n|\n|t:|1695184954\n|move|p1a: Okidogi|Substitute|p1a: Okidogi\n|-start|p1a: Okidogi|Substitute\n|-damage|p1a: Okidogi|69/100\n|move|p2a: Ursaluna|Earth Power|p1a: Okidogi\n|-supereffective|p1a: Okidogi\n|-end|p1a: Okidogi|Substitute\n|\n|upkeep\n|turn|9\n|\n|t:|1695184962\n|move|p1a: Okidogi|Drain Punch|p2a: Ursaluna\n|-supereffective|p2a: Ursaluna\n|-damage|p2a: Ursaluna|29/100\n|-heal|p1a: Okidogi|100/100|[from] drain|[of] p2a: Ursaluna\n|move|p2a: Ursaluna|Earth Power|p1a: Okidogi\n|-supereffective|p1a: Okidogi\n|-damage|p1a: Okidogi|0 fnt\n|faint|p1a: Okidogi\n|\n|upkeep\n|\n|t:|1695184991\n|switch|p1a: Munkidori|Munkidori, M|100/100\n|turn|10\n|\n|t:|1695184999\n|switch|p2a: Jirachi|Jirachi|85/100\n|move|p1a: Munkidori|Sludge Wave|p2a: Jirachi\n|-immune|p2a: Jirachi\n|\n|upkeep\n|turn|11\n|\n|t:|1695185006\n|move|p2a: Jirachi|Healing Wish|p2a: Jirachi\n|faint|p2a: Jirachi\n|move|p1a: Munkidori|Psyshock|p2: Jirachi|[notarget]\n|-fail|p1a: Munkidori\n|\n|upkeep\n|\n|t:|1695185011\n|switch|p2a: Ursaluna|Ursaluna-Bloodmoon, M|29/100\n|-heal|p2a: Ursaluna|100/100|[from] move: Healing Wish\n|turn|12\n|\n|t:|1695185018\n|move|p1a: Munkidori|Trick|p2a: Ursaluna\n|-activate|p1a: Munkidori|move: Trick|[of] p2a: Ursaluna\n|-item|p2a: Ursaluna|Heavy-Duty Boots|[from] move: Trick\n|-item|p1a: Munkidori|Assault Vest|[from] move: Trick\n|move|p2a: Ursaluna|Earth Power|p1a: Munkidori\n|-supereffective|p1a: Munkidori\n|-crit|p1a: Munkidori\n|-damage|p1a: Munkidori|0 fnt\n|faint|p1a: Munkidori\n|\n|upkeep\n|\n|t:|1695185029\n|switch|p1a: Ogerpon|Ogerpon-Hearthflame, F|100/100\n|-damage|p1a: Ogerpon|76/100|[from] Stealth Rock\n|-ability|p1a: Ogerpon|Mold Breaker\n|turn|13\n|\n|t:|1695185043\n|-terastallize|p2a: Ursaluna|Fighting\n|move|p1a: Ogerpon|Swords Dance|p1a: Ogerpon\n|-boost|p1a: Ogerpon|atk|2\n|move|p2a: Ursaluna|Blood Moon|p1a: Ogerpon\n|-damage|p1a: Ogerpon|0 fnt\n|faint|p1a: Ogerpon\n|\n|upkeep\n|-message|AndromedaPlayz forfeited.\n|\n|win|SSSSSSlizardr\n|raw|AndromedaPlayz's rating: 1321 &rarr; <strong>1303</strong><br />(-18 for losing)\n|raw|SSSSSSlizardr's rating: 1360 &rarr; <strong>1378</strong><br />(+18 for winning)\n|l|\u2606AndromedaPlayz\n", "uploadtime": 1695185054, "views": 3, "p1id": "andromedaplayz", "p2id": "sssssslizardr", "formatid": "gen9ou", "rating": 1303, "private": 0, "password": ""}