{"id": "gen9ou-1947594794", "p1": "vanzman74", "p2": "chnggg", "format": "gen9ou", "log": "|j|\u2606vanzman74\n|j|\u2606chnggg\n|t:|1695176027\n|gametype|singles\n|player|p1|vanzman74|169|1134\n|player|p2|chnggg|cynthia-gen4|1219\n|teamsize|p1|6\n|teamsize|p2|6\n|gen|9\n|tier|[Gen 9] OU\n|rated|\n|rule|Sleep Clause Mod: Limit one foe put to sleep\n|rule|Species Clause: Limit one of each Pok\u00e9mon\n|rule|OHKO Clause: OHKO moves are banned\n|rule|Evasion Items Clause: Evasion items are banned\n|rule|Evasion Moves Clause: Evasion moves are banned\n|rule|Endless Battle Clause: Forcing endless battles is banned\n|rule|HP Percentage Mod: HP is shown in percentages\n|clearpoke\n|poke|p1|Empoleon, F|\n|poke|p1|Clefable, M|\n|poke|p1|Crawdaunt, M|\n|poke|p1|Gholdengo|\n|poke|p1|Great Tusk|\n|poke|p1|Torterra, M|\n|poke|p2|Roaring Moon|\n|poke|p2|Walking Wake|\n|poke|p2|Ninetales, M|\n|poke|p2|Munkidori, M|\n|poke|p2|Ogerpon-Hearthflame, F|\n|poke|p2|Great Tusk|\n|teampreview\n|inactive|Battle timer is ON: inactive players will automatically lose when time's up. (requested by chnggg)\n|\n|t:|1695176052\n|start\n|switch|p1a: Empoleon|Empoleon, F|100/100\n|switch|p2a: Walking Wake|Walking Wake|100/100\n|turn|1\n|\n|t:|1695176057\n|move|p2a: Walking Wake|Draco Meteor|p1a: Empoleon\n|-resisted|p1a: Empoleon\n|-damage|p1a: Empoleon|73/100\n|-unboost|p2a: Walking Wake|spa|2\n|-damage|p2a: Walking Wake|91/100|[from] item: Life Orb\n|move|p1a: Empoleon|Stealth Rock|p2a: Walking Wake\n|-sidestart|p2: chnggg|move: Stealth Rock\n|\n|upkeep\n|turn|2\n|\n|t:|1695176068\n|move|p2a: Walking Wake|Flip Turn|p1a: Empoleon\n|-resisted|p1a: Empoleon\n|-damage|p1a: Empoleon|63/100\n|-damage|p2a: Walking Wake|74/100|[from] item: Rocky Helmet|[of] p1a: Empoleon\n|-damage|p2a: Walking Wake|65/100|[from] item: Life Orb\n|\n|t:|1695176074\n|-end|p2a: Walking Wake|Protosynthesis|[silent]\n|switch|p2a: Ogerpon|Ogerpon-Hearthflame, F, shiny|100/100|[from] Flip Turn\n|-damage|p2a: Ogerpon|76/100|[from] Stealth Rock\n|-ability|p2a: Ogerpon|Mold Breaker\n|move|p1a: Empoleon|Flip Turn|p2a: Ogerpon\n|-damage|p2a: Ogerpon|54/100\n|\n|t:|1695176094\n|switch|p1a: Great Tusk|Great Tusk|100/100|[from] Flip Turn\n|-enditem|p1a: Great Tusk|Booster Energy\n|-activate|p1a: Great Tusk|ability: Protosynthesis|[fromitem]\n|-start|p1a: Great Tusk|protosynthesisatk\n|\n|upkeep\n|turn|3\n|\n|t:|1695176099\n|move|p2a: Ogerpon|Spiky Shield|p2a: Ogerpon\n|-singleturn|p2a: Ogerpon|move: Protect\n|move|p1a: Great Tusk|Rapid Spin|p2a: Ogerpon\n|-activate|p2a: Ogerpon|move: Protect\n|-damage|p1a: Great Tusk|88/100|[from] Spiky Shield|[of] p2a: Ogerpon\n|\n|upkeep\n|turn|4\n|\n|t:|1695176127\n|switch|p2a: Great Tusk|Great Tusk, shiny|100/100\n|-damage|p2a: Great Tusk|98/100|[from] Stealth Rock\n|move|p1a: Great Tusk|Rapid Spin|p2a: Great Tusk\n|-damage|p2a: Great Tusk|80/100\n|-boost|p1a: Great Tusk|spe|1\n|\n|-heal|p2a: Great Tusk|86/100|[from] item: Leftovers\n|upkeep\n|turn|5\n|\n|t:|1695176133\n|move|p1a: Great Tusk|Ice Spinner|p2a: Great Tusk\n|-supereffective|p2a: Great Tusk\n|-damage|p2a: Great Tusk|35/100\n|move|p2a: Great Tusk|Ice Spinner|p1a: Great Tusk\n|-supereffective|p1a: Great Tusk\n|-damage|p1a: Great Tusk|46/100\n|\n|-heal|p2a: Great Tusk|41/100|[from] item: Leftovers\n|upkeep\n|turn|6\n|\n|t:|1695176150\n|move|p1a: Great Tusk|Ice Spinner|p2a: Great Tusk\n|-supereffective|p2a: Great Tusk\n|-damage|p2a: Great Tusk|0 fnt\n|faint|p2a: Great Tusk\n|-end|p2a: Great Tusk|Protosynthesis|[silent]\n|\n|upkeep\n|inactive|chnggg has 120 seconds left.\n|\n|t:|1695176165\n|switch|p2a: Ninetales|Ninetales, M, shiny|100/100\n|-damage|p2a: Ninetales|76/100|[from] Stealth Rock\n|-weather|SunnyDay|[from] ability: Drought|[of] p2a: Ninetales\n|turn|7\n|inactive|chnggg has 120 seconds left.\n|\n|t:|1695176184\n|switch|p2a: Walking Wake|Walking Wake|65/100\n|-damage|p2a: Walking Wake|52/100|[from] Stealth Rock\n|-activate|p2a: Walking Wake|ability: Protosynthesis\n|-start|p2a: Walking Wake|protosynthesisspe\n|move|p1a: Great Tusk|Headlong Rush|p2a: Walking Wake\n|-damage|p2a: Walking Wake|0 fnt\n|-unboost|p1a: Great Tusk|def|1\n|-unboost|p1a: Great Tusk|spd|1\n|faint|p2a: Walking Wake\n|-end|p2a: Walking Wake|Protosynthesis|[silent]\n|\n|-weather|SunnyDay|[upkeep]\n|upkeep\n|\n|t:|1695176191\n|switch|p2a: Roaring Moon|Roaring Moon, shiny|100/100\n|-damage|p2a: Roaring Moon|88/100|[from] Stealth Rock\n|-activate|p2a: Roaring Moon|ability: Protosynthesis\n|-start|p2a: Roaring Moon|protosynthesisspe\n|turn|8\n|inactive|chnggg has 120 seconds left.\n|inactive|vanzman74 has 120 seconds left.\n|\n|t:|1695176224\n|move|p2a: Roaring Moon|Knock Off|p1a: Great Tusk\n|-resisted|p1a: Great Tusk\n|-damage|p1a: Great Tusk|19/100\n|move|p1a: Great Tusk|Close Combat|p2a: Roaring Moon\n|-supereffective|p2a: Roaring Moon\n|-damage|p2a: Roaring Moon|0 fnt\n|-unboost|p1a: Great Tusk|def|1\n|-unboost|p1a: Great Tusk|spd|1\n|faint|p2a: Roaring Moon\n|-end|p2a: Roaring Moon|Protosynthesis|[silent]\n|\n|-weather|SunnyDay|[upkeep]\n|upkeep\n|\n|t:|1695176237\n|switch|p2a: Munkidori|Munkidori, M, shiny|100/100\n|-damage|p2a: Munkidori|88/100|[from] Stealth Rock\n|turn|9\n|inactive|vanzman74 has 120 seconds left.\n|\n|t:|1695176262\n|move|p2a: Munkidori|Psychic|p1a: Great Tusk\n|-supereffective|p1a: Great Tusk\n|-damage|p1a: Great Tusk|0 fnt\n|faint|p1a: Great Tusk\n|-end|p1a: Great Tusk|Protosynthesis|[silent]\n|\n|-weather|SunnyDay|[upkeep]\n|upkeep\n|\n|t:|1695176266\n|switch|p1a: Crawdaunt|Crawdaunt, M|100/100\n|turn|10\n|inactive|chnggg has 120 seconds left.\n|\n|t:|1695176271\n|switch|p2a: Ninetales|Ninetales, M, shiny|76/100\n|-damage|p2a: Ninetales|51/100|[from] Stealth Rock\n|move|p1a: Crawdaunt|Dragon Dance|p1a: Crawdaunt\n|-boost|p1a: Crawdaunt|atk|1\n|-boost|p1a: Crawdaunt|spe|1\n|\n|-weather|SunnyDay|[upkeep]\n|upkeep\n|turn|11\n|inactive|chnggg has 120 seconds left.\n|\n|t:|1695176284\n|-terastallize|p2a: Ninetales|Grass\n|move|p2a: Ninetales|Solar Beam||[still]\n|-prepare|p2a: Ninetales|Solar Beam\n|-anim|p2a: Ninetales|Solar Beam|p1a: Crawdaunt\n|-supereffective|p1a: Crawdaunt\n|-enditem|p1a: Crawdaunt|Focus Sash\n|-damage|p1a: Crawdaunt|1/100\n|move|p1a: Crawdaunt|Dragon Dance|p1a: Crawdaunt\n|-boost|p1a: Crawdaunt|atk|1\n|-boost|p1a: Crawdaunt|spe|1\n|\n|-weather|SunnyDay|[upkeep]\n|upkeep\n|turn|12\n|\n|t:|1695176296\n|move|p1a: Crawdaunt|Knock Off|p2a: Ninetales\n|-damage|p2a: Ninetales|0 fnt\n|-enditem|p2a: Ninetales|Heat Rock|[from] move: Knock Off|[of] p1a: Crawdaunt\n|faint|p2a: Ninetales\n|\n|-weather|SunnyDay|[upkeep]\n|upkeep\n|\n|t:|1695176298\n|switch|p2a: Ogerpon|Ogerpon-Hearthflame, F, shiny|54/100\n|-damage|p2a: Ogerpon|29/100|[from] Stealth Rock\n|-ability|p2a: Ogerpon|Mold Breaker\n|turn|13\n|\n|t:|1695176306\n|move|p2a: Ogerpon|Spiky Shield|p2a: Ogerpon\n|-singleturn|p2a: Ogerpon|move: Protect\n|move|p1a: Crawdaunt|Aqua Jet|p2a: Ogerpon\n|-activate|p2a: Ogerpon|move: Protect\n|-damage|p1a: Crawdaunt|0 fnt|[from] Spiky Shield|[of] p2a: Ogerpon\n|faint|p1a: Crawdaunt\n|\n|-weather|SunnyDay|[upkeep]\n|upkeep\n|\n|t:|1695176313\n|switch|p1a: Empoleon|Empoleon, F|63/100\n|turn|14\n|\n|t:|1695176317\n|move|p2a: Ogerpon|Horn Leech|p1a: Empoleon\n|-damage|p1a: Empoleon|14/100\n|-heal|p2a: Ogerpon|59/100|[from] drain|[of] p1a: Empoleon\n|-damage|p2a: Ogerpon|42/100|[from] item: Rocky Helmet|[of] p1a: Empoleon\n|move|p1a: Empoleon|Flip Turn|p2a: Ogerpon\n|-damage|p2a: Ogerpon|31/100\n|\n|t:|1695176328\n|switch|p1a: Clefable|Clefable, M|100/100|[from] Flip Turn\n|\n|-weather|none\n|upkeep\n|turn|15\n|\n|t:|1695176335\n|move|p2a: Ogerpon|Horn Leech|p1a: Clefable\n|-damage|p1a: Clefable|52/100\n|-heal|p2a: Ogerpon|63/100|[from] drain|[of] p1a: Clefable\n|move|p1a: Clefable|Thunder Wave|p2a: Ogerpon|[miss]\n|-miss|p1a: Clefable|p2a: Ogerpon\n|\n|-heal|p1a: Clefable|58/100|[from] item: Leftovers\n|upkeep\n|turn|16\n|inactive|vanzman74 has 120 seconds left.\n|\n|t:|1695176380\n|move|p2a: Ogerpon|Ivy Cudgel|p1a: Clefable\n|-damage|p1a: Clefable|0 fnt\n|faint|p1a: Clefable\n|\n|upkeep\n|\n|t:|1695176389\n|switch|p1a: Torterra|Torterra, M|100/100\n|turn|17\n|\n|t:|1695176419\n|-terastallize|p1a: Torterra|Water\n|move|p2a: Ogerpon|Horn Leech|p1a: Torterra\n|-supereffective|p1a: Torterra\n|-damage|p1a: Torterra|10/100\n|-heal|p2a: Ogerpon|100/100|[from] drain|[of] p1a: Torterra\n|move|p1a: Torterra|Shell Smash|p1a: Torterra\n|-unboost|p1a: Torterra|def|1\n|-unboost|p1a: Torterra|spd|1\n|-boost|p1a: Torterra|atk|2\n|-boost|p1a: Torterra|spa|2\n|-boost|p1a: Torterra|spe|2\n|\n|upkeep\n|turn|18\n|\n|t:|1695176434\n|move|p2a: Ogerpon|Spiky Shield|p2a: Ogerpon\n|-singleturn|p2a: Ogerpon|move: Protect\n|move|p1a: Torterra|Headlong Rush|p2a: Ogerpon\n|-activate|p2a: Ogerpon|move: Protect\n|-damage|p1a: Torterra|0 fnt|[from] Spiky Shield|[of] p2a: Ogerpon\n|faint|p1a: Torterra\n|\n|upkeep\n|\n|t:|1695176438\n|switch|p1a: Gholdengo|Gholdengo|100/100\n|turn|19\n|\n|t:|1695176441\n|move|p2a: Ogerpon|Ivy Cudgel|p1a: Gholdengo\n|-supereffective|p1a: Gholdengo\n|-damage|p1a: Gholdengo|0 fnt\n|faint|p1a: Gholdengo\n|\n|upkeep\n|-message|vanzman74 forfeited.\n|\n|win|chnggg\n|raw|vanzman74's rating: 1134 &rarr; <strong>1115</strong><br />(-19 for losing)\n|raw|chnggg's rating: 1219 &rarr; <strong>1238</strong><br />(+19 for winning)\n|l|\u2606vanzman74\n", "uploadtime": 1695176450, "views": 3, "p1id": "vanzman74", "p2id": "chnggg", "formatid": "gen9ou", "rating": 1115, "private": 0, "password": ""}