{"id": "gen9ou-1947618258", "p1": "Mops_ausington", "p2": "MasterHand", "format": "gen9ou", "log": "|j|\u2606Mops_ausington\n|j|\u2606MasterHand\n|t:|1695178441\n|gametype|singles\n|player|p1|Mops_ausington|blackbelt-gen4|\n|player|p2|MasterHand|volkner|\n|teamsize|p1|6\n|teamsize|p2|6\n|gen|9\n|tier|[Gen 9] OU\n|rule|Sleep Clause Mod: Limit one foe put to sleep\n|rule|Species Clause: Limit one of each Pok\u00e9mon\n|rule|OHKO Clause: OHKO moves are banned\n|rule|Evasion Items Clause: Evasion items are banned\n|rule|Evasion Moves Clause: Evasion moves are banned\n|rule|Endless Battle Clause: Forcing endless battles is banned\n|rule|HP Percentage Mod: HP is shown in percentages\n|clearpoke\n|poke|p1|Ogerpon-Cornerstone, F|\n|poke|p1|Garganacl, F|\n|poke|p1|Glimmora, F|\n|poke|p1|Tyranitar, M|\n|poke|p1|Klawf, F|\n|poke|p1|Drednaw, M|\n|poke|p2|Kommo-o, F|\n|poke|p2|Slowking-Galar, F|\n|poke|p2|Avalugg, M|\n|poke|p2|Dragapult, F|\n|poke|p2|Iron Moth|\n|poke|p2|Cetitan, M|\n|teampreview\n|inactive|Battle timer is ON: inactive players will automatically lose when time's up. (requested by Mops_ausington)\n|inactive|MasterHand has 270 seconds left.\n|inactive|Mops_ausington has 270 seconds left.\n|j| Aceman2798\n|\n|t:|1695178501\n|start\n|switch|p1a: Tyranitar|Tyranitar, M|100/100\n|switch|p2a: Dragapult|Dragapult, F, shiny|100/100\n|-weather|Sandstorm|[from] ability: Sand Stream|[of] p1a: Tyranitar\n|turn|1\n|l| Aceman2798\n|\n|t:|1695178507\n|move|p2a: Dragapult|U-turn|p1a: Tyranitar\n|-supereffective|p1a: Tyranitar\n|-damage|p1a: Tyranitar|38/100\n|\n|t:|1695178515\n|switch|p2a: Avalugg|Avalugg, M|100/100|[from] U-turn\n|move|p1a: Tyranitar|Thunder Wave|p2a: Avalugg\n|-status|p2a: Avalugg|par\n|\n|-weather|Sandstorm|[upkeep]\n|-damage|p2a: Avalugg|94/100 par|[from] Sandstorm\n|upkeep\n|turn|2\n|\n|t:|1695178524\n|switch|p1a: Klawf|Klawf, F|100/100\n|move|p2a: Avalugg|Body Press|p1a: Klawf\n|-supereffective|p1a: Klawf\n|-damage|p1a: Klawf|9/100\n|-ability|p1a: Klawf|Anger Shell|boost\n|-boost|p1a: Klawf|atk|1\n|-boost|p1a: Klawf|spa|1\n|-boost|p1a: Klawf|spe|1\n|-unboost|p1a: Klawf|def|1\n|-unboost|p1a: Klawf|spd|1\n|\n|-weather|Sandstorm|[upkeep]\n|-damage|p2a: Avalugg|88/100 par|[from] Sandstorm\n|upkeep\n|turn|3\n|j| Aceman2798\n|\n|t:|1695178536\n|move|p1a: Klawf|Trailblaze|p2a: Avalugg\n|-damage|p2a: Avalugg|79/100 par\n|-boost|p1a: Klawf|spe|1\n|-damage|p1a: Klawf|0 fnt|[from] item: Rocky Helmet|[of] p2a: Avalugg\n|faint|p1a: Klawf\n|cant|p2a: Avalugg|par\n|\n|-weather|Sandstorm|[upkeep]\n|-damage|p2a: Avalugg|73/100 par|[from] Sandstorm\n|upkeep\n|\n|t:|1695178553\n|switch|p1a: Garganacl|Garganacl, F|100/100\n|turn|4\n|\n|t:|1695178563\n|switch|p2a: Iron Moth|Iron Moth|100/100\n|-enditem|p2a: Iron Moth|Booster Energy\n|-activate|p2a: Iron Moth|ability: Quark Drive|[fromitem]\n|-start|p2a: Iron Moth|quarkdrivespe\n|move|p1a: Garganacl|Iron Defense|p1a: Garganacl\n|-boost|p1a: Garganacl|def|2\n|\n|-weather|Sandstorm|[upkeep]\n|-damage|p2a: Iron Moth|94/100|[from] Sandstorm\n|upkeep\n|turn|5\n|\n|t:|1695178568\n|move|p2a: Iron Moth|Energy Ball|p1a: Garganacl\n|-supereffective|p1a: Garganacl\n|-damage|p1a: Garganacl|74/100\n|move|p1a: Garganacl|Salt Cure|p2a: Iron Moth\n|-supereffective|p2a: Iron Moth\n|-damage|p2a: Iron Moth|49/100\n|-start|p2a: Iron Moth|Salt Cure\n|\n|-weather|Sandstorm|[upkeep]\n|-damage|p2a: Iron Moth|43/100|[from] Sandstorm\n|-heal|p1a: Garganacl|80/100|[from] item: Leftovers\n|-damage|p2a: Iron Moth|30/100|[from] Salt Cure\n|upkeep\n|turn|6\n|\n|t:|1695178579\n|-end|p2a: Iron Moth|Quark Drive|[silent]\n|switch|p2a: Avalugg|Avalugg, M|73/100 par\n|move|p1a: Garganacl|Iron Defense|p1a: Garganacl\n|-boost|p1a: Garganacl|def|2\n|\n|-weather|Sandstorm|[upkeep]\n|-damage|p2a: Avalugg|67/100 par|[from] Sandstorm\n|-heal|p1a: Garganacl|87/100|[from] item: Leftovers\n|upkeep\n|turn|7\n|\n|t:|1695178585\n|move|p1a: Garganacl|Body Press|p2a: Avalugg\n|-supereffective|p2a: Avalugg\n|-damage|p2a: Avalugg|16/100 par\n|-damage|p1a: Garganacl|70/100|[from] item: Rocky Helmet|[of] p2a: Avalugg\n|move|p2a: Avalugg|Recover|p2a: Avalugg\n|-heal|p2a: Avalugg|66/100 par\n|\n|-weather|Sandstorm|[upkeep]\n|-damage|p2a: Avalugg|60/100 par|[from] Sandstorm\n|-heal|p1a: Garganacl|76/100|[from] item: Leftovers\n|upkeep\n|turn|8\n|\n|t:|1695178593\n|move|p1a: Garganacl|Salt Cure|p2a: Avalugg\n|-supereffective|p2a: Avalugg\n|-damage|p2a: Avalugg|49/100 par\n|-start|p2a: Avalugg|Salt Cure\n|move|p2a: Avalugg|Recover|p2a: Avalugg\n|-heal|p2a: Avalugg|99/100 par\n|\n|-weather|none\n|-heal|p1a: Garganacl|82/100|[from] item: Leftovers\n|-damage|p2a: Avalugg|86/100 par|[from] Salt Cure\n|upkeep\n|turn|9\n|\n|t:|1695178603\n|move|p1a: Garganacl|Iron Defense|p1a: Garganacl\n|-boost|p1a: Garganacl|def|2\n|cant|p2a: Avalugg|par\n|\n|-heal|p1a: Garganacl|89/100|[from] item: Leftovers\n|-damage|p2a: Avalugg|74/100 par|[from] Salt Cure\n|upkeep\n|turn|10\n|\n|t:|1695178606\n|move|p1a: Garganacl|Body Press|p2a: Avalugg\n|-supereffective|p2a: Avalugg\n|-damage|p2a: Avalugg|0 fnt\n|-damage|p1a: Garganacl|72/100|[from] item: Rocky Helmet|[of] p2a: Avalugg\n|faint|p2a: Avalugg\n|\n|-heal|p1a: Garganacl|78/100|[from] item: Leftovers\n|upkeep\n|\n|t:|1695178612\n|switch|p2a: Iron Moth|Iron Moth|30/100\n|turn|11\n|\n|t:|1695178615\n|move|p2a: Iron Moth|Energy Ball|p1a: Garganacl\n|-supereffective|p1a: Garganacl\n|-damage|p1a: Garganacl|38/100\n|move|p1a: Garganacl|Salt Cure|p2a: Iron Moth\n|-supereffective|p2a: Iron Moth\n|-damage|p2a: Iron Moth|0 fnt\n|faint|p2a: Iron Moth\n|-end|p2a: Iron Moth|Quark Drive|[silent]\n|\n|-heal|p1a: Garganacl|44/100|[from] item: Leftovers\n|upkeep\n|\n|t:|1695178622\n|switch|p2a: Kommo-o|Kommo-o, F|100/100\n|turn|12\n|\n|t:|1695178626\n|move|p2a: Kommo-o|Substitute|p2a: Kommo-o\n|-start|p2a: Kommo-o|Substitute\n|-damage|p2a: Kommo-o|75/100\n|move|p1a: Garganacl|Recover|p1a: Garganacl\n|-heal|p1a: Garganacl|94/100\n|\n|-heal|p1a: Garganacl|100/100|[from] item: Leftovers\n|upkeep\n|turn|13\n|\n|t:|1695178631\n|move|p2a: Kommo-o|Belly Drum|p2a: Kommo-o\n|-damage|p2a: Kommo-o|25/100\n|-setboost|p2a: Kommo-o|atk|6|[from] move: Belly Drum\n|-enditem|p2a: Kommo-o|Salac Berry|[eat]\n|-boost|p2a: Kommo-o|spe|1|[from] item: Salac Berry\n|move|p1a: Garganacl|Body Press|p2a: Kommo-o\n|-end|p2a: Kommo-o|Substitute\n|\n|upkeep\n|turn|14\n|\n|t:|1695178634\n|move|p2a: Kommo-o|Drain Punch|p1a: Garganacl\n|-supereffective|p1a: Garganacl\n|-damage|p1a: Garganacl|56/100\n|-heal|p2a: Kommo-o|56/100|[from] drain|[of] p1a: Garganacl\n|move|p1a: Garganacl|Body Press|p2a: Kommo-o\n|-damage|p2a: Kommo-o|0 fnt\n|faint|p2a: Kommo-o\n|\n|-heal|p1a: Garganacl|62/100|[from] item: Leftovers\n|upkeep\n|\n|t:|1695178646\n|switch|p2a: Cetitan|Cetitan, M|100/100\n|turn|15\n|\n|t:|1695178653\n|-terastallize|p2a: Cetitan|Ghost\n|move|p2a: Cetitan|Belly Drum|p2a: Cetitan\n|-damage|p2a: Cetitan|51/100\n|-setboost|p2a: Cetitan|atk|6|[from] move: Belly Drum\n|move|p1a: Garganacl|Body Press|p2a: Cetitan\n|-immune|p2a: Cetitan\n|\n|-heal|p1a: Garganacl|68/100|[from] item: Leftovers\n|upkeep\n|turn|16\n|\n|t:|1695178657\n|move|p2a: Cetitan|Earthquake|p1a: Garganacl\n|-supereffective|p1a: Garganacl\n|-damage|p1a: Garganacl|22/100\n|move|p1a: Garganacl|Salt Cure|p2a: Cetitan\n|-damage|p2a: Cetitan|36/100\n|-start|p2a: Cetitan|Salt Cure\n|\n|-heal|p1a: Garganacl|28/100|[from] item: Leftovers\n|-damage|p2a: Cetitan|23/100|[from] Salt Cure\n|upkeep\n|turn|17\n|\n|t:|1695178664\n|move|p2a: Cetitan|Earthquake|p1a: Garganacl\n|-supereffective|p1a: Garganacl\n|-damage|p1a: Garganacl|0 fnt\n|faint|p1a: Garganacl\n|\n|-damage|p2a: Cetitan|11/100|[from] Salt Cure\n|upkeep\n|\n|t:|1695178669\n|switch|p1a: Tyranitar|Tyranitar, M|38/100\n|-weather|Sandstorm|[from] ability: Sand Stream|[of] p1a: Tyranitar\n|turn|18\n|\n|t:|1695178674\n|move|p2a: Cetitan|Knock Off|p1a: Tyranitar\n|-resisted|p1a: Tyranitar\n|-damage|p1a: Tyranitar|0 fnt\n|-enditem|p1a: Tyranitar|Smooth Rock|[from] move: Knock Off|[of] p2a: Cetitan\n|faint|p1a: Tyranitar\n|\n|-weather|Sandstorm|[upkeep]\n|-damage|p2a: Cetitan|4/100|[from] Sandstorm\n|-damage|p2a: Cetitan|0 fnt|[from] Salt Cure\n|faint|p2a: Cetitan\n|upkeep\n|\n|t:|1695178679\n|switch|p2a: Slowking|Slowking-Galar, F, shiny|100/100\n|switch|p1a: Glimmora|Glimmora, F|100/100\n|turn|19\n|\n|t:|1695178688\n|move|p1a: Glimmora|Earth Power|p2a: Slowking\n|-supereffective|p2a: Slowking\n|-damage|p2a: Slowking|60/100\n|move|p2a: Slowking|Future Sight|p1a: Glimmora\n|-start|p2a: Slowking|move: Future Sight\n|\n|-weather|Sandstorm|[upkeep]\n|-damage|p2a: Slowking|54/100|[from] Sandstorm\n|upkeep\n|turn|20\n|\n|t:|1695178692\n|move|p1a: Glimmora|Earth Power|p2a: Slowking\n|-supereffective|p2a: Slowking\n|-damage|p2a: Slowking|15/100\n|move|p2a: Slowking|Yawn|p1a: Glimmora\n|-start|p1a: Glimmora|move: Yawn|[of] p2a: Slowking\n|\n|-weather|Sandstorm|[upkeep]\n|-damage|p2a: Slowking|9/100|[from] Sandstorm\n|upkeep\n|turn|21\n|\n|t:|1695178696\n|move|p1a: Glimmora|Earth Power|p2a: Slowking\n|-supereffective|p2a: Slowking\n|-damage|p2a: Slowking|0 fnt\n|faint|p2a: Slowking\n|\n|-weather|Sandstorm|[upkeep]\n|-end|p1a: Glimmora|move: Future Sight\n|-supereffective|p1a: Glimmora\n|-damage|p1a: Glimmora|24/100\n|-end|p1a: Glimmora|move: Yawn|[silent]\n|-status|p1a: Glimmora|slp\n|upkeep\n|\n|t:|1695178697\n|switch|p2a: Dragapult|Dragapult, F, shiny|100/100\n|turn|22\n|\n|t:|1695178704\n|cant|p1a: Glimmora|slp\n|move|p2a: Dragapult|Dragon Darts|p1a: Glimmora\n|-crit|p1a: Glimmora\n|-damage|p1a: Glimmora|0 fnt\n|-activate|p1a: Glimmora|ability: Toxic Debris\n|-sidestart|p2: MasterHand|move: Toxic Spikes\n|faint|p1a: Glimmora\n|\n|-weather|Sandstorm|[upkeep]\n|-damage|p2a: Dragapult|95/100|[from] Sandstorm\n|upkeep\n|\n|t:|1695178705\n|switch|p1a: Drednaw|Drednaw, M|100/100\n|turn|23\n|\n|t:|1695178708\n|-terastallize|p1a: Drednaw|Grass\n|move|p2a: Dragapult|Dragon Darts|p1a: Drednaw\n|-damage|p1a: Drednaw|51/100\n|-anim|p2a: Dragapult|Dragon Darts|p1a: Drednaw\n|-damage|p1a: Drednaw|0 fnt\n|faint|p1a: Drednaw\n|\n|-weather|Sandstorm|[upkeep]\n|-damage|p2a: Dragapult|89/100|[from] Sandstorm\n|upkeep\n|\n|t:|1695178711\n|switch|p1a: Ogerpon|Ogerpon-Cornerstone, F|100/100\n|turn|24\n|\n|t:|1695178714\n|move|p2a: Dragapult|Dragon Darts|p1a: Ogerpon\n|-damage|p1a: Ogerpon|49/100\n|-anim|p2a: Dragapult|Dragon Darts|p1a: Ogerpon\n|-damage|p1a: Ogerpon|0 fnt\n|faint|p1a: Ogerpon\n|\n|win|MasterHand\n|c|\u2606MasterHand|Ggwp\n", "uploadtime": 1695178725, "views": 4, "p1id": "mopsausington", "p2id": "masterhand", "formatid": "gen9ou", "rating": 0, "private": 0, "password": ""}