{"id": "gen9ou-1947675152", "p1": "Cubielubie", "p2": "Serp IV", "format": "gen9ou", "log": "|j|\u203dCubielubie\n|j|\u2606Serp IV\n|t:|1695185386\n|gametype|singles\n|player|p1|Cubielubie|265|1520\n|player|p2|Serp IV|rosa|1628\n|teamsize|p1|6\n|teamsize|p2|6\n|gen|9\n|tier|[Gen 9] OU\n|rated|\n|rule|Sleep Clause Mod: Limit one foe put to sleep\n|rule|Species Clause: Limit one of each Pok\u00e9mon\n|rule|OHKO Clause: OHKO moves are banned\n|rule|Evasion Items Clause: Evasion items are banned\n|rule|Evasion Moves Clause: Evasion moves are banned\n|rule|Endless Battle Clause: Forcing endless battles is banned\n|rule|HP Percentage Mod: HP is shown in percentages\n|clearpoke\n|poke|p1|Manaphy|\n|poke|p1|Ninetales-Alola, F|\n|poke|p1|Azelf|\n|poke|p1|Kommo-o, M|\n|poke|p1|Tyranitar, M|\n|poke|p1|Iron Treads|\n|poke|p2|Torkoal, F|\n|poke|p2|Ogerpon-Hearthflame, F|\n|poke|p2|Roaring Moon|\n|poke|p2|Walking Wake|\n|poke|p2|Hatterene, F|\n|poke|p2|Great Tusk|\n|teampreview\n|\n|t:|1695185398\n|start\n|switch|p1a: Azelf|Azelf, shiny|100/100\n|switch|p2a: Roaring Moon|Roaring Moon|100/100\n|turn|1\n|\n|t:|1695185406\n|move|p2a: Roaring Moon|U-turn|p1a: Azelf\n|-supereffective|p1a: Azelf\n|-damage|p1a: Azelf|12/100\n|\n|t:|1695185408\n|-end|p2a: Roaring Moon|Protosynthesis|[silent]\n|switch|p2a: Hatterene|Hatterene, F|100/100|[from] U-turn\n|move|p1a: Azelf|Knock Off|p2a: Hatterene\n|-damage|p2a: Hatterene|73/100\n|-enditem|p2a: Hatterene|Eject Button|[from] move: Knock Off|[of] p1a: Azelf\n|\n|upkeep\n|turn|2\n|j| Sinnoh Souls\n|inactive|Battle timer is ON: inactive players will automatically lose when time's up. (requested by Serp IV)\n|l| Sinnoh Souls\n|\n|t:|1695185445\n|move|p1a: Azelf|Explosion|p2a: Hatterene\n|-damage|p2a: Hatterene|0 fnt\n|faint|p1a: Azelf\n|faint|p2a: Hatterene\n|\n|upkeep\n|\n|t:|1695185454\n|switch|p1a: Iron Treads|Iron Treads|100/100\n|switch|p2a: Torkoal|Torkoal, F|100/100\n|-weather|SunnyDay|[from] ability: Drought|[of] p2a: Torkoal\n|turn|3\n|\n|t:|1695185457\n|switch|p2a: Great Tusk|Great Tusk|100/100\n|-activate|p2a: Great Tusk|ability: Protosynthesis\n|-start|p2a: Great Tusk|protosynthesisspe\n|move|p1a: Iron Treads|Earthquake|p2a: Great Tusk\n|-damage|p2a: Great Tusk|73/100\n|\n|-weather|SunnyDay|[upkeep]\n|-heal|p2a: Great Tusk|79/100|[from] item: Leftovers\n|upkeep\n|turn|4\n|\n|t:|1695185462\n|-end|p1a: Iron Treads|Quark Drive|[silent]\n|switch|p1a: Ninetales|Ninetales-Alola, F, shiny|100/100\n|-weather|Snow|[from] ability: Snow Warning|[of] p1a: Ninetales\n|-end|p2a: Great Tusk|Protosynthesis\n|move|p2a: Great Tusk|Bulk Up|p2a: Great Tusk\n|-boost|p2a: Great Tusk|atk|1\n|-boost|p2a: Great Tusk|def|1\n|\n|-weather|Snow|[upkeep]\n|-heal|p2a: Great Tusk|85/100|[from] item: Leftovers\n|upkeep\n|turn|5\n|\n|t:|1695185466\n|-end|p2a: Great Tusk|Protosynthesis|[silent]\n|switch|p2a: Torkoal|Torkoal, F|100/100\n|-weather|SunnyDay|[from] ability: Drought|[of] p2a: Torkoal\n|move|p1a: Ninetales|Aurora Veil||[still]\n|-fail|p1a: Ninetales\n|\n|-weather|SunnyDay|[upkeep]\n|upkeep\n|turn|6\n|\n|t:|1695185470\n|switch|p1a: Tyranitar|Tyranitar, M, shiny|100/100\n|-weather|Sandstorm|[from] ability: Sand Stream|[of] p1a: Tyranitar\n|switch|p2a: Walking Wake|Walking Wake|100/100\n|\n|-weather|Sandstorm|[upkeep]\n|-damage|p2a: Walking Wake|94/100|[from] Sandstorm\n|upkeep\n|turn|7\n|\n|t:|1695185476\n|switch|p1a: Ninetales|Ninetales-Alola, F, shiny|100/100\n|-weather|Snow|[from] ability: Snow Warning|[of] p1a: Ninetales\n|move|p2a: Walking Wake|Hydro Steam|p1a: Ninetales\n|-damage|p1a: Ninetales|46/100\n|\n|-weather|Snow|[upkeep]\n|upkeep\n|turn|8\n|\n|t:|1695185481\n|switch|p1a: Kommo-o|Kommo-o, M|100/100\n|-end|p2a: Walking Wake|Protosynthesis|[silent]\n|switch|p2a: Torkoal|Torkoal, F|100/100\n|-weather|SunnyDay|[from] ability: Drought|[of] p2a: Torkoal\n|\n|-weather|SunnyDay|[upkeep]\n|upkeep\n|turn|9\n|\n|t:|1695185488\n|move|p1a: Kommo-o|Substitute|p1a: Kommo-o\n|-start|p1a: Kommo-o|Substitute\n|-damage|p1a: Kommo-o|75/100\n|move|p2a: Torkoal|Yawn||[still]\n|-fail|p2a: Torkoal\n|\n|-weather|SunnyDay|[upkeep]\n|upkeep\n|turn|10\n|\n|t:|1695185505\n|switch|p2a: Great Tusk|Great Tusk|85/100\n|-activate|p2a: Great Tusk|ability: Protosynthesis\n|-start|p2a: Great Tusk|protosynthesisspe\n|move|p1a: Kommo-o|Belly Drum|p1a: Kommo-o\n|-damage|p1a: Kommo-o|25/100\n|-setboost|p1a: Kommo-o|atk|6|[from] move: Belly Drum\n|-enditem|p1a: Kommo-o|Salac Berry|[eat]\n|-boost|p1a: Kommo-o|spe|1|[from] item: Salac Berry\n|\n|-weather|SunnyDay|[upkeep]\n|-heal|p2a: Great Tusk|92/100|[from] item: Leftovers\n|upkeep\n|turn|11\n|\n|t:|1695185513\n|move|p2a: Great Tusk|Rapid Spin|p1a: Kommo-o\n|-activate|p1a: Kommo-o|move: Substitute|[damage]\n|-boost|p2a: Great Tusk|spe|1\n|move|p1a: Kommo-o|Drain Punch|p2a: Great Tusk\n|-damage|p2a: Great Tusk|8/100\n|-heal|p1a: Kommo-o|88/100|[from] drain|[of] p2a: Great Tusk\n|\n|-weather|SunnyDay|[upkeep]\n|-heal|p2a: Great Tusk|14/100|[from] item: Leftovers\n|upkeep\n|turn|12\n|\n|t:|1695185528\n|move|p2a: Great Tusk|Ice Spinner|p1a: Kommo-o\n|-supereffective|p1a: Kommo-o\n|-end|p1a: Kommo-o|Substitute\n|move|p1a: Kommo-o|Drain Punch|p2a: Great Tusk\n|-damage|p2a: Great Tusk|0 fnt\n|-heal|p1a: Kommo-o|98/100|[from] drain|[of] p2a: Great Tusk\n|faint|p2a: Great Tusk\n|-end|p2a: Great Tusk|Protosynthesis|[silent]\n|\n|-weather|SunnyDay|[upkeep]\n|upkeep\n|\n|t:|1695185532\n|switch|p2a: Roaring Moon|Roaring Moon|100/100\n|-activate|p2a: Roaring Moon|ability: Protosynthesis\n|-start|p2a: Roaring Moon|protosynthesisspe\n|turn|13\n|\n|t:|1695185538\n|-terastallize|p1a: Kommo-o|Steel\n|move|p2a: Roaring Moon|U-turn|p1a: Kommo-o\n|-resisted|p1a: Kommo-o\n|-damage|p1a: Kommo-o|85/100\n|\n|t:|1695185542\n|-end|p2a: Roaring Moon|Protosynthesis|[silent]\n|switch|p2a: Ogerpon|Ogerpon-Hearthflame, F|100/100|[from] U-turn\n|-ability|p2a: Ogerpon|Mold Breaker\n|move|p1a: Kommo-o|Thunder Punch|p2a: Ogerpon\n|-resisted|p2a: Ogerpon\n|-damage|p2a: Ogerpon|41/100\n|\n|-weather|SunnyDay|[upkeep]\n|upkeep\n|turn|14\n|-message|Serp IV forfeited.\n|\n|win|Cubielubie\n|raw|Cubielubie's rating: 1520 &rarr; <strong>1546</strong><br />(+26 for winning)\n|raw|Serp IV's rating: 1628 &rarr; <strong>1602</strong><br />(-26 for losing)\n|l|\u2606Serp IV\n", "uploadtime": 1695185667, "views": 4, "p1id": "cubielubie", "p2id": "serpiv", "formatid": "gen9ou", "rating": 1546, "private": 0, "password": ""}