{"id": "gen9ou-1947680752", "p1": "Supraxd", "p2": "wavydavie", "format": "gen9ou", "log": "|j|\u2606Supraxd\n|j|\u2606wavydavie\n|t:|1695186167\n|gametype|singles\n|player|p1|Supraxd|steven|1308\n|player|p2|wavydavie|170|1375\n|teamsize|p1|6\n|teamsize|p2|6\n|gen|9\n|tier|[Gen 9] OU\n|rated|\n|rule|Sleep Clause Mod: Limit one foe put to sleep\n|rule|Species Clause: Limit one of each Pok\u00e9mon\n|rule|OHKO Clause: OHKO moves are banned\n|rule|Evasion Items Clause: Evasion items are banned\n|rule|Evasion Moves Clause: Evasion moves are banned\n|rule|Endless Battle Clause: Forcing endless battles is banned\n|rule|HP Percentage Mod: HP is shown in percentages\n|clearpoke\n|poke|p1|Volbeat, M|\n|poke|p1|Cramorant, F|\n|poke|p1|Garchomp, M|\n|poke|p1|Iron Moth|\n|poke|p1|Ninetales-Alola, M|\n|poke|p1|Kommo-o, M|\n|poke|p2|Tornadus-Therian, M|\n|poke|p2|Cinderace, M|\n|poke|p2|Empoleon, F|\n|poke|p2|Garganacl, M|\n|poke|p2|Kingambit, M|\n|poke|p2|Zapdos|\n|teampreview\n|\n|t:|1695186207\n|start\n|switch|p1a: Volbeat|Volbeat, M|100/100\n|switch|p2a: Garganacl|Garganacl, M|100/100\n|turn|1\n|\n|t:|1695186223\n|move|p2a: Garganacl|Body Press|p1a: Volbeat\n|-resisted|p1a: Volbeat\n|-damage|p1a: Volbeat|89/100\n|move|p1a: Volbeat|U-turn|p2a: Garganacl\n|-damage|p2a: Garganacl|89/100\n|\n|t:|1695186259\n|switch|p1a: Cramorant|Cramorant, F|100/100|[from] U-turn\n|\n|-heal|p2a: Garganacl|96/100|[from] item: Leftovers\n|upkeep\n|turn|2\n|\n|t:|1695186270\n|switch|p2a: Zapdos|Zapdos|100/100\n|move|p1a: Cramorant|Surf|p2a: Zapdos\n|-formechange|p1a: Cramorant|Cramorant-Gulping|\n|-damage|p2a: Zapdos|73/100\n|\n|upkeep\n|turn|3\n|\n|t:|1695186279\n|-terastallize|p1a: Cramorant|Ground\n|move|p2a: Zapdos|U-turn|p1a: Cramorant\n|-damage|p1a: Cramorant|86/100\n|-damage|p2a: Zapdos|56/100|[from] item: Rocky Helmet|[of] p1a: Cramorant\n|-damage|p2a: Zapdos|31/100|[from] ability: Gulp Missile|[of] p1a: Cramorant\n|-unboost|p2a: Zapdos|def|1\n|-formechange|p1a: Cramorant|Cramorant|\n|\n|t:|1695186290\n|switch|p2a: Tornadus|Tornadus-Therian, M|100/100|[from] U-turn\n|move|p1a: Cramorant|Surf|p2a: Tornadus\n|-formechange|p1a: Cramorant|Cramorant-Gulping|\n|-damage|p2a: Tornadus|87/100\n|\n|upkeep\n|turn|4\n|\n|t:|1695186297\n|move|p2a: Tornadus|Knock Off|p1a: Cramorant\n|-crit|p1a: Cramorant\n|-damage|p1a: Cramorant|53/100\n|-damage|p2a: Tornadus|71/100|[from] item: Rocky Helmet|[of] p1a: Cramorant\n|-damage|p2a: Tornadus|46/100|[from] ability: Gulp Missile|[of] p1a: Cramorant\n|-unboost|p2a: Tornadus|def|1\n|-formechange|p1a: Cramorant|Cramorant|\n|-enditem|p1a: Cramorant|Rocky Helmet|[from] move: Knock Off|[of] p2a: Tornadus\n|move|p1a: Cramorant|Surf|p2a: Tornadus\n|-formechange|p1a: Cramorant|Cramorant-Gulping|\n|-damage|p2a: Tornadus|33/100\n|\n|upkeep\n|turn|5\n|\n|t:|1695186316\n|switch|p2a: Empoleon|Empoleon, F, shiny|100/100\n|move|p1a: Cramorant|Roost|p1a: Cramorant\n|-heal|p1a: Cramorant|100/100\n|\n|upkeep\n|turn|6\n|\n|t:|1695186323\n|move|p1a: Cramorant|Hurricane|p2a: Empoleon\n|-resisted|p2a: Empoleon\n|-damage|p2a: Empoleon|86/100\n|move|p2a: Empoleon|Stealth Rock|p1a: Cramorant\n|-sidestart|p1: Supraxd|move: Stealth Rock\n|\n|-heal|p2a: Empoleon|92/100|[from] item: Leftovers\n|upkeep\n|turn|7\n|\n|t:|1695186328\n|move|p1a: Cramorant|Defog|p2a: Empoleon\n|-unboost|p2a: Empoleon|evasion|1\n|-sideend|p1: Supraxd|Stealth Rock|[from] move: Defog|[of] p1a: Cramorant\n|move|p2a: Empoleon|Surf|p1a: Cramorant\n|-supereffective|p1a: Cramorant\n|-damage|p1a: Cramorant|1/100\n|-damage|p2a: Empoleon|67/100|[from] ability: Gulp Missile|[of] p1a: Cramorant\n|-unboost|p2a: Empoleon|def|1\n|-formechange|p1a: Cramorant|Cramorant|\n|\n|-heal|p2a: Empoleon|74/100|[from] item: Leftovers\n|upkeep\n|turn|8\n|\n|t:|1695186334\n|move|p1a: Cramorant|Roost|p1a: Cramorant\n|-heal|p1a: Cramorant|51/100\n|move|p2a: Empoleon|Stealth Rock|p1a: Cramorant\n|-sidestart|p1: Supraxd|move: Stealth Rock\n|\n|-heal|p2a: Empoleon|80/100|[from] item: Leftovers\n|upkeep\n|turn|9\n|\n|t:|1695186353\n|switch|p2a: Zapdos|Zapdos|31/100\n|move|p1a: Cramorant|Defog|p2a: Zapdos\n|-unboost|p2a: Zapdos|evasion|1\n|-sideend|p1: Supraxd|Stealth Rock|[from] move: Defog|[of] p1a: Cramorant\n|\n|upkeep\n|turn|10\n|\n|t:|1695186359\n|move|p2a: Zapdos|Roost|p2a: Zapdos\n|-heal|p2a: Zapdos|81/100\n|-singleturn|p2a: Zapdos|move: Roost\n|move|p1a: Cramorant|Surf|p2a: Zapdos\n|-formechange|p1a: Cramorant|Cramorant-Gulping|\n|-crit|p2a: Zapdos\n|-damage|p2a: Zapdos|44/100\n|\n|upkeep\n|turn|11\n|\n|t:|1695186362\n|move|p2a: Zapdos|Roost|p2a: Zapdos\n|-heal|p2a: Zapdos|94/100\n|-singleturn|p2a: Zapdos|move: Roost\n|move|p1a: Cramorant|Surf|p2a: Zapdos\n|-damage|p2a: Zapdos|65/100\n|\n|upkeep\n|turn|12\n|\n|t:|1695186368\n|move|p2a: Zapdos|Roost|p2a: Zapdos\n|-heal|p2a: Zapdos|100/100\n|-singleturn|p2a: Zapdos|move: Roost\n|move|p1a: Cramorant|Roost|p1a: Cramorant\n|-heal|p1a: Cramorant|100/100\n|\n|upkeep\n|turn|13\n|\n|t:|1695186371\n|switch|p2a: Tornadus|Tornadus-Therian, M|67/100\n|move|p1a: Cramorant|Surf|p2a: Tornadus\n|-damage|p2a: Tornadus|53/100\n|\n|upkeep\n|turn|14\n|\n|t:|1695186376\n|switch|p2a: Empoleon|Empoleon, F, shiny|80/100\n|move|p1a: Cramorant|Surf|p2a: Empoleon\n|-resisted|p2a: Empoleon\n|-damage|p2a: Empoleon|68/100\n|\n|-heal|p2a: Empoleon|74/100|[from] item: Leftovers\n|upkeep\n|turn|15\n|\n|t:|1695186382\n|switch|p1a: Volbeat|Volbeat, M|89/100\n|move|p2a: Empoleon|Stealth Rock|p1a: Volbeat\n|-sidestart|p1: Supraxd|move: Stealth Rock\n|\n|-heal|p2a: Empoleon|80/100|[from] item: Leftovers\n|upkeep\n|turn|16\n|\n|t:|1695186387\n|switch|p2a: Garganacl|Garganacl, M|96/100\n|move|p1a: Volbeat|Taunt|p2a: Garganacl\n|-start|p2a: Garganacl|move: Taunt\n|\n|-heal|p2a: Garganacl|100/100|[from] item: Leftovers\n|upkeep\n|turn|17\n|\n|t:|1695186394\n|move|p1a: Volbeat|Thunder Wave|p2a: Garganacl\n|-immune|p2a: Garganacl|[from] ability: Purifying Salt\n|move|p2a: Garganacl|Salt Cure|p1a: Volbeat\n|-supereffective|p1a: Volbeat\n|-damage|p1a: Volbeat|62/100\n|-start|p1a: Volbeat|Salt Cure\n|\n|-damage|p1a: Volbeat|49/100|[from] Salt Cure\n|upkeep\n|turn|18\n|\n|t:|1695186401\n|move|p1a: Volbeat|Trick|p2a: Garganacl\n|-activate|p1a: Volbeat|move: Trick|[of] p2a: Garganacl\n|-item|p2a: Garganacl|Lagging Tail|[from] move: Trick\n|-item|p1a: Volbeat|Leftovers|[from] move: Trick\n|move|p2a: Garganacl|Salt Cure|p1a: Volbeat\n|-supereffective|p1a: Volbeat\n|-damage|p1a: Volbeat|24/100\n|\n|-heal|p1a: Volbeat|30/100|[from] item: Leftovers\n|-damage|p1a: Volbeat|18/100|[from] Salt Cure\n|-end|p2a: Garganacl|move: Taunt\n|upkeep\n|turn|19\n|\n|t:|1695186409\n|move|p1a: Volbeat|U-turn|p2a: Garganacl\n|-damage|p2a: Garganacl|89/100\n|\n|t:|1695186415\n|switch|p1a: Cramorant|Cramorant, F, tera:Ground|100/100|[from] U-turn\n|-damage|p1a: Cramorant|94/100|[from] Stealth Rock\n|move|p2a: Garganacl|Salt Cure|p1a: Cramorant\n|-resisted|p1a: Cramorant\n|-damage|p1a: Cramorant|87/100\n|-start|p1a: Cramorant|Salt Cure\n|\n|-damage|p1a: Cramorant|74/100|[from] Salt Cure\n|upkeep\n|turn|20\n|\n|t:|1695186431\n|move|p1a: Cramorant|Defog|p2a: Garganacl\n|-unboost|p2a: Garganacl|evasion|1\n|-sideend|p1: Supraxd|Stealth Rock|[from] move: Defog|[of] p1a: Cramorant\n|move|p2a: Garganacl|Iron Defense|p2a: Garganacl\n|-boost|p2a: Garganacl|def|2\n|\n|-damage|p1a: Cramorant|62/100|[from] Salt Cure\n|upkeep\n|turn|21\n|\n|t:|1695186444\n|move|p1a: Cramorant|Surf|p2a: Garganacl\n|-formechange|p1a: Cramorant|Cramorant-Gulping|\n|-supereffective|p2a: Garganacl\n|-damage|p2a: Garganacl|51/100\n|move|p2a: Garganacl|Iron Defense|p2a: Garganacl\n|-boost|p2a: Garganacl|def|2\n|\n|-damage|p1a: Cramorant|49/100|[from] Salt Cure\n|upkeep\n|turn|22\n|\n|t:|1695186447\n|move|p1a: Cramorant|Surf|p2a: Garganacl\n|-supereffective|p2a: Garganacl\n|-damage|p2a: Garganacl|16/100\n|move|p2a: Garganacl|Recover|p2a: Garganacl\n|-heal|p2a: Garganacl|66/100\n|\n|-damage|p1a: Cramorant|37/100|[from] Salt Cure\n|upkeep\n|turn|23\n|\n|t:|1695186451\n|move|p1a: Cramorant|Surf|p2a: Garganacl\n|-supereffective|p2a: Garganacl\n|-damage|p2a: Garganacl|32/100\n|move|p2a: Garganacl|Recover|p2a: Garganacl\n|-heal|p2a: Garganacl|82/100\n|\n|-damage|p1a: Cramorant|24/100|[from] Salt Cure\n|upkeep\n|turn|24\n|\n|t:|1695186455\n|move|p1a: Cramorant|Roost|p1a: Cramorant\n|-heal|p1a: Cramorant|74/100\n|move|p2a: Garganacl|Body Press|p1a: Cramorant\n|-damage|p1a: Cramorant|5/100\n|-damage|p2a: Garganacl|57/100|[from] ability: Gulp Missile|[of] p1a: Cramorant\n|-unboost|p2a: Garganacl|def|1\n|-formechange|p1a: Cramorant|Cramorant|\n|\n|-damage|p1a: Cramorant|0 fnt|[from] Salt Cure\n|faint|p1a: Cramorant\n|upkeep\n|\n|t:|1695186464\n|switch|p1a: Kommo-o|Kommo-o, M|100/100\n|turn|25\n|\n|t:|1695186468\n|move|p1a: Kommo-o|Clangorous Soul|p1a: Kommo-o\n|-boost|p1a: Kommo-o|atk|1\n|-boost|p1a: Kommo-o|def|1\n|-boost|p1a: Kommo-o|spa|1\n|-boost|p1a: Kommo-o|spd|1\n|-boost|p1a: Kommo-o|spe|1\n|-damage|p1a: Kommo-o|68/100\n|-enditem|p1a: Kommo-o|Throat Spray\n|-boost|p1a: Kommo-o|spa|1|[from] item: Throat Spray\n|move|p2a: Garganacl|Body Press|p1a: Kommo-o\n|-damage|p1a: Kommo-o|29/100\n|\n|upkeep\n|turn|26\n|\n|t:|1695186473\n|move|p1a: Kommo-o|Clanging Scales|p2a: Garganacl\n|-damage|p2a: Garganacl|0 fnt\n|faint|p2a: Garganacl\n|-unboost|p1a: Kommo-o|def|1\n|\n|upkeep\n|\n|t:|1695186482\n|switch|p2a: Tornadus|Tornadus-Therian, M|86/100\n|turn|27\n|\n|t:|1695186488\n|move|p1a: Kommo-o|Boomburst|p2a: Tornadus\n|-damage|p2a: Tornadus|46/100\n|move|p2a: Tornadus|Hurricane|p1a: Kommo-o|[miss]\n|-miss|p2a: Tornadus|p1a: Kommo-o\n|\n|upkeep\n|turn|28\n|\n|t:|1695186495\n|move|p1a: Kommo-o|Clanging Scales|p2a: Tornadus\n|-damage|p2a: Tornadus|0 fnt\n|faint|p2a: Tornadus\n|-unboost|p1a: Kommo-o|def|1\n|\n|upkeep\n|\n|t:|1695186500\n|switch|p2a: Kingambit|Kingambit, M|100/100\n|-activate|p2a: Kingambit|ability: Supreme Overlord\n|-start|p2a: Kingambit|fallen2|[silent]\n|turn|29\n|\n|t:|1695186506\n|move|p2a: Kingambit|Sucker Punch|p1a: Kommo-o\n|-resisted|p1a: Kommo-o\n|-damage|p1a: Kommo-o|0 fnt\n|faint|p1a: Kommo-o\n|\n|upkeep\n|\n|t:|1695186511\n|switch|p1a: Volbeat|Volbeat, M|18/100\n|turn|30\n|\n|t:|1695186519\n|-end|p2a: Kingambit|fallen2|[silent]\n|switch|p2a: Zapdos|Zapdos|100/100\n|move|p1a: Volbeat|Thunder Wave|p2a: Zapdos\n|-immune|p2a: Zapdos\n|\n|-heal|p1a: Volbeat|24/100|[from] item: Leftovers\n|upkeep\n|turn|31\n|\n|t:|1695186529\n|move|p1a: Volbeat|Taunt|p2a: Zapdos\n|-start|p2a: Zapdos|move: Taunt\n|move|p2a: Zapdos|U-turn|p1a: Volbeat\n|-damage|p1a: Volbeat|11/100\n|\n|t:|1695186535\n|switch|p2a: Empoleon|Empoleon, F, shiny|80/100|[from] U-turn\n|\n|-heal|p1a: Volbeat|17/100|[from] item: Leftovers\n|-heal|p2a: Empoleon|86/100|[from] item: Leftovers\n|upkeep\n|turn|32\n|\n|t:|1695186540\n|switch|p2a: Zapdos|Zapdos|100/100\n|move|p1a: Volbeat|Taunt|p2a: Zapdos\n|-start|p2a: Zapdos|move: Taunt\n|\n|-heal|p1a: Volbeat|23/100|[from] item: Leftovers\n|upkeep\n|turn|33\n|\n|t:|1695186550\n|move|p2a: Zapdos|U-turn|p1a: Volbeat\n|-damage|p1a: Volbeat|10/100\n|\n|t:|1695186553\n|switch|p2a: Empoleon|Empoleon, F, shiny|86/100|[from] U-turn\n|move|p1a: Volbeat|U-turn|p2a: Empoleon\n|-resisted|p2a: Empoleon\n|-damage|p2a: Empoleon|77/100\n|\n|t:|1695186559\n|switch|p1a: Garchomp|Garchomp, M|100/100|[from] U-turn\n|\n|-heal|p2a: Empoleon|84/100|[from] item: Leftovers\n|upkeep\n|turn|34\n|\n|t:|1695186564\n|switch|p2a: Zapdos|Zapdos|100/100\n|move|p1a: Garchomp|Swords Dance|p1a: Garchomp\n|-boost|p1a: Garchomp|atk|2\n|\n|upkeep\n|turn|35\n|\n|t:|1695186574\n|move|p1a: Garchomp|Scale Shot|p2a: Zapdos\n|-damage|p2a: Zapdos|83/100\n|-damage|p2a: Zapdos|64/100\n|-hitcount|p2a: Zapdos|2\n|-unboost|p1a: Garchomp|def|1\n|-boost|p1a: Garchomp|spe|1\n|move|p2a: Zapdos|Hurricane|p1a: Garchomp\n|-damage|p1a: Garchomp|53/100\n|-start|p1a: Garchomp|confusion\n|-enditem|p1a: Garchomp|Lum Berry|[eat]\n|-end|p1a: Garchomp|confusion\n|\n|upkeep\n|turn|36\n|\n|t:|1695186581\n|move|p1a: Garchomp|Scale Shot|p2a: Zapdos|[miss]\n|-miss|p1a: Garchomp|p2a: Zapdos\n|move|p2a: Zapdos|Hurricane|p1a: Garchomp\n|-damage|p1a: Garchomp|9/100\n|\n|upkeep\n|turn|37\n|\n|t:|1695186585\n|move|p1a: Garchomp|Scale Shot|p2a: Zapdos\n|-damage|p2a: Zapdos|46/100\n|-damage|p2a: Zapdos|27/100\n|-damage|p2a: Zapdos|7/100\n|-damage|p2a: Zapdos|0 fnt\n|faint|p2a: Zapdos\n|-hitcount|p2: Zapdos|4\n|-unboost|p1a: Garchomp|def|1\n|-boost|p1a: Garchomp|spe|1\n|\n|upkeep\n|\n|t:|1695186592\n|switch|p2a: Kingambit|Kingambit, M|100/100\n|-activate|p2a: Kingambit|ability: Supreme Overlord\n|-start|p2a: Kingambit|fallen3|[silent]\n|turn|38\n|\n|t:|1695186595\n|move|p2a: Kingambit|Sucker Punch||[still]\n|-fail|p2a: Kingambit\n|move|p1a: Garchomp|Swords Dance|p1a: Garchomp\n|-boost|p1a: Garchomp|atk|2\n|\n|upkeep\n|turn|39\n|\n|t:|1695186599\n|move|p2a: Kingambit|Sucker Punch||[still]\n|-fail|p2a: Kingambit\n|move|p1a: Garchomp|Swords Dance|p1a: Garchomp\n|-boost|p1a: Garchomp|atk|2\n|\n|upkeep\n|turn|40\n|\n|t:|1695186603\n|move|p2a: Kingambit|Sucker Punch||[still]\n|-fail|p2a: Kingambit\n|move|p1a: Garchomp|Swords Dance|p1a: Garchomp\n|-boost|p1a: Garchomp|atk|0\n|\n|upkeep\n|turn|41\n|\n|t:|1695186606\n|move|p1a: Garchomp|Earthquake|p2a: Kingambit\n|-supereffective|p2a: Kingambit\n|-damage|p2a: Kingambit|0 fnt\n|faint|p2a: Kingambit\n|-end|p2a: Kingambit|fallen3|[silent]\n|\n|upkeep\n|\n|t:|1695186610\n|switch|p2a: Cinderace|Cinderace, M|100/100\n|turn|42\n|\n|t:|1695186614\n|move|p1a: Garchomp|Swords Dance|p1a: Garchomp\n|-boost|p1a: Garchomp|atk|0\n|move|p2a: Cinderace|Pyro Ball|p1a: Garchomp|[miss]\n|-miss|p2a: Cinderace|p1a: Garchomp\n|\n|upkeep\n|turn|43\n|c|\u2606wavydavie|?\n|\n|t:|1695186622\n|move|p1a: Garchomp|Earthquake|p2a: Cinderace\n|-supereffective|p2a: Cinderace\n|-damage|p2a: Cinderace|0 fnt\n|faint|p2a: Cinderace\n|\n|upkeep\n|c|\u2606wavydavie|ace won lol\n|-message|wavydavie forfeited.\n|\n|win|Supraxd\n|raw|Supraxd's rating: 1308 &rarr; <strong>1332</strong><br />(+24 for winning)\n|raw|wavydavie's rating: 1375 &rarr; <strong>1351</strong><br />(-24 for losing)\n|l|\u2606wavydavie\n", "uploadtime": 1695186648, "views": 5, "p1id": "supraxd", "p2id": "wavydavie", "formatid": "gen9ou", "rating": 1332, "private": 0, "password": ""}