{"id": "gen9ou-1947573657", "p1": "Cobeens", "p2": "cresssent", "format": "gen9ou", "log": "|j|\u2606Cobeens\n|j|\u2606cresssent\n|t:|1695173897\n|gametype|singles\n|player|p1|Cobeens|102|\n|player|p2|cresssent|265|\n|teamsize|p1|1\n|teamsize|p2|6\n|gen|9\n|tier|[Gen 9] OU\n|rule|Sleep Clause Mod: Limit one foe put to sleep\n|rule|Species Clause: Limit one of each Pok\u00e9mon\n|rule|OHKO Clause: OHKO moves are banned\n|rule|Evasion Items Clause: Evasion items are banned\n|rule|Evasion Moves Clause: Evasion moves are banned\n|rule|Endless Battle Clause: Forcing endless battles is banned\n|rule|HP Percentage Mod: HP is shown in percentages\n|clearpoke\n|poke|p1|Lotad, M|\n|poke|p2|Ceruledge, M|\n|poke|p2|Altaria, F|\n|poke|p2|Meowscarada, F|\n|poke|p2|Garchomp, M|\n|poke|p2|Kingambit, F|\n|poke|p2|Ditto|\n|teampreview\n|\n|t:|1695173922\n|start\n|switch|p1a: Taddicus|Lotad, M, shiny|100/100\n|switch|p2a: emo kid|Ceruledge, M, shiny|100/100\n|turn|1\n|\n|t:|1695173960\n|move|p2a: emo kid|Destiny Bond|p2a: emo kid\n|-singlemove|p2a: emo kid|Destiny Bond\n|move|p1a: Taddicus|Rain Dance|p1a: Taddicus\n|-weather|RainDance\n|\n|-weather|RainDance|[upkeep]\n|upkeep\n|turn|2\n|\n|t:|1695173981\n|move|p1a: Taddicus|Surf|p2a: emo kid\n|-supereffective|p2a: emo kid\n|-damage|p2a: emo kid|38/100\n|move|p2a: emo kid|Clear Smog|p1a: Taddicus\n|-supereffective|p1a: Taddicus\n|-damage|p1a: Taddicus|64/100\n|-clearboost|p1a: Taddicus\n|\n|-weather|RainDance|[upkeep]\n|-heal|p2a: emo kid|44/100|[from] item: Leftovers\n|upkeep\n|turn|3\n|\n|t:|1695174000\n|-terastallize|p1a: Taddicus|Water\n|move|p1a: Taddicus|Surf|p2a: emo kid\n|-supereffective|p2a: emo kid\n|-damage|p2a: emo kid|0 fnt\n|faint|p2a: emo kid\n|\n|-weather|RainDance|[upkeep]\n|upkeep\n|\n|t:|1695174009\n|switch|p2a: imposter|Ditto, shiny|100/100\n|-transform|p2a: imposter|p1a: Taddicus|[from] ability: Imposter\n|-start|p2a: imposter|typechange|Water/Grass|[silent]\n|turn|4\n|\n|t:|1695174018\n|move|p2a: imposter|Ice Beam|p1a: Taddicus\n|-resisted|p1a: Taddicus\n|-damage|p1a: Taddicus|42/100\n|move|p1a: Taddicus|Ice Beam|p2a: imposter\n|-damage|p2a: imposter|67/100\n|\n|-weather|RainDance|[upkeep]\n|-heal|p2a: imposter|73/100|[from] item: Leftovers\n|upkeep\n|turn|5\n|\n|t:|1695174049\n|move|p2a: imposter|Ice Beam|p1a: Taddicus\n|-resisted|p1a: Taddicus\n|-damage|p1a: Taddicus|20/100\n|move|p1a: Taddicus|Ice Beam|p2a: imposter\n|-damage|p2a: imposter|40/100\n|\n|-weather|none\n|-heal|p2a: imposter|46/100|[from] item: Leftovers\n|upkeep\n|turn|6\n|\n|t:|1695174061\n|switch|p2a: Cynthia's revenge|Garchomp, M, shiny|100/100\n|move|p1a: Taddicus|Ice Beam|p2a: Cynthia's revenge\n|-supereffective|p2a: Cynthia's revenge\n|-damage|p2a: Cynthia's revenge|36/100\n|\n|upkeep\n|turn|7\n|\n|t:|1695174072\n|move|p2a: Cynthia's revenge|Protect|p2a: Cynthia's revenge\n|-singleturn|p2a: Cynthia's revenge|Protect\n|move|p1a: Taddicus|Ice Beam|p2a: Cynthia's revenge\n|-activate|p2a: Cynthia's revenge|move: Protect\n|\n|upkeep\n|turn|8\n|\n|t:|1695174081\n|move|p2a: Cynthia's revenge|Earthquake|p1a: Taddicus\n|-damage|p1a: Taddicus|0 fnt\n|faint|p1a: Taddicus\n|\n|win|cresssent\n|l|\u2606cresssent\n", "uploadtime": 1695174510, "views": 8, "p1id": "cobeens", "p2id": "cresssent", "formatid": "gen9ou", "rating": 0, "private": 0, "password": ""}