{"id": "gen9ou-1947588321", "p1": "Gjfdygc", "p2": "DripSlayerOrnstein", "format": "gen9ou", "log": "|j|\u203dGjfdygc\n|j|\u2606DripSlayerOrnstein\n|t:|1695175356\n|gametype|singles\n|player|p1|Gjfdygc|hiker-gen4|1745\n|player|p2|DripSlayerOrnstein|265|1770\n|teamsize|p1|6\n|teamsize|p2|6\n|gen|9\n|tier|[Gen 9] OU\n|rated|\n|rule|Sleep Clause Mod: Limit one foe put to sleep\n|rule|Species Clause: Limit one of each Pok\u00e9mon\n|rule|OHKO Clause: OHKO moves are banned\n|rule|Evasion Items Clause: Evasion items are banned\n|rule|Evasion Moves Clause: Evasion moves are banned\n|rule|Endless Battle Clause: Forcing endless battles is banned\n|rule|HP Percentage Mod: HP is shown in percentages\n|clearpoke\n|poke|p1|Gliscor, F|\n|poke|p1|Clefable, F|\n|poke|p1|Dondozo, F|\n|poke|p1|Tornadus-Therian, M|\n|poke|p1|Toxapex, F|\n|poke|p1|Blissey, F|\n|poke|p2|Sneasler, F|\n|poke|p2|Rotom-Wash|\n|poke|p2|Kingambit, M|\n|poke|p2|Slowking-Galar, M|\n|poke|p2|Landorus-Therian, M|\n|poke|p2|Cinderace, F|\n|teampreview\n|inactive|Battle timer is ON: inactive players will automatically lose when time's up. (requested by Gjfdygc)\n|j| Drew96\n|j| finished&washed\n|j| TKMOZ\n|\n|t:|1695175374\n|start\n|switch|p1a: Gliscor|Gliscor, F|100/100\n|switch|p2a: Sneasler|Sneasler, F|100/100\n|turn|1\n|\n|t:|1695175384\n|move|p1a: Gliscor|Protect|p1a: Gliscor\n|-singleturn|p1a: Gliscor|Protect\n|move|p2a: Sneasler|Switcheroo|p1a: Gliscor\n|-activate|p1a: Gliscor|move: Protect\n|\n|-status|p1a: Gliscor|tox|[from] item: Toxic Orb\n|upkeep\n|turn|2\n|\n|t:|1695175391\n|switch|p2a: Slowking|Slowking-Galar, M|100/100\n|move|p1a: Gliscor|Earthquake|p2a: Slowking\n|-supereffective|p2a: Slowking\n|-damage|p2a: Slowking|44/100\n|\n|upkeep\n|turn|3\n|\n|t:|1695175394\n|switch|p2a: Landorus|Landorus-Therian, M|100/100\n|-ability|p2a: Landorus|Intimidate|boost\n|-unboost|p1a: Gliscor|atk|1\n|move|p1a: Gliscor|Earthquake|p2a: Landorus\n|-immune|p2a: Landorus\n|\n|upkeep\n|turn|4\n|\n|t:|1695175396\n|switch|p2a: Slowking|Slowking-Galar, M|77/100\n|move|p1a: Gliscor|Toxic|p2a: Slowking\n|-immune|p2a: Slowking\n|\n|upkeep\n|turn|5\n|\n|t:|1695175400\n|move|p1a: Gliscor|Spikes|p2a: Slowking\n|-sidestart|p2: DripSlayerOrnstein|Spikes\n|move|p2a: Slowking|Chilly Reception|p2a: Slowking\n|-weather|Snow\n|\n|t:|1695175408\n|switch|p2a: Rotom|Rotom-Wash|100/100|[from] Chilly Reception\n|\n|-weather|Snow|[upkeep]\n|upkeep\n|turn|6\n|\n|t:|1695175414\n|switch|p1a: Toxapex|Toxapex, F|100/100\n|move|p2a: Rotom|Hydro Pump|p1a: Toxapex\n|-resisted|p1a: Toxapex\n|-damage|p1a: Toxapex|88/100\n|\n|-weather|Snow|[upkeep]\n|upkeep\n|turn|7\n|\n|t:|1695175417\n|move|p2a: Rotom|Volt Switch|p1a: Toxapex\n|-supereffective|p1a: Toxapex\n|-damage|p1a: Toxapex|55/100\n|\n|t:|1695175421\n|switch|p2a: Slowking|Slowking-Galar, M|100/100|[from] Volt Switch\n|move|p1a: Toxapex|Infestation|p2a: Slowking\n|-damage|p2a: Slowking|98/100\n|-activate|p2a: Slowking|move: Infestation|[of] p1a: Toxapex\n|\n|-weather|Snow|[upkeep]\n|-damage|p2a: Slowking|86/100|[from] move: Infestation|[partiallytrapped]\n|upkeep\n|turn|8\n|j| Galacticknight404\n|\n|t:|1695175425\n|switch|p1a: Gliscor|Gliscor, F|100/100 tox\n|move|p2a: Slowking|Future Sight|p1a: Gliscor\n|-start|p2a: Slowking|move: Future Sight\n|\n|-weather|Snow|[upkeep]\n|-end|p2a: Slowking|Infestation|[partiallytrapped]|[silent]\n|upkeep\n|turn|9\n|\n|t:|1695175428\n|switch|p1a: Blissey|Blissey, F|100/100\n|move|p2a: Slowking|Chilly Reception|p2a: Slowking\n|\n|t:|1695175434\n|switch|p2a: Cinderace|Cinderace, F|100/100|[from] Chilly Reception\n|\n|-weather|none\n|upkeep\n|turn|10\n|\n|t:|1695175436\n|move|p1a: Blissey|Protect|p1a: Blissey\n|-singleturn|p1a: Blissey|Protect\n|move|p2a: Cinderace|Court Change|p2a: Cinderace\n|-start|p2a: Cinderace|typechange|Normal|[from] ability: Libero\n|-swapsideconditions\n|-activate|p2a: Cinderace|move: Court Change\n|\n|-end|p1a: Blissey|move: Future Sight\n|-damage|p1a: Blissey|83/100\n|upkeep\n|turn|11\n|\n|t:|1695175441\n|switch|p1a: Gliscor|Gliscor, F|100/100 tox\n|move|p2a: Cinderace|U-turn|p1a: Gliscor\n|-resisted|p1a: Gliscor\n|-damage|p1a: Gliscor|93/100 tox\n|\n|t:|1695175445\n|switch|p2a: Rotom|Rotom-Wash|100/100|[from] U-turn\n|\n|-heal|p1a: Gliscor|100/100 tox|[from] ability: Poison Heal\n|upkeep\n|turn|12\n|\n|t:|1695175455\n|switch|p1a: Clefable|Clefable, F|100/100\n|move|p2a: Rotom|Hydro Pump|p1a: Clefable\n|-damage|p1a: Clefable|61/100\n|\n|-heal|p1a: Clefable|67/100|[from] item: Leftovers\n|upkeep\n|turn|13\n|\n|t:|1695175458\n|move|p2a: Rotom|Volt Switch|p1a: Clefable\n|-crit|p1a: Clefable\n|-damage|p1a: Clefable|31/100\n|\n|t:|1695175461\n|switch|p2a: Sneasler|Sneasler, F|100/100|[from] Volt Switch\n|move|p1a: Clefable|Wish|p1a: Clefable\n|\n|-heal|p1a: Clefable|37/100|[from] item: Leftovers\n|upkeep\n|turn|14\n|\n|t:|1695175465\n|move|p1a: Clefable|Protect|p1a: Clefable\n|-singleturn|p1a: Clefable|Protect\n|move|p2a: Sneasler|U-turn|p1a: Clefable\n|-activate|p1a: Clefable|move: Protect\n|\n|-heal|p1a: Clefable|87/100|[from] move: Wish|[wisher] Clefable\n|-heal|p1a: Clefable|93/100|[from] item: Leftovers\n|upkeep\n|turn|15\n|\n|t:|1695175470\n|move|p2a: Sneasler|U-turn|p1a: Clefable\n|-resisted|p1a: Clefable\n|-damage|p1a: Clefable|83/100\n|\n|t:|1695175472\n|switch|p2a: Slowking|Slowking-Galar, M|100/100|[from] U-turn\n|move|p1a: Clefable|Stealth Rock|p2a: Slowking\n|-sidestart|p2: DripSlayerOrnstein|move: Stealth Rock\n|\n|-heal|p1a: Clefable|89/100|[from] item: Leftovers\n|upkeep\n|turn|16\n|\n|t:|1695175481\n|switch|p1a: Gliscor|Gliscor, F|100/100 tox\n|move|p2a: Slowking|Future Sight|p1a: Gliscor\n|-start|p2a: Slowking|move: Future Sight\n|\n|upkeep\n|turn|17\n|\n|t:|1695175484\n|switch|p1a: Blissey|Blissey, F|83/100\n|move|p2a: Slowking|Chilly Reception|p2a: Slowking\n|-weather|Snow\n|\n|t:|1695175487\n|switch|p2a: Sneasler|Sneasler, F|100/100|[from] Chilly Reception\n|-damage|p2a: Sneasler|95/100|[from] Stealth Rock\n|\n|-weather|Snow|[upkeep]\n|upkeep\n|turn|18\n|\n|t:|1695175494\n|switch|p2a: Cinderace|Cinderace, F|100/100\n|move|p1a: Blissey|Protect||[still]\n|-fail|p1a: Blissey\n|\n|-weather|Snow|[upkeep]\n|-end|p1a: Blissey|move: Future Sight\n|-damage|p1a: Blissey|66/100\n|upkeep\n|turn|19\n|\n|t:|1695175497\n|switch|p1a: Gliscor|Gliscor, F|100/100 tox\n|move|p2a: Cinderace|Court Change|p2a: Cinderace\n|-start|p2a: Cinderace|typechange|Normal|[from] ability: Libero\n|-swapsideconditions\n|-activate|p2a: Cinderace|move: Court Change\n|\n|-weather|Snow|[upkeep]\n|upkeep\n|turn|20\n|\n|t:|1695175508\n|move|p2a: Cinderace|U-turn|p1a: Gliscor\n|-resisted|p1a: Gliscor\n|-damage|p1a: Gliscor|94/100 tox\n|j| I need blessings\n|\n|t:|1695175510\n|switch|p2a: Rotom|Rotom-Wash|100/100|[from] U-turn\n|move|p1a: Gliscor|Spikes|p2a: Rotom\n|-sidestart|p2: DripSlayerOrnstein|Spikes\n|\n|-weather|Snow|[upkeep]\n|-heal|p1a: Gliscor|100/100 tox|[from] ability: Poison Heal\n|upkeep\n|turn|21\n|\n|t:|1695175514\n|move|p1a: Gliscor|Protect|p1a: Gliscor\n|-singleturn|p1a: Gliscor|Protect\n|move|p2a: Rotom|Hydro Pump|p1a: Gliscor\n|-activate|p1a: Gliscor|move: Protect\n|\n|-weather|none\n|upkeep\n|turn|22\n|\n|t:|1695175517\n|switch|p1a: Toxapex|Toxapex, F|89/100\n|move|p2a: Rotom|Volt Switch|p1a: Toxapex\n|-supereffective|p1a: Toxapex\n|-damage|p1a: Toxapex|57/100\n|\n|t:|1695175520\n|switch|p2a: Landorus|Landorus-Therian, M|100/100|[from] Volt Switch\n|-ability|p2a: Landorus|Intimidate|boost\n|-unboost|p1a: Toxapex|atk|1\n|\n|upkeep\n|turn|23\n|\n|t:|1695175523\n|switch|p1a: Gliscor|Gliscor, F|100/100 tox\n|-damage|p1a: Gliscor|88/100 tox|[from] Stealth Rock\n|move|p2a: Landorus|Substitute|p2a: Landorus\n|-start|p2a: Landorus|Substitute\n|-damage|p2a: Landorus|75/100\n|\n|-heal|p2a: Landorus|82/100|[from] item: Leftovers\n|-heal|p1a: Gliscor|100/100 tox|[from] ability: Poison Heal\n|upkeep\n|turn|24\n|\n|t:|1695175528\n|move|p1a: Gliscor|Spikes|p2a: Landorus\n|-sidestart|p2: DripSlayerOrnstein|Spikes\n|move|p2a: Landorus|Smack Down|p1a: Gliscor\n|-damage|p1a: Gliscor|89/100 tox\n|-start|p1a: Gliscor|Smack Down\n|\n|-heal|p2a: Landorus|88/100|[from] item: Leftovers\n|-heal|p1a: Gliscor|100/100 tox|[from] ability: Poison Heal\n|upkeep\n|turn|25\n|j| Ultramanball1\n|\n|t:|1695175539\n|switch|p1a: Dondozo|Dondozo, F|100/100\n|move|p2a: Landorus|Smack Down|p1a: Dondozo\n|-damage|p1a: Dondozo|91/100\n|\n|-heal|p2a: Landorus|94/100|[from] item: Leftovers\n|upkeep\n|turn|26\n|\n|t:|1695175544\n|move|p2a: Landorus|Grass Knot|p1a: Dondozo\n|-supereffective|p1a: Dondozo\n|-damage|p1a: Dondozo|45/100\n|move|p1a: Dondozo|Liquidation|p2a: Landorus\n|-supereffective|p2a: Landorus\n|-end|p2a: Landorus|Substitute\n|\n|-heal|p2a: Landorus|99/100|[from] item: Leftovers\n|upkeep\n|turn|27\n|\n|t:|1695175554\n|switch|p1a: Gliscor|Gliscor, F|100/100 tox\n|-damage|p1a: Gliscor|88/100 tox|[from] Stealth Rock\n|move|p2a: Landorus|Substitute|p2a: Landorus\n|-start|p2a: Landorus|Substitute\n|-damage|p2a: Landorus|75/100\n|\n|-heal|p2a: Landorus|81/100|[from] item: Leftovers\n|-heal|p1a: Gliscor|100/100 tox|[from] ability: Poison Heal\n|upkeep\n|turn|28\n|\n|t:|1695175560\n|move|p1a: Gliscor|Spikes||[still]\n|-fail|p1a: Gliscor\n|move|p2a: Landorus|Smack Down|p1a: Gliscor\n|-damage|p1a: Gliscor|87/100 tox\n|-start|p1a: Gliscor|Smack Down\n|\n|-heal|p2a: Landorus|87/100|[from] item: Leftovers\n|-heal|p1a: Gliscor|99/100 tox|[from] ability: Poison Heal\n|upkeep\n|turn|29\n|\n|t:|1695175565\n|move|p1a: Gliscor|Spikes||[still]\n|-fail|p1a: Gliscor\n|move|p2a: Landorus|Smack Down|p1a: Gliscor\n|-crit|p1a: Gliscor\n|-damage|p1a: Gliscor|82/100 tox\n|\n|-heal|p2a: Landorus|93/100|[from] item: Leftovers\n|-heal|p1a: Gliscor|95/100 tox|[from] ability: Poison Heal\n|upkeep\n|turn|30\n|\n|t:|1695175570\n|switch|p1a: Tornadus|Tornadus-Therian, M|100/100\n|move|p2a: Landorus|Earthquake|p1a: Tornadus\n|-immune|p1a: Tornadus\n|\n|-heal|p2a: Landorus|99/100|[from] item: Leftovers\n|upkeep\n|turn|31\n|\n|t:|1695175573\n|move|p1a: Tornadus|U-turn|p2a: Landorus\n|-resisted|p2a: Landorus\n|-activate|p2a: Landorus|move: Substitute|[damage]\n|\n|t:|1695175575\n|switch|p1a: Gliscor|Gliscor, F|95/100 tox|[from] U-turn\n|-damage|p1a: Gliscor|82/100 tox|[from] Stealth Rock\n|move|p2a: Landorus|Smack Down|p1a: Gliscor\n|-damage|p1a: Gliscor|69/100 tox\n|-start|p1a: Gliscor|Smack Down\n|\n|-heal|p2a: Landorus|100/100|[from] item: Leftovers\n|-heal|p1a: Gliscor|81/100 tox|[from] ability: Poison Heal\n|upkeep\n|turn|32\n|\n|t:|1695175579\n|move|p1a: Gliscor|Protect|p1a: Gliscor\n|-singleturn|p1a: Gliscor|Protect\n|move|p2a: Landorus|Earthquake|p1a: Gliscor\n|-activate|p1a: Gliscor|move: Protect\n|\n|-heal|p1a: Gliscor|94/100 tox|[from] ability: Poison Heal\n|upkeep\n|turn|33\n|\n|t:|1695175584\n|move|p1a: Gliscor|Spikes||[still]\n|-fail|p1a: Gliscor\n|move|p2a: Landorus|Earthquake|p1a: Gliscor\n|-damage|p1a: Gliscor|55/100 tox\n|\n|-heal|p1a: Gliscor|68/100 tox|[from] ability: Poison Heal\n|upkeep\n|turn|34\n|\n|t:|1695175589\n|move|p1a: Gliscor|Protect|p1a: Gliscor\n|-singleturn|p1a: Gliscor|Protect\n|move|p2a: Landorus|Smack Down|p1a: Gliscor\n|-activate|p1a: Gliscor|move: Protect\n|\n|-heal|p1a: Gliscor|80/100 tox|[from] ability: Poison Heal\n|upkeep\n|turn|35\n|\n|t:|1695175593\n|switch|p1a: Clefable|Clefable, F|89/100\n|move|p2a: Landorus|Smack Down|p1a: Clefable\n|-damage|p1a: Clefable|74/100\n|\n|-heal|p1a: Clefable|80/100|[from] item: Leftovers\n|upkeep\n|turn|36\n|\n|t:|1695175595\n|move|p2a: Landorus|Earthquake|p1a: Clefable\n|-damage|p1a: Clefable|37/100\n|move|p1a: Clefable|Wish|p1a: Clefable\n|\n|-heal|p1a: Clefable|43/100|[from] item: Leftovers\n|upkeep\n|turn|37\n|\n|t:|1695175601\n|move|p1a: Clefable|Protect|p1a: Clefable\n|-singleturn|p1a: Clefable|Protect\n|move|p2a: Landorus|Earthquake|p1a: Clefable\n|-activate|p1a: Clefable|move: Protect\n|\n|-heal|p1a: Clefable|93/100|[from] move: Wish|[wisher] Clefable\n|-heal|p1a: Clefable|99/100|[from] item: Leftovers\n|upkeep\n|turn|38\n|\n|t:|1695175607\n|move|p2a: Landorus|Earthquake|p1a: Clefable\n|-damage|p1a: Clefable|49/100\n|move|p1a: Clefable|Wish|p1a: Clefable\n|\n|-heal|p1a: Clefable|55/100|[from] item: Leftovers\n|upkeep\n|turn|39\n|\n|t:|1695175615\n|move|p1a: Clefable|Protect|p1a: Clefable\n|-singleturn|p1a: Clefable|Protect\n|move|p2a: Landorus|Grass Knot|p1a: Clefable\n|-activate|p1a: Clefable|move: Protect\n|\n|-heal|p1a: Clefable|100/100|[from] move: Wish|[wisher] Clefable\n|upkeep\n|turn|40\n|\n|t:|1695175619\n|move|p2a: Landorus|Earthquake|p1a: Clefable\n|-damage|p1a: Clefable|54/100\n|move|p1a: Clefable|Moonblast|p2a: Landorus\n|-end|p2a: Landorus|Substitute\n|\n|-heal|p1a: Clefable|60/100|[from] item: Leftovers\n|upkeep\n|turn|41\n|\n|t:|1695175626\n|move|p2a: Landorus|Earthquake|p1a: Clefable\n|-damage|p1a: Clefable|16/100\n|move|p1a: Clefable|Wish|p1a: Clefable\n|\n|-heal|p1a: Clefable|22/100|[from] item: Leftovers\n|upkeep\n|turn|42\n|\n|t:|1695175629\n|move|p1a: Clefable|Protect|p1a: Clefable\n|-singleturn|p1a: Clefable|Protect\n|move|p2a: Landorus|Substitute|p2a: Landorus\n|-start|p2a: Landorus|Substitute\n|-damage|p2a: Landorus|75/100\n|\n|-heal|p1a: Clefable|72/100|[from] move: Wish|[wisher] Clefable\n|-heal|p2a: Landorus|82/100|[from] item: Leftovers\n|-heal|p1a: Clefable|78/100|[from] item: Leftovers\n|upkeep\n|turn|43\n|\n|t:|1695175634\n|move|p2a: Landorus|Earthquake|p1a: Clefable\n|-damage|p1a: Clefable|34/100\n|move|p1a: Clefable|Wish|p1a: Clefable\n|\n|-heal|p2a: Landorus|88/100|[from] item: Leftovers\n|-heal|p1a: Clefable|40/100|[from] item: Leftovers\n|upkeep\n|turn|44\n|\n|t:|1695175639\n|move|p1a: Clefable|Protect|p1a: Clefable\n|-singleturn|p1a: Clefable|Protect\n|move|p2a: Landorus|Smack Down|p1a: Clefable\n|-activate|p1a: Clefable|move: Protect\n|\n|-heal|p1a: Clefable|90/100|[from] move: Wish|[wisher] Clefable\n|-heal|p2a: Landorus|94/100|[from] item: Leftovers\n|-heal|p1a: Clefable|96/100|[from] item: Leftovers\n|upkeep\n|turn|45\n|c| finished&washed|how can somebody have fun playing like this?\n|c|\u2606DripSlayerOrnstein|thats what im saying\n|inactive|DripSlayerOrnstein has 120 seconds left.\n|\n|t:|1695175678\n|switch|p2a: Slowking|Slowking-Galar, M|100/100\n|move|p1a: Clefable|Wish|p1a: Clefable\n|\n|-heal|p1a: Clefable|100/100|[from] item: Leftovers\n|upkeep\n|turn|46\n|inactive|DripSlayerOrnstein has 120 seconds left.\n|n|\u2606Gjfdygc|gjfdygc\n|c| finished&washed|so fkn boring\n|\n|t:|1695175691\n|switch|p1a: Gliscor|Gliscor, F|80/100 tox\n|-damage|p1a: Gliscor|68/100 tox|[from] Stealth Rock\n|move|p2a: Slowking|Grass Knot|p1a: Gliscor\n|-damage|p1a: Gliscor|50/100 tox\n|\n|-heal|p1a: Gliscor|100/100 tox|[from] move: Wish|[wisher] Clefable\n|upkeep\n|turn|47\n|c|\u2606Gjfdygc|sorry thats how it is sometimes\n|j| pppppeg\n|\n|t:|1695175699\n|move|p1a: Gliscor|Earthquake|p2a: Slowking\n|-supereffective|p2a: Slowking\n|-damage|p2a: Slowking|48/100\n|move|p2a: Slowking|Chilly Reception|p2a: Slowking\n|-weather|Snow\n|\n|t:|1695175704\n|switch|p2a: Rotom|Rotom-Wash|100/100|[from] Chilly Reception\n|\n|-weather|Snow|[upkeep]\n|upkeep\n|turn|48\n|\n|t:|1695175709\n|move|p1a: Gliscor|Protect|p1a: Gliscor\n|-singleturn|p1a: Gliscor|Protect\n|move|p2a: Rotom|Hydro Pump|p1a: Gliscor\n|-activate|p1a: Gliscor|move: Protect\n|\n|-weather|Snow|[upkeep]\n|upkeep\n|turn|49\n|c| finished&washed|always*\n|\n|t:|1695175716\n|switch|p1a: Toxapex|Toxapex, F|90/100\n|move|p2a: Rotom|Hydro Pump|p1a: Toxapex\n|-resisted|p1a: Toxapex\n|-damage|p1a: Toxapex|78/100\n|\n|-weather|Snow|[upkeep]\n|upkeep\n|turn|50\n|\n|t:|1695175721\n|switch|p1a: Gliscor|Gliscor, F|100/100 tox\n|-damage|p1a: Gliscor|88/100 tox|[from] Stealth Rock\n|move|p2a: Rotom|Volt Switch|p1a: Gliscor\n|-immune|p1a: Gliscor\n|\n|-weather|Snow|[upkeep]\n|-heal|p1a: Gliscor|100/100 tox|[from] ability: Poison Heal\n|upkeep\n|turn|51\n|\n|t:|1695175724\n|move|p1a: Gliscor|Protect|p1a: Gliscor\n|-singleturn|p1a: Gliscor|Protect\n|move|p2a: Rotom|Protect||[still]\n|-fail|p2a: Rotom\n|\n|-weather|none\n|upkeep\n|turn|52\n|\n|t:|1695175727\n|switch|p1a: Toxapex|Toxapex, F|100/100\n|move|p2a: Rotom|Volt Switch|p1a: Toxapex\n|-supereffective|p1a: Toxapex\n|-damage|p1a: Toxapex|69/100\n|\n|t:|1695175731\n|switch|p2a: Landorus|Landorus-Therian, M|94/100|[from] Volt Switch\n|-ability|p2a: Landorus|Intimidate|boost\n|-unboost|p1a: Toxapex|atk|1\n|\n|-heal|p2a: Landorus|99/100|[from] item: Leftovers\n|upkeep\n|turn|53\n|\n|t:|1695175740\n|switch|p1a: Gliscor|Gliscor, F|100/100 tox\n|-damage|p1a: Gliscor|88/100 tox|[from] Stealth Rock\n|move|p2a: Landorus|Earthquake|p1a: Gliscor\n|-immune|p1a: Gliscor\n|\n|-heal|p2a: Landorus|100/100|[from] item: Leftovers\n|-heal|p1a: Gliscor|100/100 tox|[from] ability: Poison Heal\n|upkeep\n|turn|54\n|l| Ultramanball1\n|\n|t:|1695175749\n|switch|p2a: Slowking|Slowking-Galar, M|81/100\n|move|p1a: Gliscor|Spikes||[still]\n|-fail|p1a: Gliscor\n|\n|upkeep\n|turn|55\n|j| zikilemini\n|l| zikilemini\n|\n|t:|1695175756\n|switch|p1a: Blissey|Blissey, F|66/100\n|switch|p2a: Rotom|Rotom-Wash|100/100\n|\n|upkeep\n|turn|56\n|\n|t:|1695175760\n|move|p2a: Rotom|Volt Switch|p1a: Blissey\n|-damage|p1a: Blissey|57/100\n|\n|t:|1695175763\n|switch|p2a: Cinderace|Cinderace, F|100/100|[from] Volt Switch\n|move|p1a: Blissey|Soft-Boiled|p1a: Blissey\n|-heal|p1a: Blissey|100/100\n|\n|upkeep\n|turn|57\n|\n|t:|1695175771\n|switch|p1a: Gliscor|Gliscor, F|100/100 tox\n|-damage|p1a: Gliscor|88/100 tox|[from] Stealth Rock\n|move|p2a: Cinderace|Low Kick|p1a: Gliscor\n|-start|p2a: Cinderace|typechange|Fighting|[from] ability: Libero\n|-resisted|p1a: Gliscor\n|-damage|p1a: Gliscor|80/100 tox\n|\n|-heal|p1a: Gliscor|92/100 tox|[from] ability: Poison Heal\n|upkeep\n|turn|58\n|\n|t:|1695175776\n|move|p2a: Cinderace|U-turn|p1a: Gliscor\n|-resisted|p1a: Gliscor\n|-damage|p1a: Gliscor|85/100 tox\n|\n|t:|1695175780\n|switch|p2a: Slowking|Slowking-Galar, M|100/100|[from] U-turn\n|move|p1a: Gliscor|Toxic|p2a: Slowking\n|-immune|p2a: Slowking\n|\n|-heal|p1a: Gliscor|97/100 tox|[from] ability: Poison Heal\n|upkeep\n|turn|59\n|\n|t:|1695175786\n|move|p1a: Gliscor|Earthquake|p2a: Slowking\n|-supereffective|p2a: Slowking\n|-damage|p2a: Slowking|50/100\n|move|p2a: Slowking|Future Sight|p1a: Gliscor\n|-start|p2a: Slowking|move: Future Sight\n|\n|-heal|p1a: Gliscor|100/100 tox|[from] ability: Poison Heal\n|upkeep\n|turn|60\n|\n|t:|1695175801\n|switch|p1a: Blissey|Blissey, F|100/100\n|switch|p2a: Kingambit|Kingambit, M|100/100\n|-damage|p2a: Kingambit|76/100|[from] Spikes\n|\n|-heal|p2a: Kingambit|82/100|[from] item: Leftovers\n|upkeep\n|turn|61\n|\n|t:|1695175806\n|move|p1a: Blissey|Protect|p1a: Blissey\n|-singleturn|p1a: Blissey|Protect\n|move|p2a: Kingambit|Swords Dance|p2a: Kingambit\n|-boost|p2a: Kingambit|atk|2\n|\n|-end|p1a: Blissey|move: Future Sight\n|-damage|p1a: Blissey|83/100\n|-heal|p2a: Kingambit|88/100|[from] item: Leftovers\n|upkeep\n|turn|62\n|j| qd king\n|\n|t:|1695175820\n|switch|p1a: Tornadus|Tornadus-Therian, M|100/100\n|move|p2a: Kingambit|Kowtow Cleave|p1a: Tornadus\n|-damage|p1a: Tornadus|0 fnt\n|faint|p1a: Tornadus\n|\n|-heal|p2a: Kingambit|94/100|[from] item: Leftovers\n|upkeep\n|\n|t:|1695175822\n|switch|p1a: Dondozo|Dondozo, F|45/100\n|turn|63\n|l| pppppeg\n|\n|t:|1695175828\n|-end|p2a: Kingambit|fallenundefined|[silent]\n|switch|p2a: Slowking|Slowking-Galar, M|83/100\n|move|p1a: Dondozo|Rest|p1a: Dondozo\n|-status|p1a: Dondozo|slp|[from] move: Rest\n|-heal|p1a: Dondozo|100/100 slp|[silent]\n|\n|upkeep\n|turn|64\n|\n|t:|1695175835\n|switch|p1a: Gliscor|Gliscor, F|100/100 tox\n|-damage|p1a: Gliscor|88/100 tox|[from] Stealth Rock\n|move|p2a: Slowking|Grass Knot|p1a: Gliscor\n|-damage|p1a: Gliscor|70/100 tox\n|\n|-heal|p1a: Gliscor|83/100 tox|[from] ability: Poison Heal\n|upkeep\n|turn|65\n|\n|t:|1695175839\n|move|p1a: Gliscor|Earthquake|p2a: Slowking\n|-supereffective|p2a: Slowking\n|-damage|p2a: Slowking|36/100\n|move|p2a: Slowking|Chilly Reception|p2a: Slowking\n|-weather|Snow\n|j| Pkm Trainer Yellow\n|\n|t:|1695175842\n|switch|p2a: Rotom|Rotom-Wash|100/100|[from] Chilly Reception\n|\n|-weather|Snow|[upkeep]\n|-heal|p1a: Gliscor|95/100 tox|[from] ability: Poison Heal\n|upkeep\n|turn|66\n|\n|t:|1695175845\n|switch|p1a: Toxapex|Toxapex, F|100/100\n|move|p2a: Rotom|Thunder Wave|p1a: Toxapex\n|-status|p1a: Toxapex|par\n|\n|-weather|Snow|[upkeep]\n|upkeep\n|turn|67\n|\n|t:|1695175848\n|move|p2a: Rotom|Volt Switch|p1a: Toxapex\n|-supereffective|p1a: Toxapex\n|-damage|p1a: Toxapex|71/100 par\n|\n|t:|1695175854\n|switch|p2a: Slowking|Slowking-Galar, M|69/100|[from] Volt Switch\n|move|p1a: Toxapex|Toxic|p2a: Slowking\n|-immune|p2a: Slowking\n|\n|-weather|Snow|[upkeep]\n|upkeep\n|turn|68\n|\n|t:|1695175861\n|switch|p1a: Blissey|Blissey, F|83/100\n|move|p2a: Slowking|Future Sight|p1a: Blissey\n|-start|p2a: Slowking|move: Future Sight\n|\n|-weather|Snow|[upkeep]\n|upkeep\n|turn|69\n|\n|t:|1695175864\n|move|p1a: Blissey|Seismic Toss|p2a: Slowking\n|-damage|p2a: Slowking|44/100\n|move|p2a: Slowking|Chilly Reception|p2a: Slowking\n|\n|t:|1695175867\n|switch|p2a: Kingambit|Kingambit, M|94/100|[from] Chilly Reception\n|-damage|p2a: Kingambit|69/100|[from] Spikes\n|\n|-weather|none\n|-heal|p2a: Kingambit|75/100|[from] item: Leftovers\n|upkeep\n|turn|70\n|\n|t:|1695175872\n|move|p1a: Blissey|Protect|p1a: Blissey\n|-singleturn|p1a: Blissey|Protect\n|move|p2a: Kingambit|Swords Dance|p2a: Kingambit\n|-boost|p2a: Kingambit|atk|2\n|\n|-end|p1a: Blissey|move: Future Sight\n|-damage|p1a: Blissey|67/100\n|-heal|p2a: Kingambit|81/100|[from] item: Leftovers\n|upkeep\n|turn|71\n|\n|t:|1695175891\n|-end|p2a: Kingambit|fallenundefined|[silent]\n|switch|p2a: Slowking|Slowking-Galar, M|77/100\n|switch|p1a: Dondozo|Dondozo, F|100/100 slp\n|\n|upkeep\n|turn|72\n|\n|t:|1695175894\n|switch|p1a: Blissey|Blissey, F|67/100\n|move|p2a: Slowking|Future Sight|p1a: Blissey\n|-start|p2a: Slowking|move: Future Sight\n|\n|upkeep\n|turn|73\n|\n|t:|1695175897\n|move|p1a: Blissey|Soft-Boiled|p1a: Blissey\n|-heal|p1a: Blissey|100/100\n|move|p2a: Slowking|Chilly Reception|p2a: Slowking\n|-weather|Snow\n|\n|t:|1695175902\n|switch|p2a: Cinderace|Cinderace, F|100/100|[from] Chilly Reception\n|\n|-weather|Snow|[upkeep]\n|upkeep\n|turn|74\n|\n|t:|1695175907\n|move|p1a: Blissey|Protect|p1a: Blissey\n|-singleturn|p1a: Blissey|Protect\n|move|p2a: Cinderace|Pyro Ball|p1a: Blissey\n|-activate|p1a: Blissey|move: Protect\n|\n|-weather|Snow|[upkeep]\n|-end|p1a: Blissey|move: Future Sight\n|-damage|p1a: Blissey|84/100\n|upkeep\n|turn|75\n|\n|t:|1695175909\n|switch|p1a: Gliscor|Gliscor, F|95/100 tox\n|-damage|p1a: Gliscor|83/100 tox|[from] Stealth Rock\n|move|p2a: Cinderace|Pyro Ball|p1a: Gliscor\n|-damage|p1a: Gliscor|48/100 tox\n|\n|-weather|Snow|[upkeep]\n|-heal|p1a: Gliscor|60/100 tox|[from] ability: Poison Heal\n|upkeep\n|turn|76\n|\n|t:|1695175917\n|move|p1a: Gliscor|Protect|p1a: Gliscor\n|-singleturn|p1a: Gliscor|Protect\n|move|p2a: Cinderace|Pyro Ball|p1a: Gliscor\n|-activate|p1a: Gliscor|move: Protect\n|\n|-weather|Snow|[upkeep]\n|-heal|p1a: Gliscor|73/100 tox|[from] ability: Poison Heal\n|upkeep\n|turn|77\n|\n|t:|1695175920\n|move|p2a: Cinderace|Pyro Ball|p1a: Gliscor\n|-damage|p1a: Gliscor|38/100 tox\n|move|p1a: Gliscor|Toxic|p2a: Cinderace\n|-status|p2a: Cinderace|tox\n|\n|-weather|none\n|-damage|p2a: Cinderace|95/100 tox|[from] psn\n|-heal|p1a: Gliscor|50/100 tox|[from] ability: Poison Heal\n|upkeep\n|turn|78\n|\n|t:|1695175927\n|switch|p2a: Rotom|Rotom-Wash|100/100\n|move|p1a: Gliscor|Protect||[still]\n|-fail|p1a: Gliscor\n|\n|-heal|p1a: Gliscor|63/100 tox|[from] ability: Poison Heal\n|upkeep\n|turn|79\n|\n|t:|1695175933\n|switch|p1a: Toxapex|Toxapex, F|100/100 par\n|move|p2a: Rotom|Protect||[still]\n|-fail|p2a: Rotom\n|\n|upkeep\n|turn|80\n|\n|t:|1695175936\n|move|p2a: Rotom|Volt Switch|p1a: Toxapex\n|-supereffective|p1a: Toxapex\n|-damage|p1a: Toxapex|68/100 par\n|\n|t:|1695175939\n|switch|p2a: Slowking|Slowking-Galar, M|100/100|[from] Volt Switch\n|move|p1a: Toxapex|Infestation|p2a: Slowking\n|-damage|p2a: Slowking|98/100\n|-activate|p2a: Slowking|move: Infestation|[of] p1a: Toxapex\n|\n|-damage|p2a: Slowking|86/100|[from] move: Infestation|[partiallytrapped]\n|upkeep\n|turn|81\n|\n|t:|1695175942\n|switch|p1a: Blissey|Blissey, F|84/100\n|move|p2a: Slowking|Future Sight|p1a: Blissey\n|-start|p2a: Slowking|move: Future Sight\n|\n|-end|p2a: Slowking|Infestation|[partiallytrapped]|[silent]\n|upkeep\n|turn|82\n|\n|t:|1695175945\n|move|p1a: Blissey|Seismic Toss|p2a: Slowking\n|-damage|p2a: Slowking|60/100\n|move|p2a: Slowking|Chilly Reception|p2a: Slowking\n|-weather|Snow\n|c| finished&washed|i dont even want to be rude, but theres no way you have friends\n|c| finished&washed|i dont get it\n|\n|t:|1695175962\n|switch|p2a: Landorus|Landorus-Therian, M|100/100|[from] Chilly Reception\n|-ability|p2a: Landorus|Intimidate|boost\n|-unboost|p1a: Blissey|atk|1\n|\n|-weather|Snow|[upkeep]\n|upkeep\n|turn|83\n|c|\u2606Gjfdygc|why you watching then\n|j| vip10086\n|\n|t:|1695175969\n|move|p1a: Blissey|Protect|p1a: Blissey\n|-singleturn|p1a: Blissey|Protect\n|move|p2a: Landorus|Substitute|p2a: Landorus\n|-start|p2a: Landorus|Substitute\n|-damage|p2a: Landorus|75/100\n|\n|-weather|Snow|[upkeep]\n|-end|p1a: Blissey|move: Future Sight\n|-damage|p1a: Blissey|69/100\n|-heal|p2a: Landorus|82/100|[from] item: Leftovers\n|upkeep\n|turn|84\n|c|\u2606Gjfdygc|sorry man\n|c| finished&washed|i thought there were some good battles\n|c|\u2606Gjfdygc|if this wins games im gonna play it\n|\n|t:|1695175983\n|switch|p1a: Clefable|Clefable, F|100/100\n|move|p2a: Landorus|Smack Down|p1a: Clefable\n|-damage|p1a: Clefable|84/100\n|\n|-weather|Snow|[upkeep]\n|-heal|p2a: Landorus|88/100|[from] item: Leftovers\n|-heal|p1a: Clefable|90/100|[from] item: Leftovers\n|upkeep\n|turn|85\n|c| Galacticknight404|gjf is right\n|inactive|DripSlayerOrnstein has 120 seconds left.\n|c|\u2606DripSlayerOrnstein|lets be honest tho, its never this serious\n|c| Galacticknight404|if this bores you then leave, I think this is a pretty intense match\n|\n|t:|1695176005\n|switch|p2a: Slowking|Slowking-Galar, M|94/100\n|move|p1a: Clefable|Moonblast|p2a: Slowking\n|-resisted|p2a: Slowking\n|-damage|p2a: Slowking|83/100\n|\n|-weather|Snow|[upkeep]\n|-heal|p1a: Clefable|96/100|[from] item: Leftovers\n|upkeep\n|turn|86\n|c| Galacticknight404|yeah\n|\n|t:|1695176012\n|switch|p1a: Blissey|Blissey, F|69/100\n|move|p2a: Slowking|Psychic|p1a: Blissey\n|-damage|p1a: Blissey|56/100\n|\n|-weather|none\n|upkeep\n|turn|87\n|j| dieMoldau\n|inactive|DripSlayerOrnstein has 120 seconds left.\n|\n|t:|1695176018\n|move|p1a: Blissey|Soft-Boiled|p1a: Blissey\n|-heal|p1a: Blissey|100/100\n|move|p2a: Slowking|Future Sight|p1a: Blissey\n|-start|p2a: Slowking|move: Future Sight\n|\n|upkeep\n|turn|88\n|c| finished&washed|healing should be 4 pp so its an option but stall is not possible\n|inactive|DripSlayerOrnstein has 120 seconds left.\n|\n|t:|1695176026\n|move|p1a: Blissey|Seismic Toss|p2a: Slowking\n|-damage|p2a: Slowking|58/100\n|move|p2a: Slowking|Chilly Reception|p2a: Slowking\n|-weather|Snow\n|\n|t:|1695176029\n|switch|p2a: Landorus|Landorus-Therian, M|88/100|[from] Chilly Reception\n|-ability|p2a: Landorus|Intimidate|boost\n|-unboost|p1a: Blissey|atk|1\n|\n|-weather|Snow|[upkeep]\n|-heal|p2a: Landorus|94/100|[from] item: Leftovers\n|upkeep\n|turn|89\n|c| Galacticknight404|stall got destroyed enough lol\n|\n|t:|1695176039\n|move|p1a: Blissey|Protect|p1a: Blissey\n|-singleturn|p1a: Blissey|Protect\n|move|p2a: Landorus|Smack Down|p1a: Blissey\n|-activate|p1a: Blissey|move: Protect\n|\n|-weather|Snow|[upkeep]\n|-end|p1a: Blissey|move: Future Sight\n|-damage|p1a: Blissey|84/100\n|-heal|p2a: Landorus|99/100|[from] item: Leftovers\n|upkeep\n|turn|90\n|\n|t:|1695176043\n|switch|p1a: Clefable|Clefable, F|96/100\n|move|p2a: Landorus|Earthquake|p1a: Clefable\n|-damage|p1a: Clefable|46/100\n|\n|-weather|Snow|[upkeep]\n|-heal|p2a: Landorus|100/100|[from] item: Leftovers\n|-heal|p1a: Clefable|52/100|[from] item: Leftovers\n|upkeep\n|turn|91\n|inactive|DripSlayerOrnstein has 120 seconds left.\n|\n|t:|1695176060\n|move|p2a: Landorus|Earthquake|p1a: Clefable\n|-crit|p1a: Clefable\n|-damage|p1a: Clefable|0 fnt\n|faint|p1a: Clefable\n|\n|-weather|Snow|[upkeep]\n|upkeep\n|c| finished&washed|deserved\n|c|\u2606Gjfdygc|okay that was bad\n|c| finished&washed|nice one lando\n|\n|t:|1695176076\n|switch|p1a: Gliscor|Gliscor, F|63/100 tox\n|-damage|p1a: Gliscor|50/100 tox|[from] Stealth Rock\n|turn|92\n|c| Galacticknight404|random crit, it happens\n|\n|t:|1695176085\n|switch|p2a: Slowking|Slowking-Galar, M|91/100\n|move|p1a: Gliscor|Toxic|p2a: Slowking\n|-immune|p2a: Slowking\n|\n|-weather|none\n|-heal|p1a: Gliscor|63/100 tox|[from] ability: Poison Heal\n|upkeep\n|turn|93\n|l| dieMoldau\n|\n|t:|1695176094\n|move|p1a: Gliscor|Earthquake|p2a: Slowking\n|-supereffective|p2a: Slowking\n|-damage|p2a: Slowking|36/100\n|move|p2a: Slowking|Chilly Reception|p2a: Slowking\n|-weather|Snow\n|inactive|DripSlayerOrnstein has 120 seconds left.\n|\n|t:|1695176104\n|switch|p2a: Rotom|Rotom-Wash|100/100|[from] Chilly Reception\n|\n|-weather|Snow|[upkeep]\n|-heal|p1a: Gliscor|75/100 tox|[from] ability: Poison Heal\n|upkeep\n|turn|94\n|\n|t:|1695176112\n|switch|p1a: Toxapex|Toxapex, F|100/100 par\n|move|p2a: Rotom|Volt Switch|p1a: Toxapex\n|-supereffective|p1a: Toxapex\n|-damage|p1a: Toxapex|70/100 par\n|j| daisuu514\n|\n|t:|1695176116\n|switch|p2a: Landorus|Landorus-Therian, M|100/100|[from] Volt Switch\n|-ability|p2a: Landorus|Intimidate|boost\n|-unboost|p1a: Toxapex|atk|1\n|\n|-weather|Snow|[upkeep]\n|upkeep\n|turn|95\n|\n|t:|1695176120\n|move|p2a: Landorus|Substitute|p2a: Landorus\n|-start|p2a: Landorus|Substitute\n|-damage|p2a: Landorus|75/100\n|move|p1a: Toxapex|Toxic||[still]\n|-fail|p1a: Toxapex\n|\n|-weather|Snow|[upkeep]\n|-heal|p2a: Landorus|82/100|[from] item: Leftovers\n|upkeep\n|turn|96\n|\n|t:|1695176127\n|switch|p1a: Gliscor|Gliscor, F|75/100 tox\n|-damage|p1a: Gliscor|63/100 tox|[from] Stealth Rock\n|move|p2a: Landorus|Smack Down|p1a: Gliscor\n|-damage|p1a: Gliscor|50/100 tox\n|-start|p1a: Gliscor|Smack Down\n|\n|-weather|Snow|[upkeep]\n|-heal|p2a: Landorus|88/100|[from] item: Leftovers\n|-heal|p1a: Gliscor|63/100 tox|[from] ability: Poison Heal\n|upkeep\n|turn|97\n|j| fredinpanbisin\n|\n|t:|1695176136\n|move|p1a: Gliscor|Protect|p1a: Gliscor\n|-singleturn|p1a: Gliscor|Protect\n|move|p2a: Landorus|Earthquake|p1a: Gliscor\n|-activate|p1a: Gliscor|move: Protect\n|\n|-weather|none\n|-heal|p2a: Landorus|94/100|[from] item: Leftovers\n|-heal|p1a: Gliscor|75/100 tox|[from] ability: Poison Heal\n|upkeep\n|turn|98\n|\n|t:|1695176139\n|move|p1a: Gliscor|Spikes||[still]\n|-fail|p1a: Gliscor\n|move|p2a: Landorus|Earthquake|p1a: Gliscor\n|-damage|p1a: Gliscor|39/100 tox\n|\n|-heal|p2a: Landorus|99/100|[from] item: Leftovers\n|-heal|p1a: Gliscor|52/100 tox|[from] ability: Poison Heal\n|upkeep\n|turn|99\n|\n|t:|1695176142\n|move|p1a: Gliscor|Spikes||[still]\n|-fail|p1a: Gliscor\n|move|p2a: Landorus|Grass Knot|p1a: Gliscor\n|-damage|p1a: Gliscor|36/100 tox\n|\n|-heal|p2a: Landorus|100/100|[from] item: Leftovers\n|-heal|p1a: Gliscor|49/100 tox|[from] ability: Poison Heal\n|upkeep\n|turn|100\n|\n|t:|1695176146\n|move|p1a: Gliscor|Protect|p1a: Gliscor\n|-singleturn|p1a: Gliscor|Protect\n|move|p2a: Landorus|Grass Knot|p1a: Gliscor\n|-activate|p1a: Gliscor|move: Protect\n|\n|-heal|p1a: Gliscor|61/100 tox|[from] ability: Poison Heal\n|upkeep\n|turn|101\n|\n|t:|1695176153\n|move|p1a: Gliscor|Spikes||[still]\n|-fail|p1a: Gliscor\n|move|p2a: Landorus|Grass Knot|p1a: Gliscor\n|-damage|p1a: Gliscor|45/100 tox\n|\n|-heal|p1a: Gliscor|57/100 tox|[from] ability: Poison Heal\n|upkeep\n|turn|102\n|\n|t:|1695176155\n|move|p1a: Gliscor|Spikes||[still]\n|-fail|p1a: Gliscor\n|move|p2a: Landorus|Grass Knot|p1a: Gliscor\n|-damage|p1a: Gliscor|42/100 tox\n|\n|-heal|p1a: Gliscor|54/100 tox|[from] ability: Poison Heal\n|upkeep\n|turn|103\n|\n|t:|1695176160\n|move|p1a: Gliscor|Protect|p1a: Gliscor\n|-singleturn|p1a: Gliscor|Protect\n|move|p2a: Landorus|Grass Knot|p1a: Gliscor\n|-activate|p1a: Gliscor|move: Protect\n|\n|-heal|p1a: Gliscor|67/100 tox|[from] ability: Poison Heal\n|upkeep\n|turn|104\n|\n|t:|1695176164\n|move|p1a: Gliscor|Spikes||[still]\n|-fail|p1a: Gliscor\n|move|p2a: Landorus|Grass Knot|p1a: Gliscor\n|-damage|p1a: Gliscor|51/100 tox\n|\n|-heal|p1a: Gliscor|64/100 tox|[from] ability: Poison Heal\n|upkeep\n|turn|105\n|\n|t:|1695176167\n|move|p1a: Gliscor|Spikes||[still]\n|-fail|p1a: Gliscor\n|move|p2a: Landorus|Grass Knot|p1a: Gliscor\n|-damage|p1a: Gliscor|47/100 tox\n|\n|-heal|p1a: Gliscor|60/100 tox|[from] ability: Poison Heal\n|upkeep\n|turn|106\n|\n|t:|1695176181\n|move|p1a: Gliscor|Spikes||[still]\n|-fail|p1a: Gliscor\n|move|p2a: Landorus|Smack Down|p1a: Gliscor\n|-damage|p1a: Gliscor|48/100 tox\n|\n|-heal|p1a: Gliscor|61/100 tox|[from] ability: Poison Heal\n|upkeep\n|turn|107\n|\n|t:|1695176185\n|move|p1a: Gliscor|Spikes||[still]\n|-fail|p1a: Gliscor\n|move|p2a: Landorus|Smack Down|p1a: Gliscor\n|-damage|p1a: Gliscor|48/100 tox\n|\n|-heal|p1a: Gliscor|60/100 tox|[from] ability: Poison Heal\n|upkeep\n|turn|108\n|\n|t:|1695176188\n|move|p1a: Gliscor|Spikes||[still]\n|-fail|p1a: Gliscor\n|move|p2a: Landorus|Smack Down|p1a: Gliscor\n|-damage|p1a: Gliscor|48/100 tox\n|\n|-heal|p1a: Gliscor|60/100 tox|[from] ability: Poison Heal\n|upkeep\n|turn|109\n|\n|t:|1695176190\n|move|p1a: Gliscor|Spikes||[still]\n|-fail|p1a: Gliscor\n|move|p2a: Landorus|Grass Knot|p1a: Gliscor\n|-damage|p1a: Gliscor|45/100 tox\n|\n|-heal|p1a: Gliscor|57/100 tox|[from] ability: Poison Heal\n|upkeep\n|turn|110\n|j| iampsykick\n|\n|t:|1695176200\n|move|p1a: Gliscor|Protect|p1a: Gliscor\n|-singleturn|p1a: Gliscor|Protect\n|move|p2a: Landorus|Grass Knot|p1a: Gliscor\n|-activate|p1a: Gliscor|move: Protect\n|\n|-heal|p1a: Gliscor|69/100 tox|[from] ability: Poison Heal\n|upkeep\n|turn|111\n|\n|t:|1695176203\n|move|p1a: Gliscor|Spikes||[still]\n|-fail|p1a: Gliscor\n|move|p2a: Landorus|Grass Knot|p1a: Gliscor\n|-damage|p1a: Gliscor|55/100 tox\n|\n|-heal|p1a: Gliscor|67/100 tox|[from] ability: Poison Heal\n|upkeep\n|turn|112\n|\n|t:|1695176206\n|move|p1a: Gliscor|Spikes||[still]\n|-fail|p1a: Gliscor\n|move|p2a: Landorus|Grass Knot|p1a: Gliscor\n|-damage|p1a: Gliscor|53/100 tox\n|\n|-heal|p1a: Gliscor|65/100 tox|[from] ability: Poison Heal\n|upkeep\n|turn|113\n|\n|t:|1695176209\n|move|p1a: Gliscor|Spikes||[still]\n|-fail|p1a: Gliscor\n|move|p2a: Landorus|Substitute|p2a: Landorus\n|-fail|p2a: Landorus|move: Substitute\n|\n|-heal|p1a: Gliscor|78/100 tox|[from] ability: Poison Heal\n|upkeep\n|turn|114\n|\n|t:|1695176213\n|move|p1a: Gliscor|Spikes||[still]\n|-fail|p1a: Gliscor\n|move|p2a: Landorus|Substitute|p2a: Landorus\n|-fail|p2a: Landorus|move: Substitute\n|\n|-heal|p1a: Gliscor|90/100 tox|[from] ability: Poison Heal\n|upkeep\n|turn|115\n|\n|t:|1695176215\n|move|p1a: Gliscor|Spikes||[still]\n|-fail|p1a: Gliscor\n|move|p2a: Landorus|Grass Knot|p1a: Gliscor\n|-damage|p1a: Gliscor|74/100 tox\n|\n|-heal|p1a: Gliscor|86/100 tox|[from] ability: Poison Heal\n|upkeep\n|turn|116\n|\n|t:|1695176239\n|switch|p1a: Toxapex|Toxapex, F|100/100 par\n|move|p2a: Landorus|Grass Knot|p1a: Toxapex\n|-damage|p1a: Toxapex|95/100 par\n|\n|upkeep\n|turn|117\n|\n|t:|1695176241\n|switch|p1a: Gliscor|Gliscor, F|86/100 tox\n|-damage|p1a: Gliscor|74/100 tox|[from] Stealth Rock\n|move|p2a: Landorus|Smack Down|p1a: Gliscor\n|-damage|p1a: Gliscor|60/100 tox\n|-start|p1a: Gliscor|Smack Down\n|\n|-heal|p1a: Gliscor|73/100 tox|[from] ability: Poison Heal\n|upkeep\n|turn|118\n|\n|t:|1695176245\n|move|p1a: Gliscor|Spikes||[still]\n|-fail|p1a: Gliscor\n|move|p2a: Landorus|Grass Knot|p1a: Gliscor\n|-damage|p1a: Gliscor|57/100 tox\n|\n|-heal|p1a: Gliscor|69/100 tox|[from] ability: Poison Heal\n|upkeep\n|turn|119\n|\n|t:|1695176248\n|switch|p1a: Toxapex|Toxapex, F|100/100 par\n|move|p2a: Landorus|Substitute|p2a: Landorus\n|-fail|p2a: Landorus|move: Substitute\n|\n|upkeep\n|turn|120\n|\n|t:|1695176251\n|switch|p1a: Gliscor|Gliscor, F|69/100 tox\n|-damage|p1a: Gliscor|57/100 tox|[from] Stealth Rock\n|move|p2a: Landorus|Substitute|p2a: Landorus\n|-fail|p2a: Landorus|move: Substitute\n|\n|-heal|p1a: Gliscor|69/100 tox|[from] ability: Poison Heal\n|upkeep\n|turn|121\n|\n|t:|1695176254\n|move|p1a: Gliscor|Spikes||[still]\n|-fail|p1a: Gliscor\n|move|p2a: Landorus|Smack Down|p1a: Gliscor\n|-damage|p1a: Gliscor|57/100 tox\n|-start|p1a: Gliscor|Smack Down\n|\n|-heal|p1a: Gliscor|69/100 tox|[from] ability: Poison Heal\n|upkeep\n|turn|122\n|\n|t:|1695176259\n|move|p1a: Gliscor|Spikes||[still]\n|-fail|p1a: Gliscor\n|move|p2a: Landorus|Earthquake|p1a: Gliscor\n|-crit|p1a: Gliscor\n|-damage|p1a: Gliscor|13/100 tox\n|\n|-heal|p1a: Gliscor|26/100 tox|[from] ability: Poison Heal\n|upkeep\n|turn|123\n|c| Drew96|Galacticknight404: if this bores you then leave, I think this is a pretty intense match\n|l| fredinpanbisin\n|c| Drew96|xD\n|c| Galacticknight404|I said that before the random crit\n|c| Galacticknight404|Tbh it was more back and forth\n|\n|t:|1695176284\n|move|p1a: Gliscor|Protect|p1a: Gliscor\n|-singleturn|p1a: Gliscor|Protect\n|move|p2a: Landorus|Grass Knot|p1a: Gliscor\n|-activate|p1a: Gliscor|move: Protect\n|\n|-heal|p1a: Gliscor|38/100 tox|[from] ability: Poison Heal\n|upkeep\n|turn|124\n|\n|t:|1695176291\n|switch|p1a: Toxapex|Toxapex, F|100/100 par\n|move|p2a: Landorus|Earthquake|p1a: Toxapex\n|-supereffective|p1a: Toxapex\n|-damage|p1a: Toxapex|0 fnt\n|faint|p1a: Toxapex\n|\n|upkeep\n|c| Galacticknight404|but gfc seems to be holding on\n|\n|t:|1695176293\n|switch|p1a: Gliscor|Gliscor, F|38/100 tox\n|-damage|p1a: Gliscor|26/100 tox|[from] Stealth Rock\n|turn|125\n|\n|t:|1695176299\n|move|p1a: Gliscor|Spikes||[still]\n|-fail|p1a: Gliscor\n|move|p2a: Landorus|Smack Down|p1a: Gliscor\n|-damage|p1a: Gliscor|13/100 tox\n|-start|p1a: Gliscor|Smack Down\n|\n|-heal|p1a: Gliscor|26/100 tox|[from] ability: Poison Heal\n|upkeep\n|turn|126\n|\n|t:|1695176306\n|move|p1a: Gliscor|Spikes||[still]\n|-fail|p1a: Gliscor\n|move|p2a: Landorus|Smack Down|p1a: Gliscor\n|-crit|p1a: Gliscor\n|-damage|p1a: Gliscor|8/100 tox\n|\n|-heal|p1a: Gliscor|21/100 tox|[from] ability: Poison Heal\n|upkeep\n|turn|127\n|\n|t:|1695176310\n|move|p1a: Gliscor|Spikes||[still]\n|-fail|p1a: Gliscor\n|move|p2a: Landorus|Smack Down|p1a: Gliscor\n|-damage|p1a: Gliscor|8/100 tox\n|\n|-heal|p1a: Gliscor|20/100 tox|[from] ability: Poison Heal\n|upkeep\n|turn|128\n|\n|t:|1695176312\n|move|p1a: Gliscor|Protect|p1a: Gliscor\n|-singleturn|p1a: Gliscor|Protect\n|move|p2a: Landorus|Smack Down|p1a: Gliscor\n|-activate|p1a: Gliscor|move: Protect\n|\n|-heal|p1a: Gliscor|33/100 tox|[from] ability: Poison Heal\n|upkeep\n|turn|129\n|\n|t:|1695176319\n|move|p1a: Gliscor|Earthquake|p2a: Landorus\n|-immune|p2a: Landorus\n|move|p2a: Landorus|Grass Knot|p1a: Gliscor\n|-damage|p1a: Gliscor|18/100 tox\n|\n|-heal|p1a: Gliscor|31/100 tox|[from] ability: Poison Heal\n|upkeep\n|turn|130\n|c| Galacticknight404|pp stalling is a valid strategy anyways\n|\n|t:|1695176335\n|move|p1a: Gliscor|Earthquake|p2a: Landorus\n|-immune|p2a: Landorus\n|move|p2a: Landorus|Grass Knot|p1a: Gliscor\n|-damage|p1a: Gliscor|13/100 tox\n|\n|-heal|p1a: Gliscor|26/100 tox|[from] ability: Poison Heal\n|upkeep\n|turn|131\n|\n|t:|1695176340\n|move|p1a: Gliscor|Earthquake|p2a: Landorus\n|-immune|p2a: Landorus\n|move|p2a: Landorus|Grass Knot|p1a: Gliscor\n|-crit|p1a: Gliscor\n|-damage|p1a: Gliscor|4/100 tox\n|\n|-heal|p1a: Gliscor|17/100 tox|[from] ability: Poison Heal\n|upkeep\n|turn|132\n|c| finished&washed|for people with infinite free time i guess\n|\n|t:|1695176347\n|move|p1a: Gliscor|Protect|p1a: Gliscor\n|-singleturn|p1a: Gliscor|Protect\n|move|p2a: Landorus|Grass Knot|p1a: Gliscor\n|-activate|p1a: Gliscor|move: Protect\n|\n|-heal|p1a: Gliscor|29/100 tox|[from] ability: Poison Heal\n|upkeep\n|turn|133\n|c| Drew96|im not saying oposite\n|\n|t:|1695176355\n|move|p1a: Gliscor|Toxic||[still]\n|-fail|p1a: Gliscor\n|move|p2a: Landorus|Grass Knot|p1a: Gliscor\n|-damage|p1a: Gliscor|14/100 tox\n|\n|-heal|p1a: Gliscor|27/100 tox|[from] ability: Poison Heal\n|upkeep\n|turn|134\n|\n|t:|1695176359\n|move|p1a: Gliscor|Toxic||[still]\n|-fail|p1a: Gliscor\n|move|p2a: Landorus|Grass Knot|p1a: Gliscor\n|-damage|p1a: Gliscor|10/100 tox\n|\n|-heal|p1a: Gliscor|22/100 tox|[from] ability: Poison Heal\n|upkeep\n|turn|135\n|\n|t:|1695176365\n|move|p1a: Gliscor|Protect|p1a: Gliscor\n|-singleturn|p1a: Gliscor|Protect\n|move|p2a: Landorus|Smack Down|p1a: Gliscor\n|-activate|p1a: Gliscor|move: Protect\n|\n|-heal|p1a: Gliscor|35/100 tox|[from] ability: Poison Heal\n|upkeep\n|turn|136\n|\n|t:|1695176368\n|switch|p1a: Blissey|Blissey, F|84/100\n|move|p2a: Landorus|Grass Knot|p1a: Blissey\n|-damage|p1a: Blissey|79/100\n|\n|upkeep\n|turn|137\n|c| Drew96|but grass knot-spikes for 5 turns xD\n|\n|t:|1695176379\n|switch|p2a: Slowking|Slowking-Galar, M|69/100\n|move|p1a: Blissey|Seismic Toss|p2a: Slowking\n|-damage|p2a: Slowking|44/100\n|\n|upkeep\n|turn|138\n|\n|t:|1695176382\n|move|p1a: Blissey|Seismic Toss|p2a: Slowking\n|-damage|p2a: Slowking|19/100\n|move|p2a: Slowking|Chilly Reception|p2a: Slowking\n|-weather|Snow\n|\n|t:|1695176384\n|switch|p2a: Sneasler|Sneasler, F|95/100|[from] Chilly Reception\n|-damage|p2a: Sneasler|70/100|[from] Spikes\n|\n|-weather|Snow|[upkeep]\n|upkeep\n|turn|139\n|\n|t:|1695176397\n|switch|p1a: Gliscor|Gliscor, F|35/100 tox\n|-damage|p1a: Gliscor|22/100 tox|[from] Stealth Rock\n|-terastallize|p2a: Sneasler|Fighting\n|move|p2a: Sneasler|Close Combat|p1a: Gliscor\n|-resisted|p1a: Gliscor\n|-damage|p1a: Gliscor|0 fnt\n|-unboost|p2a: Sneasler|def|1\n|-unboost|p2a: Sneasler|spd|1\n|faint|p1a: Gliscor\n|\n|-weather|Snow|[upkeep]\n|upkeep\n|\n|t:|1695176399\n|switch|p1a: Dondozo|Dondozo, F|100/100 slp\n|turn|140\n|\n|t:|1695176402\n|switch|p2a: Rotom|Rotom-Wash|100/100\n|cant|p1a: Dondozo|slp\n|move|p1a: Dondozo|Sleep Talk|p1a: Dondozo\n|move|p1a: Dondozo|Liquidation|p2a: Rotom|[from]move: Sleep Talk\n|-resisted|p2a: Rotom\n|-damage|p2a: Rotom|85/100\n|\n|-weather|Snow|[upkeep]\n|-heal|p2a: Rotom|91/100|[from] item: Leftovers\n|upkeep\n|turn|141\n|\n|t:|1695176406\n|switch|p1a: Blissey|Blissey, F|79/100\n|move|p2a: Rotom|Volt Switch|p1a: Blissey\n|-damage|p1a: Blissey|69/100\n|c| finished&washed|dripslayer is just the better player\n|c| finished&washed|well played by him\n|\n|t:|1695176423\n|switch|p2a: Sneasler|Sneasler, F, tera:Fighting|70/100|[from] Volt Switch\n|-damage|p2a: Sneasler|45/100|[from] Spikes\n|\n|-weather|Snow|[upkeep]\n|upkeep\n|turn|142\n|c|\u2606Gjfdygc|if not for the crit i woudlve done better\n|c| finished&washed|6:0ing stall is crazy\n|c|\u2606Gjfdygc|but i do admit this is pretty well played\n|\n|t:|1695176443\n|move|p1a: Blissey|Protect|p1a: Blissey\n|-singleturn|p1a: Blissey|Protect\n|move|p2a: Sneasler|Close Combat|p1a: Blissey\n|-activate|p1a: Blissey|move: Protect\n|\n|-weather|none\n|upkeep\n|turn|143\n|\n|t:|1695176446\n|switch|p1a: Dondozo|Dondozo, F|100/100 slp\n|move|p2a: Sneasler|Close Combat|p1a: Dondozo\n|-damage|p1a: Dondozo|66/100 slp\n|-unboost|p2a: Sneasler|def|1\n|-unboost|p2a: Sneasler|spd|1\n|\n|upkeep\n|turn|144\n|\n|t:|1695176449\n|move|p2a: Sneasler|Close Combat|p1a: Dondozo\n|-damage|p1a: Dondozo|30/100 slp\n|-unboost|p2a: Sneasler|def|1\n|-unboost|p2a: Sneasler|spd|1\n|cant|p1a: Dondozo|slp\n|move|p1a: Dondozo|Sleep Talk|p1a: Dondozo\n|move|p1a: Dondozo|Body Press|p2a: Sneasler|[from]move: Sleep Talk\n|-damage|p2a: Sneasler|0 fnt\n|faint|p2a: Sneasler\n|\n|upkeep\n|c| finished&washed|but u deserved that crit\n|c| Galacticknight404|lol\n|\n|t:|1695176454\n|switch|p2a: Rotom|Rotom-Wash|91/100\n|turn|145\n|c| Galacticknight404|what\n|c| finished&washed|otherwise u need 2 hours for a battle\n|\n|t:|1695176461\n|-terastallize|p1a: Dondozo|Dragon\n|move|p2a: Rotom|Volt Switch|p1a: Dondozo\n|-resisted|p1a: Dondozo\n|-damage|p1a: Dondozo|19/100 slp\n|\n|t:|1695176479\n|switch|p2a: Kingambit|Kingambit, M|81/100|[from] Volt Switch\n|-damage|p2a: Kingambit|57/100|[from] Spikes\n|-activate|p2a: Kingambit|ability: Supreme Overlord\n|-start|p2a: Kingambit|fallen1|[silent]\n|-curestatus|p1a: Dondozo|slp|[msg]\n|move|p1a: Dondozo|Rest|p1a: Dondozo\n|-status|p1a: Dondozo|slp|[from] move: Rest\n|-heal|p1a: Dondozo|100/100 slp|[silent]\n|\n|-heal|p2a: Kingambit|63/100|[from] item: Leftovers\n|upkeep\n|turn|146\n|j| UltraShonen\n|c| finished&washed|stal players cant complayin about being crit when they have to tank 300 moves a game lol. some attacks just have to crit\n|inactive|DripSlayerOrnstein has 120 seconds left.\n|\n|t:|1695176500\n|-end|p2a: Kingambit|fallen1|[silent]\n|switch|p2a: Slowking|Slowking-Galar, M|52/100\n|cant|p1a: Dondozo|slp\n|move|p1a: Dondozo|Sleep Talk|p1a: Dondozo\n|move|p1a: Dondozo|Rest||[from]move: Sleep Talk|[still]\n|-fail|p1a: Dondozo\n|\n|upkeep\n|turn|147\n|\n|t:|1695176503\n|switch|p1a: Blissey|Blissey, F|69/100\n|move|p2a: Slowking|Future Sight|p1a: Blissey\n|-start|p2a: Slowking|move: Future Sight\n|\n|upkeep\n|turn|148\n|j| fredinpanbisin\n|\n|t:|1695176508\n|move|p1a: Blissey|Soft-Boiled|p1a: Blissey\n|-heal|p1a: Blissey|100/100\n|move|p2a: Slowking|Psychic|p1a: Blissey\n|-damage|p1a: Blissey|87/100\n|\n|upkeep\n|turn|149\n|\n|t:|1695176511\n|move|p1a: Blissey|Seismic Toss|p2a: Slowking\n|-damage|p2a: Slowking|26/100\n|move|p2a: Slowking|Chilly Reception|p2a: Slowking\n|-weather|Snow\n|\n|t:|1695176518\n|switch|p2a: Cinderace|Cinderace, F|95/100 tox|[from] Chilly Reception\n|\n|-weather|Snow|[upkeep]\n|-end|p1a: Blissey|move: Future Sight\n|-damage|p1a: Blissey|69/100\n|-damage|p2a: Cinderace|89/100 tox|[from] psn\n|upkeep\n|turn|150\n|\n|t:|1695176521\n|switch|p1a: Dondozo|Dondozo, F, tera:Dragon|100/100 slp\n|move|p2a: Cinderace|Low Kick|p1a: Dondozo\n|-start|p2a: Cinderace|typechange|Fighting|[from] ability: Libero\n|-damage|p1a: Dondozo|73/100 slp\n|\n|-weather|Snow|[upkeep]\n|-damage|p2a: Cinderace|77/100 tox|[from] psn\n|upkeep\n|turn|151\n|c| Galacticknight404|Y'know that's the first thing I agree with you on, crits are inevitable\n|\n|t:|1695176533\n|move|p2a: Cinderace|U-turn|p1a: Dondozo\n|-damage|p1a: Dondozo|63/100 slp\n|\n|t:|1695176541\n|switch|p2a: Slowking|Slowking-Galar, M|60/100|[from] U-turn\n|cant|p1a: Dondozo|slp\n|move|p1a: Dondozo|Sleep Talk|p1a: Dondozo\n|move|p1a: Dondozo|Rest||[from]move: Sleep Talk|[still]\n|-fail|p1a: Dondozo\n|\n|-weather|Snow|[upkeep]\n|upkeep\n|turn|152\n|\n|t:|1695176545\n|switch|p1a: Blissey|Blissey, F|69/100\n|move|p2a: Slowking|Psychic|p1a: Blissey\n|-crit|p1a: Blissey\n|-damage|p1a: Blissey|52/100\n|\n|-weather|Snow|[upkeep]\n|upkeep\n|turn|153\n|\n|t:|1695176549\n|move|p1a: Blissey|Soft-Boiled|p1a: Blissey\n|-heal|p1a: Blissey|100/100\n|move|p2a: Slowking|Future Sight|p1a: Blissey\n|-start|p2a: Slowking|move: Future Sight\n|\n|-weather|none\n|upkeep\n|turn|154\n|c| finished&washed|u dont agree with me when i say stall is boring and only people with infinite free time play that?\n|c| Galacticknight404|Nope\n|\n|t:|1695176566\n|switch|p2a: Landorus|Landorus-Therian, M|100/100\n|-ability|p2a: Landorus|Intimidate|boost\n|-unboost|p1a: Blissey|atk|1\n|move|p1a: Blissey|Calm Mind|p1a: Blissey\n|-boost|p1a: Blissey|spa|1\n|-boost|p1a: Blissey|spd|1\n|\n|upkeep\n|turn|155\n|c| daisuu514|crits are legit there to stop stall\n|c| Galacticknight404|especially in old gens\n|\n|t:|1695176586\n|move|p2a: Landorus|Substitute|p2a: Landorus\n|-start|p2a: Landorus|Substitute\n|-damage|p2a: Landorus|75/100\n|move|p1a: Blissey|Seismic Toss|p2a: Landorus\n|-end|p2a: Landorus|Substitute\n|\n|-end|p1a: Blissey|move: Future Sight\n|-damage|p1a: Blissey|90/100\n|-heal|p2a: Landorus|82/100|[from] item: Leftovers\n|upkeep\n|turn|156\n|\n|t:|1695176591\n|move|p2a: Landorus|Smack Down|p1a: Blissey\n|-damage|p1a: Blissey|74/100\n|move|p1a: Blissey|Seismic Toss|p2a: Landorus\n|-damage|p2a: Landorus|55/100\n|\n|-heal|p2a: Landorus|61/100|[from] item: Leftovers\n|upkeep\n|turn|157\n|c| Galacticknight404|crits back then I feel like were necessary\n|inactive|DripSlayerOrnstein has 120 seconds left.\n|\n|t:|1695176611\n|move|p2a: Landorus|Smack Down|p1a: Blissey\n|-damage|p1a: Blissey|57/100\n|move|p1a: Blissey|Seismic Toss|p2a: Landorus\n|-damage|p2a: Landorus|35/100\n|\n|-heal|p2a: Landorus|41/100|[from] item: Leftovers\n|upkeep\n|turn|158\n|c| daisuu514|yeah thats true\n|inactive|DripSlayerOrnstein has 120 seconds left.\n|\n|t:|1695176617\n|move|p2a: Landorus|Smack Down|p1a: Blissey\n|-damage|p1a: Blissey|38/100\n|move|p1a: Blissey|Seismic Toss|p2a: Landorus\n|-damage|p2a: Landorus|14/100\n|\n|-heal|p2a: Landorus|20/100|[from] item: Leftovers\n|upkeep\n|turn|159\n|l| iampsykick\n|inactive|DripSlayerOrnstein has 120 seconds left.\n|\n|t:|1695176624\n|move|p2a: Landorus|Grass Knot|p1a: Blissey\n|-damage|p1a: Blissey|35/100\n|move|p1a: Blissey|Soft-Boiled|p1a: Blissey\n|-heal|p1a: Blissey|85/100\n|\n|-heal|p2a: Landorus|26/100|[from] item: Leftovers\n|upkeep\n|turn|160\n|inactive|DripSlayerOrnstein has 120 seconds left.\n|\n|t:|1695176640\n|move|p2a: Landorus|Grass Knot|p1a: Blissey\n|-damage|p1a: Blissey|81/100\n|move|p1a: Blissey|Seismic Toss|p2a: Landorus\n|-damage|p2a: Landorus|0 fnt\n|faint|p2a: Landorus\n|\n|upkeep\n|inactive|DripSlayerOrnstein has 90 seconds left.\n|\n|t:|1695176668\n|switch|p2a: Cinderace|Cinderace, F|77/100 tox\n|turn|161\n|\n|t:|1695176684\n|move|p1a: Blissey|Protect|p1a: Blissey\n|-singleturn|p1a: Blissey|Protect\n|move|p2a: Cinderace|Court Change|p2a: Cinderace\n|-start|p2a: Cinderace|typechange|Normal|[from] ability: Libero\n|-swapsideconditions\n|-activate|p2a: Cinderace|move: Court Change\n|\n|-damage|p2a: Cinderace|71/100 tox|[from] psn\n|upkeep\n|turn|162\n|\n|t:|1695176692\n|switch|p1a: Dondozo|Dondozo, F, tera:Dragon|63/100 slp\n|move|p2a: Cinderace|U-turn|p1a: Dondozo\n|-damage|p1a: Dondozo|53/100 slp\n|\n|t:|1695176695\n|switch|p2a: Slowking|Slowking-Galar, M|93/100|[from] U-turn\n|\n|upkeep\n|turn|163\n|\n|t:|1695176700\n|move|p2a: Slowking|Future Sight|p1a: Dondozo\n|-start|p2a: Slowking|move: Future Sight\n|-curestatus|p1a: Dondozo|slp|[msg]\n|move|p1a: Dondozo|Rest|p1a: Dondozo\n|-status|p1a: Dondozo|slp|[from] move: Rest\n|-heal|p1a: Dondozo|100/100 slp|[silent]\n|\n|upkeep\n|turn|164\n|\n|t:|1695176708\n|switch|p1a: Blissey|Blissey, F|81/100\n|move|p2a: Slowking|Psychic|p1a: Blissey\n|-damage|p1a: Blissey|69/100\n|\n|upkeep\n|turn|165\n|\n|t:|1695176714\n|move|p1a: Blissey|Calm Mind|p1a: Blissey\n|-boost|p1a: Blissey|spa|1\n|-boost|p1a: Blissey|spd|1\n|move|p2a: Slowking|Psychic|p1a: Blissey\n|-damage|p1a: Blissey|60/100\n|\n|-end|p1a: Blissey|move: Future Sight\n|-damage|p1a: Blissey|49/100\n|upkeep\n|turn|166\n|\n|t:|1695176724\n|move|p1a: Blissey|Seismic Toss|p2a: Slowking\n|-damage|p2a: Slowking|68/100\n|move|p2a: Slowking|Psychic|p1a: Blissey\n|-damage|p1a: Blissey|41/100\n|\n|upkeep\n|turn|167\n|inactive|DripSlayerOrnstein has 90 seconds left.\n|\n|t:|1695176730\n|move|p1a: Blissey|Calm Mind|p1a: Blissey\n|-boost|p1a: Blissey|spa|1\n|-boost|p1a: Blissey|spd|1\n|move|p2a: Slowking|Chilly Reception|p2a: Slowking\n|-weather|Snow\n|\n|t:|1695176732\n|switch|p2a: Kingambit|Kingambit, M|63/100|[from] Chilly Reception\n|-damage|p2a: Kingambit|57/100|[from] Stealth Rock\n|-activate|p2a: Kingambit|ability: Supreme Overlord\n|-start|p2a: Kingambit|fallen2|[silent]\n|\n|-weather|Snow|[upkeep]\n|-heal|p2a: Kingambit|63/100|[from] item: Leftovers\n|upkeep\n|turn|168\n|inactive|DripSlayerOrnstein has 90 seconds left.\n|\n|t:|1695176741\n|-end|p2a: Kingambit|fallen2|[silent]\n|switch|p2a: Slowking|Slowking-Galar, M|100/100\n|switch|p1a: Dondozo|Dondozo, F, tera:Dragon|100/100 slp\n|\n|-weather|Snow|[upkeep]\n|upkeep\n|turn|169\n|\n|t:|1695176747\n|move|p2a: Slowking|Future Sight|p1a: Dondozo\n|-start|p2a: Slowking|move: Future Sight\n|cant|p1a: Dondozo|slp\n|move|p1a: Dondozo|Sleep Talk|p1a: Dondozo\n|move|p1a: Dondozo|Liquidation|p2a: Slowking|[from]move: Sleep Talk\n|-damage|p2a: Slowking|75/100\n|\n|-weather|Snow|[upkeep]\n|upkeep\n|turn|170\n|\n|t:|1695176750\n|switch|p1a: Blissey|Blissey, F|41/100\n|move|p2a: Slowking|Psychic|p1a: Blissey\n|-damage|p1a: Blissey|29/100\n|\n|-weather|Snow|[upkeep]\n|upkeep\n|turn|171\n|\n|t:|1695176756\n|move|p1a: Blissey|Soft-Boiled|p1a: Blissey\n|-heal|p1a: Blissey|79/100\n|move|p2a: Slowking|Psychic|p1a: Blissey\n|-crit|p1a: Blissey\n|-damage|p1a: Blissey|59/100\n|\n|-weather|none\n|-end|p1a: Blissey|move: Future Sight\n|-damage|p1a: Blissey|44/100\n|upkeep\n|turn|172\n|\n|t:|1695176765\n|move|p1a: Blissey|Calm Mind|p1a: Blissey\n|-boost|p1a: Blissey|spa|1\n|-boost|p1a: Blissey|spd|1\n|move|p2a: Slowking|Future Sight|p1a: Blissey\n|-start|p2a: Slowking|move: Future Sight\n|\n|upkeep\n|turn|173\n|\n|t:|1695176768\n|move|p1a: Blissey|Calm Mind|p1a: Blissey\n|-boost|p1a: Blissey|spa|1\n|-boost|p1a: Blissey|spd|1\n|move|p2a: Slowking|Chilly Reception|p2a: Slowking\n|-weather|Snow\n|\n|t:|1695176770\n|switch|p2a: Kingambit|Kingambit, M|63/100|[from] Chilly Reception\n|-damage|p2a: Kingambit|57/100|[from] Stealth Rock\n|-activate|p2a: Kingambit|ability: Supreme Overlord\n|-start|p2a: Kingambit|fallen2|[silent]\n|\n|-weather|Snow|[upkeep]\n|-heal|p2a: Kingambit|63/100|[from] item: Leftovers\n|upkeep\n|turn|174\n|c| daisuu514|this is one of the most insane games ive seen but its probably just bc im not on showdown that much\n|\n|t:|1695176777\n|move|p1a: Blissey|Protect|p1a: Blissey\n|-singleturn|p1a: Blissey|Protect\n|move|p2a: Kingambit|Low Kick|p1a: Blissey\n|-activate|p1a: Blissey|move: Protect\n|\n|-weather|Snow|[upkeep]\n|-end|p1a: Blissey|move: Future Sight\n|-damage|p1a: Blissey|35/100\n|-heal|p2a: Kingambit|69/100|[from] item: Leftovers\n|upkeep\n|turn|175\n|\n|t:|1695176784\n|switch|p1a: Dondozo|Dondozo, F, tera:Dragon|100/100 slp\n|move|p2a: Kingambit|Kowtow Cleave|p1a: Dondozo\n|-damage|p1a: Dondozo|73/100 slp\n|\n|-weather|Snow|[upkeep]\n|-heal|p2a: Kingambit|75/100|[from] item: Leftovers\n|upkeep\n|turn|176\n|\n|t:|1695176787\n|-end|p2a: Kingambit|fallen2|[silent]\n|switch|p2a: Slowking|Slowking-Galar, M|100/100\n|cant|p1a: Dondozo|slp\n|move|p1a: Dondozo|Sleep Talk|p1a: Dondozo\n|move|p1a: Dondozo|Liquidation|p2a: Slowking|[from]move: Sleep Talk\n|-damage|p2a: Slowking|76/100\n|\n|-weather|Snow|[upkeep]\n|upkeep\n|turn|177\n|c| finished&washed|yea thats the reason\n|\n|t:|1695176799\n|switch|p1a: Blissey|Blissey, F|35/100\n|move|p2a: Slowking|Future Sight|p1a: Blissey\n|-start|p2a: Slowking|move: Future Sight\n|\n|-weather|none\n|upkeep\n|turn|178\n|\n|t:|1695176802\n|move|p1a: Blissey|Calm Mind|p1a: Blissey\n|-boost|p1a: Blissey|spa|1\n|-boost|p1a: Blissey|spd|1\n|move|p2a: Slowking|Psychic|p1a: Blissey\n|-crit|p1a: Blissey\n|-damage|p1a: Blissey|15/100\n|\n|upkeep\n|turn|179\n|c| finished&washed|the best ones are a bit more higher pace\n|\n|t:|1695176806\n|move|p1a: Blissey|Soft-Boiled|p1a: Blissey\n|-heal|p1a: Blissey|65/100\n|move|p2a: Slowking|Chilly Reception|p2a: Slowking\n|-weather|Snow\n|c| daisuu514|is this a relatively common sight?\n|c| Galacticknight404|it's been awhile since I've seen a high ladder go on this long\n|c|\u2606DripSlayerOrnstein|nah its not daisuu\n|c| Galacticknight404|in gen 9? nah\n|\n|t:|1695176819\n|switch|p2a: Kingambit|Kingambit, M|75/100|[from] Chilly Reception\n|-damage|p2a: Kingambit|69/100|[from] Stealth Rock\n|-activate|p2a: Kingambit|ability: Supreme Overlord\n|-start|p2a: Kingambit|fallen2|[silent]\n|\n|-weather|Snow|[upkeep]\n|-end|p1a: Blissey|move: Future Sight\n|-damage|p1a: Blissey|54/100\n|-heal|p2a: Kingambit|75/100|[from] item: Leftovers\n|upkeep\n|turn|180\n|c| daisuu514|ohh ic\n|c| fredinpanbisin|stall getting packed is always nice\n|\n|t:|1695176823\n|switch|p1a: Dondozo|Dondozo, F, tera:Dragon|73/100 slp\n|move|p2a: Kingambit|Low Kick|p1a: Dondozo\n|-crit|p1a: Dondozo\n|-damage|p1a: Dondozo|37/100 slp\n|\n|-weather|Snow|[upkeep]\n|-heal|p2a: Kingambit|81/100|[from] item: Leftovers\n|upkeep\n|turn|181\n|\n|t:|1695176827\n|-end|p2a: Kingambit|fallen2|[silent]\n|switch|p2a: Slowking|Slowking-Galar, M|100/100\n|-curestatus|p1a: Dondozo|slp|[msg]\n|move|p1a: Dondozo|Rest|p1a: Dondozo\n|-status|p1a: Dondozo|slp|[from] move: Rest\n|-heal|p1a: Dondozo|100/100 slp|[silent]\n|\n|-weather|Snow|[upkeep]\n|upkeep\n|turn|182\n|c| finished&washed|yeah some people play stall and every second battle takes 100+ turns\n|\n|t:|1695176832\n|move|p2a: Slowking|Future Sight|p1a: Dondozo\n|-start|p2a: Slowking|move: Future Sight\n|cant|p1a: Dondozo|slp\n|move|p1a: Dondozo|Sleep Talk|p1a: Dondozo\n|move|p1a: Dondozo|Liquidation|p2a: Slowking|[from]move: Sleep Talk\n|-damage|p2a: Slowking|75/100\n|-unboost|p2a: Slowking|def|1\n|\n|-weather|Snow|[upkeep]\n|upkeep\n|turn|183\n|c| daisuu514|i played doubles ho a lot so im not used to this\n|\n|t:|1695176841\n|move|p2a: Slowking|Chilly Reception|p2a: Slowking\n|j| ban kingler\n|\n|t:|1695176843\n|switch|p2a: Rotom|Rotom-Wash|91/100|[from] Chilly Reception\n|-damage|p2a: Rotom|79/100|[from] Stealth Rock\n|cant|p1a: Dondozo|slp\n|move|p1a: Dondozo|Sleep Talk|p1a: Dondozo\n|move|p1a: Dondozo|Liquidation|p2a: Rotom|[from]move: Sleep Talk\n|-resisted|p2a: Rotom\n|-damage|p2a: Rotom|64/100\n|\n|-weather|none\n|-heal|p2a: Rotom|70/100|[from] item: Leftovers\n|upkeep\n|turn|184\n|\n|t:|1695176846\n|switch|p1a: Blissey|Blissey, F|54/100\n|move|p2a: Rotom|Volt Switch|p1a: Blissey\n|-damage|p1a: Blissey|45/100\n|c| finished&washed|thank u dripslayer\n|\n|t:|1695176851\n|switch|p2a: Kingambit|Kingambit, M|81/100|[from] Volt Switch\n|-damage|p2a: Kingambit|75/100|[from] Stealth Rock\n|-activate|p2a: Kingambit|ability: Supreme Overlord\n|-start|p2a: Kingambit|fallen2|[silent]\n|\n|-end|p1a: Blissey|move: Future Sight\n|-damage|p1a: Blissey|27/100\n|-heal|p2a: Kingambit|81/100|[from] item: Leftovers\n|upkeep\n|turn|185\n|\n|t:|1695176854\n|switch|p1a: Dondozo|Dondozo, F, tera:Dragon|100/100 slp\n|move|p2a: Kingambit|Kowtow Cleave|p1a: Dondozo\n|-damage|p1a: Dondozo|75/100 slp\n|\n|-heal|p2a: Kingambit|87/100|[from] item: Leftovers\n|upkeep\n|turn|186\n|\n|t:|1695176858\n|-end|p2a: Kingambit|fallen2|[silent]\n|switch|p2a: Slowking|Slowking-Galar, M|100/100\n|-curestatus|p1a: Dondozo|slp|[msg]\n|move|p1a: Dondozo|Body Press|p2a: Slowking\n|-resisted|p2a: Slowking\n|-damage|p2a: Slowking|95/100\n|\n|upkeep\n|turn|187\n|\n|t:|1695176861\n|move|p2a: Slowking|Psychic|p1a: Dondozo\n|-damage|p1a: Dondozo|44/100\n|move|p1a: Dondozo|Liquidation|p2a: Slowking\n|-crit|p2a: Slowking\n|-damage|p2a: Slowking|57/100\n|\n|upkeep\n|turn|188\n|c| finished&washed|doing gods work\n|\n|t:|1695176870\n|move|p2a: Slowking|Psychic|p1a: Dondozo\n|-damage|p1a: Dondozo|10/100\n|move|p1a: Dondozo|Rest|p1a: Dondozo\n|-status|p1a: Dondozo|slp|[from] move: Rest\n|-heal|p1a: Dondozo|100/100 slp|[silent]\n|\n|upkeep\n|turn|189\n|inactive|DripSlayerOrnstein has 120 seconds left.\n|\n|t:|1695176875\n|switch|p1a: Blissey|Blissey, F|27/100\n|move|p2a: Slowking|Grass Knot|p1a: Blissey\n|-damage|p1a: Blissey|21/100\n|\n|upkeep\n|turn|190\n|c| daisuu514|honestly tho i wouldnt be bothered to play a 100 turn+ game\n|\n|t:|1695176886\n|switch|p2a: Cinderace|Cinderace, F|71/100 tox\n|move|p1a: Blissey|Seismic Toss|p2a: Cinderace\n|-damage|p2a: Cinderace|37/100 tox\n|\n|-damage|p2a: Cinderace|31/100 tox|[from] psn\n|upkeep\n|turn|191\n|c| daisuu514|even if i won it\n|c| Galacticknight404|This type of stuff takes a ton of correct positioning and planning several turns ahead\n|\n|t:|1695176893\n|switch|p1a: Dondozo|Dondozo, F, tera:Dragon|100/100 slp\n|move|p2a: Cinderace|Low Kick|p1a: Dondozo\n|-start|p2a: Cinderace|typechange|Fighting|[from] ability: Libero\n|-damage|p1a: Dondozo|74/100 slp\n|\n|-damage|p2a: Cinderace|19/100 tox|[from] psn\n|upkeep\n|turn|192\n|\n|t:|1695176898\n|move|p2a: Cinderace|U-turn|p1a: Dondozo\n|-damage|p1a: Dondozo|64/100 slp\n|c| Galacticknight404|I really like that aspect of singles\n|\n|t:|1695176900\n|switch|p2a: Slowking|Slowking-Galar, M|91/100|[from] U-turn\n|cant|p1a: Dondozo|slp\n|\n|upkeep\n|turn|193\n|c| finished&washed|and a lot of freetime\n|c| finished&washed|both\n|c| daisuu514|i find singles rly difficult lmao\n|\n|t:|1695176920\n|move|p2a: Slowking|Psychic|p1a: Dondozo\n|-damage|p1a: Dondozo|30/100 slp\n|cant|p1a: Dondozo|slp\n|\n|upkeep\n|turn|194\n|c|\u2606Gjfdygc|and thats about it i guess\n|\n|t:|1695176933\n|switch|p1a: Blissey|Blissey, F|21/100\n|move|p2a: Slowking|Psychic|p1a: Blissey\n|-damage|p1a: Blissey|9/100\n|\n|upkeep\n|turn|195\n|c| finished&washed|singles is definitly easier than doubles\n|inactive|DripSlayerOrnstein has 120 seconds left.\n|\n|t:|1695176939\n|move|p1a: Blissey|Seismic Toss|p2a: Slowking\n|-damage|p2a: Slowking|65/100\n|move|p2a: Slowking|Psychic|p1a: Blissey\n|-damage|p1a: Blissey|0 fnt\n|faint|p1a: Blissey\n|\n|upkeep\n|\n|t:|1695176941\n|switch|p1a: Dondozo|Dondozo, F, tera:Dragon|30/100 slp\n|turn|196\n|c| daisuu514|really??\n|c| fredinpanbisin|G_G\n|\n|t:|1695176944\n|move|p2a: Slowking|Psychic|p1a: Dondozo\n|-damage|p1a: Dondozo|0 fnt\n|faint|p1a: Dondozo\n|\n|win|DripSlayerOrnstein\n|raw|Gjfdygc's rating: 1745 &rarr; <strong>1726</strong><br />(-19 for losing)\n|raw|DripSlayerOrnstein's rating: 1770 &rarr; <strong>1789</strong><br />(+19 for winning)\n|c| finished&washed|goat drip slayer\n|c|\u2606DripSlayerOrnstein|gg\n|c|\u2606Gjfdygc|ggs\n|c| daisuu514|w game\n|c| Galacticknight404|Good stuff\n|c| Drew96|gg\n|j| Aggs123\n|l| TKMOZ\n|l|\u2606DripSlayerOrnstein\n|l| Drew96\n|c| daisuu514|damn\n|c| daisuu514|200+ turns to be beat stall\n|c| Galacticknight404|lol\n|l| Aggs123\n|c| daisuu514|whoops, around 200\n|l| UltraShonen\n|j| Aggs123\n|c| Galacticknight404|this gen 9 is very anti stall too\n|c| daisuu514|yeah\n|c| daisuu514|blissey literally fell off\n|c| daisuu514|and toxapex isnt the supreme king anymore\n|l| ban kingler\n|c| daisuu514|i started in gen 7, toxapex was everywhere..\n|l| Aggs123\n|c| Galacticknight404|it doesnt even get scald\n|c| Galacticknight404|Crazy\n|l| fredinpanbisin\n|c| daisuu514|yeah but its still amazing\n|c| Galacticknight404|absolutely, it's very versatile\n|c| daisuu514|everyone thought toxapex would be uubl\n|c| daisuu514|without scald\n|c| daisuu514|but the king of stall lives on\n|c| Galacticknight404|Regenerator is just that insane I feel\n|l| finished&washed\n|c| Galacticknight404|especially with min maxed stats\n|c| daisuu514|having two regenerator pokemon on one team is like\n|c| daisuu514|pure stall\n|c| daisuu514|i ran a merciless toxapex in gen 7 just to troll\n|c| Galacticknight404|They had to make a clause just to stop people from making battles take too long with regenerator pokemon\n|c| daisuu514|damn\n|c| Galacticknight404|Pretty busted ability\n|c| daisuu514|regenerator rly is op\n|c| daisuu514|there isnt a lot of stall in doubles\n|c| Galacticknight404|it came from a battle that almost took 2000 turns iirc?\n|c| daisuu514|wasnt it abr vs tele?\n|c| Galacticknight404|wo chien and ting lu are the closest to stall right?\n|c| Galacticknight404|yup I tihnk\n|c| daisuu514|yeah\n|c| daisuu514|that battle was epic\n|c| daisuu514|ting lu is the stalliest pokemon in dou\n|c| daisuu514|wo chien, you dont see it\n", "uploadtime": 1695176958, "views": 26, "p1id": "gjfdygc", "p2id": "dripslayerornstein", "formatid": "gen9ou", "rating": 1726, "private": 0, "password": ""}