{"id": "gen9ou-1947635121", "p1": "TwistedWinds", "p2": "wyq123456", "format": "gen9ou", "log": "|j|\u2606TwistedWinds\n|j|\u2606wyq123456\n|t:|1695180275\n|gametype|singles\n|player|p1|TwistedWinds|backpacker|1199\n|player|p2|wyq123456|winona|1126\n|teamsize|p1|6\n|teamsize|p2|6\n|gen|9\n|tier|[Gen 9] OU\n|rated|\n|rule|Sleep Clause Mod: Limit one foe put to sleep\n|rule|Species Clause: Limit one of each Pok\u00e9mon\n|rule|OHKO Clause: OHKO moves are banned\n|rule|Evasion Items Clause: Evasion items are banned\n|rule|Evasion Moves Clause: Evasion moves are banned\n|rule|Endless Battle Clause: Forcing endless battles is banned\n|rule|HP Percentage Mod: HP is shown in percentages\n|clearpoke\n|poke|p1|Shiftry, M|\n|poke|p1|Empoleon, M|\n|poke|p1|Ribombee, F|\n|poke|p1|Great Tusk|\n|poke|p1|Ogerpon-Hearthflame, F|\n|poke|p1|Volcanion|\n|poke|p2|Dragonite, F|\n|poke|p2|Samurott-Hisui, M|\n|poke|p2|Zapdos|\n|poke|p2|Amoonguss, M|\n|poke|p2|Greninja-*, M|\n|poke|p2|Chandelure, F|\n|teampreview\n|inactive|Battle timer is ON: inactive players will automatically lose when time's up. (requested by wyq123456)\n|\n|t:|1695180294\n|start\n|switch|p1a: Ribombee|Ribombee, F|100/100\n|switch|p2a: Samurott|Samurott-Hisui, M|100/100\n|turn|1\n|inactive|TwistedWinds has 120 seconds left.\n|\n|t:|1695180327\n|move|p1a: Ribombee|Sticky Web|p2a: Samurott\n|-sidestart|p2: wyq123456|move: Sticky Web\n|move|p2a: Samurott|Ceaseless Edge|p1a: Ribombee\n|-resisted|p1a: Ribombee\n|-damage|p1a: Ribombee|63/100\n|-sidestart|p1: TwistedWinds|Spikes\n|\n|upkeep\n|turn|2\n|\n|t:|1695180335\n|move|p1a: Ribombee|Moonblast|p2a: Samurott\n|-supereffective|p2a: Samurott\n|-damage|p2a: Samurott|37/100\n|move|p2a: Samurott|Ceaseless Edge|p1a: Ribombee\n|-resisted|p1a: Ribombee\n|-damage|p1a: Ribombee|27/100\n|-sidestart|p1: TwistedWinds|Spikes\n|\n|upkeep\n|turn|3\n|\n|t:|1695180345\n|switch|p2a: Amoonguss|Amoonguss, M|100/100\n|-activate|p2a: Amoonguss|move: Sticky Web\n|-unboost|p2a: Amoonguss|spe|1\n|move|p1a: Ribombee|Moonblast|p2a: Amoonguss\n|-resisted|p2a: Amoonguss\n|-damage|p2a: Amoonguss|86/100\n|-unboost|p2a: Amoonguss|spa|1\n|\n|upkeep\n|turn|4\n|\n|t:|1695180350\n|move|p1a: Ribombee|Tailwind|p1a: Ribombee\n|-sidestart|p1: TwistedWinds|move: Tailwind\n|move|p2a: Amoonguss|Spore|p1a: Ribombee\n|-status|p1a: Ribombee|slp|[from] move: Spore\n|\n|upkeep\n|turn|5\n|\n|t:|1695180358\n|switch|p1a: Great Tusk|Great Tusk|100/100\n|move|p2a: Amoonguss|Spore|p1a: Great Tusk\n|-message|Sleep Clause Mod activated.\n|-hint|Sleep Clause Mod prevents players from putting more than one of their opponent's Pok\u00e9mon to sleep at a time\n|\n|upkeep\n|turn|6\n|\n|t:|1695180366\n|switch|p2a: Greninja|Greninja, M|100/100\n|-activate|p2a: Greninja|move: Sticky Web\n|-unboost|p2a: Greninja|spe|1\n|move|p1a: Great Tusk|Rapid Spin|p2a: Greninja\n|-damage|p2a: Greninja|73/100\n|-boost|p1a: Great Tusk|spe|1\n|-sideend|p1: TwistedWinds|Spikes|[from] move: Rapid Spin|[of] p1a: Great Tusk\n|\n|upkeep\n|turn|7\n|\n|t:|1695180370\n|move|p2a: Greninja|Water Shuriken|p1a: Great Tusk\n|-supereffective|p1a: Great Tusk\n|-damage|p1a: Great Tusk|79/100\n|-supereffective|p1a: Great Tusk\n|-damage|p1a: Great Tusk|58/100\n|-supereffective|p1a: Great Tusk\n|-damage|p1a: Great Tusk|35/100\n|-supereffective|p1a: Great Tusk\n|-damage|p1a: Great Tusk|14/100\n|-hitcount|p1a: Great Tusk|4\n|move|p1a: Great Tusk|Close Combat|p2a: Greninja\n|-supereffective|p2a: Greninja\n|-damage|p2a: Greninja|0 fnt\n|-unboost|p1a: Great Tusk|def|1\n|-unboost|p1a: Great Tusk|spd|1\n|faint|p2a: Greninja\n|\n|-sideend|p1: TwistedWinds|move: Tailwind\n|upkeep\n|\n|t:|1695180389\n|switch|p2a: Dragonite|Dragonite, F|100/100\n|turn|8\n|\n|t:|1695180392\n|move|p1a: Great Tusk|Knock Off|p2a: Dragonite\n|-damage|p2a: Dragonite|82/100\n|-enditem|p2a: Dragonite|Weakness Policy|[from] move: Knock Off|[of] p1a: Great Tusk\n|move|p2a: Dragonite|Dragon Dance|p2a: Dragonite\n|-boost|p2a: Dragonite|atk|1\n|-boost|p2a: Dragonite|spe|1\n|\n|upkeep\n|turn|9\n|\n|t:|1695180402\n|-end|p1a: Great Tusk|Protosynthesis|[silent]\n|switch|p1a: Ribombee|Ribombee, F|27/100 slp\n|move|p2a: Dragonite|Dragon Dance|p2a: Dragonite\n|-boost|p2a: Dragonite|atk|1\n|-boost|p2a: Dragonite|spe|1\n|\n|upkeep\n|turn|10\n|\n|t:|1695180406\n|move|p2a: Dragonite|Dragon Dance|p2a: Dragonite\n|-boost|p2a: Dragonite|atk|1\n|-boost|p2a: Dragonite|spe|1\n|cant|p1a: Ribombee|slp\n|\n|upkeep\n|turn|11\n|\n|t:|1695180409\n|-terastallize|p2a: Dragonite|Normal\n|move|p2a: Dragonite|Extreme Speed|p1a: Ribombee\n|-damage|p1a: Ribombee|0 fnt\n|faint|p1a: Ribombee\n|\n|upkeep\n|\n|t:|1695180413\n|switch|p1a: Empoleon|Empoleon, M|100/100\n|turn|12\n|\n|t:|1695180418\n|move|p2a: Dragonite|Extreme Speed|p1a: Empoleon\n|-resisted|p1a: Empoleon\n|-damage|p1a: Empoleon|32/100\n|move|p1a: Empoleon|Ice Beam|p2a: Dragonite\n|-damage|p2a: Dragonite|47/100\n|-damage|p1a: Empoleon|22/100|[from] item: Life Orb\n|\n|upkeep\n|turn|13\n|\n|t:|1695180425\n|move|p2a: Dragonite|Extreme Speed|p1a: Empoleon\n|-resisted|p1a: Empoleon\n|-damage|p1a: Empoleon|0 fnt\n|faint|p1a: Empoleon\n|\n|upkeep\n|\n|t:|1695180430\n|switch|p1a: Shiftry|Shiftry, M|100/100\n|turn|14\n|\n|t:|1695180434\n|move|p2a: Dragonite|Extreme Speed|p1a: Shiftry\n|-damage|p1a: Shiftry|0 fnt\n|faint|p1a: Shiftry\n|\n|upkeep\n|\n|t:|1695180438\n|switch|p1a: Volcanion|Volcanion|100/100\n|turn|15\n|\n|t:|1695180441\n|move|p2a: Dragonite|Extreme Speed|p1a: Volcanion\n|-damage|p1a: Volcanion|0 fnt\n|faint|p1a: Volcanion\n|\n|upkeep\n|\n|t:|1695180445\n|switch|p1a: Ogerpon|Ogerpon-Hearthflame, F|100/100\n|-ability|p1a: Ogerpon|Mold Breaker\n|turn|16\n|\n|t:|1695180447\n|-terastallize|p1a: Ogerpon|Fire\n|detailschange|p1a: Ogerpon|Ogerpon-Hearthflame-Tera, F, tera:Fire\n|-ability|p1a: Ogerpon|Embody Aspect (Hearthflame)|boost\n|-boost|p1a: Ogerpon|atk|1\n|move|p2a: Dragonite|Extreme Speed|p1a: Ogerpon\n|-damage|p1a: Ogerpon|0 fnt\n|faint|p1a: Ogerpon\n|\n|upkeep\n|-message|TwistedWinds forfeited.\n|\n|win|wyq123456\n|raw|TwistedWinds's rating: 1199 &rarr; <strong>1169</strong><br />(-30 for losing)\n|raw|wyq123456's rating: 1126 &rarr; <strong>1156</strong><br />(+30 for winning)\n|l|\u2606TwistedWinds\n", "uploadtime": 1695180462, "views": 2, "p1id": "twistedwinds", "p2id": "wyq123456", "formatid": "gen9ou", "rating": 1156, "private": 0, "password": ""}