{"id": "gen9ou-1947667655", "p1": "CoiledCoronet", "p2": "hutoew", "format": "gen9ou", "log": "|j|\u2606CoiledCoronet\n|j|\u2606hutoew\n|t:|1695184337\n|gametype|singles\n|player|p1|CoiledCoronet|102|1265\n|player|p2|hutoew|hilda|1199\n|teamsize|p1|6\n|teamsize|p2|6\n|gen|9\n|tier|[Gen 9] OU\n|rated|\n|rule|Sleep Clause Mod: Limit one foe put to sleep\n|rule|Species Clause: Limit one of each Pok\u00e9mon\n|rule|OHKO Clause: OHKO moves are banned\n|rule|Evasion Items Clause: Evasion items are banned\n|rule|Evasion Moves Clause: Evasion moves are banned\n|rule|Endless Battle Clause: Forcing endless battles is banned\n|rule|HP Percentage Mod: HP is shown in percentages\n|clearpoke\n|poke|p1|Braviary-Hisui, M|\n|poke|p1|Gholdengo|\n|poke|p1|Toxtricity-Low-Key, M|\n|poke|p1|Moltres|\n|poke|p1|Clodsire, F|\n|poke|p1|Kingambit, M|\n|poke|p2|Ninetales-Alola, F|\n|poke|p2|Sandslash-Alola, M|\n|poke|p2|Mamoswine, F|\n|poke|p2|Chandelure, F|\n|poke|p2|Weavile, M|\n|poke|p2|Ogerpon-Cornerstone, F|\n|teampreview\n|inactive|Battle timer is ON: inactive players will automatically lose when time's up. (requested by CoiledCoronet)\n|j| ZambiaZard\n|inactive|CoiledCoronet has 120 seconds left.\n|\n|t:|1695184394\n|start\n|switch|p1a: Toxtricity|Toxtricity-Low-Key, M|100/100\n|switch|p2a: Ninetales|Ninetales-Alola, F|100/100\n|-weather|Snow|[from] ability: Snow Warning|[of] p2a: Ninetales\n|turn|1\n|\n|t:|1695184400\n|move|p2a: Ninetales|Aurora Veil|p2a: Ninetales\n|-sidestart|p2: hutoew|move: Aurora Veil\n|move|p1a: Toxtricity|Sludge Bomb|p2a: Ninetales\n|-supereffective|p2a: Ninetales\n|-damage|p2a: Ninetales|20/100\n|\n|-weather|Snow|[upkeep]\n|upkeep\n|turn|2\n|\n|t:|1695184409\n|switch|p2a: Sandslash|Sandslash-Alola, M|100/100\n|move|p1a: Toxtricity|Sludge Bomb|p2a: Sandslash\n|-immune|p2a: Sandslash\n|\n|-weather|Snow|[upkeep]\n|upkeep\n|turn|3\n|\n|t:|1695184421\n|switch|p1a: Dog Toy|Moltres|100/100\n|move|p2a: Sandslash|Swords Dance|p2a: Sandslash\n|-boost|p2a: Sandslash|atk|2\n|\n|-weather|Snow|[upkeep]\n|upkeep\n|turn|4\n|\n|t:|1695184429\n|move|p2a: Sandslash|Icicle Spear|p1a: Dog Toy\n|-damage|p1a: Dog Toy|82/100\n|-damage|p1a: Dog Toy|64/100\n|-damage|p1a: Dog Toy|47/100\n|-damage|p1a: Dog Toy|31/100\n|-damage|p1a: Dog Toy|14/100\n|-hitcount|p1a: Dog Toy|5\n|move|p1a: Dog Toy|Will-O-Wisp|p2a: Sandslash\n|-status|p2a: Sandslash|brn\n|\n|-weather|Snow|[upkeep]\n|-damage|p2a: Sandslash|94/100 brn|[from] brn\n|upkeep\n|turn|5\n|\n|t:|1695184441\n|switch|p1a: Billy the Ghoul|Gholdengo|100/100\n|move|p2a: Sandslash|Icicle Spear|p1a: Billy the Ghoul\n|-resisted|p1a: Billy the Ghoul\n|-damage|p1a: Billy the Ghoul|97/100\n|-resisted|p1a: Billy the Ghoul\n|-damage|p1a: Billy the Ghoul|93/100\n|-resisted|p1a: Billy the Ghoul\n|-damage|p1a: Billy the Ghoul|88/100\n|-resisted|p1a: Billy the Ghoul\n|-damage|p1a: Billy the Ghoul|84/100\n|-hitcount|p1a: Billy the Ghoul|4\n|\n|-weather|Snow|[upkeep]\n|-heal|p1a: Billy the Ghoul|90/100|[from] item: Leftovers\n|-damage|p2a: Sandslash|88/100 brn|[from] brn\n|-sideend|p2: hutoew|move: Aurora Veil\n|upkeep\n|turn|6\n|\n|t:|1695184454\n|move|p2a: Sandslash|Earthquake|p1a: Billy the Ghoul\n|-supereffective|p1a: Billy the Ghoul\n|-damage|p1a: Billy the Ghoul|40/100\n|move|p1a: Billy the Ghoul|Hex|p2a: Sandslash\n|-damage|p2a: Sandslash|6/100 brn\n|\n|-weather|Snow|[upkeep]\n|-heal|p1a: Billy the Ghoul|46/100|[from] item: Leftovers\n|-damage|p2a: Sandslash|0 fnt|[from] brn\n|faint|p2a: Sandslash\n|upkeep\n|\n|t:|1695184461\n|switch|p2a: Weavile|Weavile, M|100/100\n|-ability|p2a: Weavile|Pressure\n|turn|7\n|inactive|CoiledCoronet has 120 seconds left.\n|\n|t:|1695184503\n|-terastallize|p1a: Billy the Ghoul|Fairy\n|move|p2a: Weavile|Knock Off|p1a: Billy the Ghoul\n|-resisted|p1a: Billy the Ghoul\n|-damage|p1a: Billy the Ghoul|28/100\n|-enditem|p1a: Billy the Ghoul|Leftovers|[from] move: Knock Off|[of] p2a: Weavile\n|move|p1a: Billy the Ghoul|Recover|p1a: Billy the Ghoul\n|-heal|p1a: Billy the Ghoul|78/100\n|\n|-weather|Snow|[upkeep]\n|upkeep\n|turn|8\n|inactive|hutoew has 120 seconds left.\n|\n|t:|1695184535\n|switch|p2a: Chandelure|Chandelure, F|100/100\n|move|p1a: Billy the Ghoul|Thunder Wave|p2a: Chandelure\n|-status|p2a: Chandelure|par\n|\n|-weather|none\n|upkeep\n|turn|9\n|inactive|CoiledCoronet has 120 seconds left.\n|inactive|hutoew has 120 seconds left.\n|\n|t:|1695184546\n|move|p2a: Chandelure|Flamethrower|p1a: Billy the Ghoul\n|-damage|p1a: Billy the Ghoul|29/100\n|move|p1a: Billy the Ghoul|Hex|p2a: Chandelure\n|-supereffective|p2a: Chandelure\n|-damage|p2a: Chandelure|0 fnt\n|faint|p2a: Chandelure\n|\n|upkeep\n|\n|t:|1695184549\n|switch|p2a: Weavile|Weavile, M|100/100\n|-ability|p2a: Weavile|Pressure\n|turn|10\n|\n|t:|1695184556\n|move|p2a: Weavile|Poison Jab|p1a: Billy the Ghoul\n|-supereffective|p1a: Billy the Ghoul\n|-damage|p1a: Billy the Ghoul|0 fnt\n|faint|p1a: Billy the Ghoul\n|\n|upkeep\n|\n|t:|1695184569\n|switch|p1a: Toxtricity|Toxtricity-Low-Key, M|100/100\n|turn|11\n|\n|t:|1695184578\n|move|p2a: Weavile|Knock Off|p1a: Toxtricity\n|-damage|p1a: Toxtricity|24/100\n|-enditem|p1a: Toxtricity|Choice Specs|[from] move: Knock Off|[of] p2a: Weavile\n|move|p1a: Toxtricity|Boomburst|p2a: Weavile\n|-damage|p2a: Weavile|10/100\n|\n|upkeep\n|turn|12\n|\n|t:|1695184599\n|switch|p1a: Clodsire|Clodsire, F|100/100\n|move|p2a: Weavile|Knock Off|p1a: Clodsire\n|-damage|p1a: Clodsire|43/100\n|-enditem|p1a: Clodsire|Leftovers|[from] move: Knock Off|[of] p2a: Weavile\n|\n|upkeep\n|turn|13\n|\n|t:|1695184609\n|move|p2a: Weavile|Ice Shard|p1a: Clodsire\n|-supereffective|p1a: Clodsire\n|-damage|p1a: Clodsire|0 fnt\n|faint|p1a: Clodsire\n|\n|upkeep\n|\n|t:|1695184614\n|switch|p1a: Kingambit|Kingambit, M|100/100\n|-activate|p1a: Kingambit|ability: Supreme Overlord\n|-start|p1a: Kingambit|fallen2|[silent]\n|turn|14\n|\n|t:|1695184623\n|move|p2a: Weavile|Swords Dance|p2a: Weavile\n|-boost|p2a: Weavile|atk|2\n|move|p1a: Kingambit|Kowtow Cleave|p2a: Weavile\n|-resisted|p2a: Weavile\n|-damage|p2a: Weavile|0 fnt\n|faint|p2a: Weavile\n|\n|upkeep\n|\n|t:|1695184626\n|switch|p2a: Ninetales|Ninetales-Alola, F|20/100\n|-weather|Snow|[from] ability: Snow Warning|[of] p2a: Ninetales\n|turn|15\n|\n|t:|1695184632\n|move|p2a: Ninetales|Aurora Veil|p2a: Ninetales\n|-sidestart|p2: hutoew|move: Aurora Veil\n|move|p1a: Kingambit|Kowtow Cleave|p2a: Ninetales\n|-resisted|p2a: Ninetales\n|-damage|p2a: Ninetales|5/100\n|\n|-weather|Snow|[upkeep]\n|upkeep\n|turn|16\n|\n|t:|1695184637\n|move|p2a: Ninetales|Moonblast|p1a: Kingambit\n|-damage|p1a: Kingambit|63/100\n|-unboost|p1a: Kingambit|spa|1\n|move|p1a: Kingambit|Kowtow Cleave|p2a: Ninetales\n|-resisted|p2a: Ninetales\n|-damage|p2a: Ninetales|0 fnt\n|faint|p2a: Ninetales\n|\n|-weather|Snow|[upkeep]\n|-heal|p1a: Kingambit|70/100|[from] item: Leftovers\n|upkeep\n|\n|t:|1695184641\n|switch|p2a: Mamoswine|Mamoswine, F|100/100\n|turn|17\n|\n|t:|1695184652\n|-end|p1a: Kingambit|fallen2|[silent]\n|switch|p1a: Tie Fighter|Braviary-Hisui, M|100/100\n|move|p2a: Mamoswine|Knock Off|p1a: Tie Fighter\n|-supereffective|p1a: Tie Fighter\n|-damage|p1a: Tie Fighter|18/100\n|-enditem|p1a: Tie Fighter|Choice Specs|[from] move: Knock Off|[of] p2a: Mamoswine\n|\n|-weather|Snow|[upkeep]\n|upkeep\n|turn|18\n|\n|t:|1695184667\n|move|p2a: Mamoswine|Knock Off|p1a: Tie Fighter\n|-supereffective|p1a: Tie Fighter\n|-damage|p1a: Tie Fighter|0 fnt\n|faint|p1a: Tie Fighter\n|\n|-weather|Snow|[upkeep]\n|upkeep\n|\n|t:|1695184684\n|switch|p1a: Kingambit|Kingambit, M|70/100\n|-activate|p1a: Kingambit|ability: Supreme Overlord\n|-start|p1a: Kingambit|fallen3|[silent]\n|turn|19\n|\n|t:|1695184691\n|move|p1a: Kingambit|Sucker Punch|p2a: Mamoswine\n|-damage|p2a: Mamoswine|80/100\n|move|p2a: Mamoswine|Earthquake|p1a: Kingambit\n|-supereffective|p1a: Kingambit\n|-damage|p1a: Kingambit|0 fnt\n|faint|p1a: Kingambit\n|-end|p1a: Kingambit|fallen3|[silent]\n|\n|-weather|Snow|[upkeep]\n|-sideend|p2: hutoew|move: Aurora Veil\n|upkeep\n|\n|t:|1695184698\n|switch|p1a: Dog Toy|Moltres|14/100\n|turn|20\n|\n|t:|1695184703\n|move|p2a: Mamoswine|Knock Off|p1a: Dog Toy\n|-damage|p1a: Dog Toy|0 fnt\n|-enditem|p1a: Dog Toy|Heavy-Duty Boots|[from] move: Knock Off|[of] p2a: Mamoswine\n|faint|p1a: Dog Toy\n|\n|-weather|Snow|[upkeep]\n|upkeep\n|\n|t:|1695184708\n|switch|p1a: Toxtricity|Toxtricity-Low-Key, M|24/100\n|turn|21\n|\n|t:|1695184713\n|move|p2a: Mamoswine|Earthquake|p1a: Toxtricity\n|-supereffective|p1a: Toxtricity\n|-damage|p1a: Toxtricity|0 fnt\n|faint|p1a: Toxtricity\n|\n|win|hutoew\n|raw|CoiledCoronet's rating: 1265 &rarr; <strong>1235</strong><br />(-30 for losing)\n|raw|hutoew's rating: 1199 &rarr; <strong>1229</strong><br />(+30 for winning)\n", "uploadtime": 1695184741, "views": 7, "p1id": "coiledcoronet", "p2id": "hutoew", "formatid": "gen9ou", "rating": 1229, "private": 0, "password": ""}