{"id": "gen9ou-1947678678", "p1": "dr.nerdy", "p2": "TomoTaco69", "format": "gen9ou", "log": "|j|\u2606dr.nerdy\n|j|\u2606TomoTaco69\n|t:|1695185876\n|gametype|singles\n|player|p1|dr.nerdy|102|1361\n|player|p2|TomoTaco69|265|1384\n|teamsize|p1|6\n|teamsize|p2|6\n|gen|9\n|tier|[Gen 9] OU\n|rated|\n|rule|Sleep Clause Mod: Limit one foe put to sleep\n|rule|Species Clause: Limit one of each Pok\u00e9mon\n|rule|OHKO Clause: OHKO moves are banned\n|rule|Evasion Items Clause: Evasion items are banned\n|rule|Evasion Moves Clause: Evasion moves are banned\n|rule|Endless Battle Clause: Forcing endless battles is banned\n|rule|HP Percentage Mod: HP is shown in percentages\n|clearpoke\n|poke|p1|Manaphy|\n|poke|p1|Ninetales-Alola, M|\n|poke|p1|Azelf|\n|poke|p1|Amoonguss, M|\n|poke|p1|Tyranitar, F|\n|poke|p1|Iron Treads|\n|poke|p2|Samurott-Hisui, F|\n|poke|p2|Ninetales-Alola, F|\n|poke|p2|Rotom-Wash|\n|poke|p2|Sinistcha|\n|poke|p2|Corviknight, M|\n|poke|p2|Garchomp, F|\n|teampreview\n|inactive|Battle timer is ON: inactive players will automatically lose when time's up. (requested by dr.nerdy)\n|\n|t:|1695185897\n|start\n|switch|p1a: Azelf|Azelf, shiny|100/100\n|switch|p2a: Aki|Rotom-Wash|100/100\n|turn|1\n|\n|t:|1695185917\n|move|p1a: Azelf|Stealth Rock|p2a: Aki\n|-sidestart|p2: TomoTaco69|move: Stealth Rock\n|move|p2a: Aki|Thunder Wave|p1a: Azelf\n|-status|p1a: Azelf|par\n|\n|upkeep\n|turn|2\n|\n|t:|1695185922\n|move|p2a: Aki|Hydro Pump|p1a: Azelf\n|-damage|p1a: Azelf|31/100 par\n|move|p1a: Azelf|Knock Off|p2a: Aki\n|-damage|p2a: Aki|67/100\n|-enditem|p2a: Aki|Leftovers|[from] move: Knock Off|[of] p1a: Azelf\n|\n|upkeep\n|turn|3\n|\n|t:|1695185928\n|switch|p1a: Amoonguss|Amoonguss, M, shiny|100/100\n|move|p2a: Aki|Volt Switch|p1a: Amoonguss\n|-resisted|p1a: Amoonguss\n|-damage|p1a: Amoonguss|89/100\n|\n|t:|1695185940\n|switch|p2a: StarScream|Corviknight, M, shiny|100/100|[from] Volt Switch\n|-damage|p2a: StarScream|88/100|[from] Stealth Rock\n|-ability|p2a: StarScream|Pressure\n|\n|upkeep\n|turn|4\n|\n|t:|1695185966\n|switch|p1a: Manaphy|Manaphy|100/100\n|move|p2a: StarScream|Defog|p1a: Manaphy\n|-unboost|p1a: Manaphy|evasion|1\n|-sideend|p2: TomoTaco69|Stealth Rock|[from] move: Defog|[of] p2a: StarScream\n|\n|upkeep\n|turn|5\n|\n|t:|1695185978\n|move|p1a: Manaphy|Acid Armor|p1a: Manaphy\n|-boost|p1a: Manaphy|def|2\n|move|p2a: StarScream|U-turn|p1a: Manaphy\n|-damage|p1a: Manaphy|94/100\n|\n|t:|1695185989\n|switch|p2a: Fox Devil|Ninetales-Alola, F|100/100|[from] U-turn\n|-weather|Snow|[from] ability: Snow Warning|[of] p2a: Fox Devil\n|\n|-weather|Snow|[upkeep]\n|-heal|p1a: Manaphy|99/100|[from] item: Leftovers\n|upkeep\n|turn|6\n|\n|t:|1695185994\n|-terastallize|p1a: Manaphy|Fairy\n|move|p2a: Fox Devil|Freeze-Dry|p1a: Manaphy\n|-damage|p1a: Manaphy|83/100\n|move|p1a: Manaphy|Take Heart|p1a: Manaphy\n|-boost|p1a: Manaphy|spa|1\n|-boost|p1a: Manaphy|spd|1\n|\n|-weather|Snow|[upkeep]\n|-heal|p1a: Manaphy|89/100|[from] item: Leftovers\n|upkeep\n|turn|7\n|\n|t:|1695185997\n|move|p2a: Fox Devil|Aurora Veil|p2a: Fox Devil\n|-sidestart|p2: TomoTaco69|move: Aurora Veil\n|move|p1a: Manaphy|Take Heart|p1a: Manaphy\n|-boost|p1a: Manaphy|spa|1\n|-boost|p1a: Manaphy|spd|1\n|\n|-weather|Snow|[upkeep]\n|-heal|p1a: Manaphy|95/100|[from] item: Leftovers\n|upkeep\n|turn|8\n|\n|t:|1695186009\n|move|p2a: Fox Devil|Freeze-Dry|p1a: Manaphy\n|-damage|p1a: Manaphy|87/100\n|move|p1a: Manaphy|Take Heart|p1a: Manaphy\n|-boost|p1a: Manaphy|spa|1\n|-boost|p1a: Manaphy|spd|1\n|\n|-weather|Snow|[upkeep]\n|-heal|p1a: Manaphy|93/100|[from] item: Leftovers\n|upkeep\n|turn|9\n|\n|t:|1695186012\n|move|p2a: Fox Devil|Freeze-Dry|p1a: Manaphy\n|-damage|p1a: Manaphy|86/100\n|-status|p1a: Manaphy|frz\n|cant|p1a: Manaphy|frz\n|\n|-weather|none\n|-heal|p1a: Manaphy|92/100 frz|[from] item: Leftovers\n|upkeep\n|turn|10\n|\n|t:|1695186018\n|switch|p2a: Reze|Garchomp, F|100/100\n|cant|p1a: Manaphy|frz\n|\n|-heal|p1a: Manaphy|98/100 frz|[from] item: Leftovers\n|upkeep\n|turn|11\n|\n|t:|1695186026\n|move|p2a: Reze|Swords Dance|p2a: Reze\n|-boost|p2a: Reze|atk|2\n|cant|p1a: Manaphy|frz\n|\n|-heal|p1a: Manaphy|100/100 frz|[from] item: Leftovers\n|upkeep\n|turn|12\n|\n|t:|1695186028\n|move|p2a: Reze|Swords Dance|p2a: Reze\n|-boost|p2a: Reze|atk|2\n|cant|p1a: Manaphy|frz\n|\n|upkeep\n|turn|13\n|\n|t:|1695186031\n|move|p2a: Reze|Earthquake|p1a: Manaphy\n|-damage|p1a: Manaphy|40/100 frz\n|cant|p1a: Manaphy|frz\n|\n|-heal|p1a: Manaphy|46/100 frz|[from] item: Leftovers\n|upkeep\n|turn|14\n|\n|t:|1695186038\n|move|p2a: Reze|Earthquake|p1a: Manaphy\n|-damage|p1a: Manaphy|0 fnt\n|faint|p1a: Manaphy\n|\n|-sideend|p2: TomoTaco69|move: Aurora Veil\n|upkeep\n|-message|dr.nerdy forfeited.\n|\n|win|TomoTaco69\n|raw|dr.nerdy's rating: 1361 &rarr; <strong>1342</strong><br />(-19 for losing)\n|raw|TomoTaco69's rating: 1384 &rarr; <strong>1403</strong><br />(+19 for winning)\n|l|\u2606dr.nerdy\n", "uploadtime": 1695186048, "views": 4, "p1id": "drnerdy", "p2id": "tomotaco69", "formatid": "gen9ou", "rating": 1342, "private": 0, "password": ""}