{"id": "gen9ou-1947623006", "p1": "IAmThomasShellder", "p2": "02xygen_", "format": "gen9ou", "log": "|j|\u2606IAmThomasShellder\n|j|\u260602xygen_\n|t:|1695178946\n|gametype|singles\n|player|p1|IAmThomasShellder|hilda-masters|1642\n|player|p2|02xygen_|iris-gen5bw2|1719\n|teamsize|p1|6\n|teamsize|p2|6\n|gen|9\n|tier|[Gen 9] OU\n|rated|\n|rule|Sleep Clause Mod: Limit one foe put to sleep\n|rule|Species Clause: Limit one of each Pok\u00e9mon\n|rule|OHKO Clause: OHKO moves are banned\n|rule|Evasion Items Clause: Evasion items are banned\n|rule|Evasion Moves Clause: Evasion moves are banned\n|rule|Endless Battle Clause: Forcing endless battles is banned\n|rule|HP Percentage Mod: HP is shown in percentages\n|clearpoke\n|poke|p1|Dragonite, F|\n|poke|p1|Zamazenta-*|\n|poke|p1|Sneasler, F|\n|poke|p1|Garchomp, F|\n|poke|p1|Gholdengo|\n|poke|p1|Ting-Lu|\n|poke|p2|Ribombee, F|\n|poke|p2|Gholdengo|\n|poke|p2|Ogerpon-Hearthflame, F|\n|poke|p2|Great Tusk|\n|poke|p2|Samurott-Hisui, F|\n|poke|p2|Enamorus, F|\n|teampreview\n|\n|t:|1695178957\n|start\n|switch|p1a: Narcissist|Garchomp, F|100/100\n|switch|p2a: Ribombee|Ribombee, F, shiny|100/100\n|turn|1\n|\n|t:|1695178964\n|move|p2a: Ribombee|Moonblast|p1a: Narcissist\n|-supereffective|p1a: Narcissist\n|-crit|p1a: Narcissist\n|-damage|p1a: Narcissist|0 fnt\n|faint|p1a: Narcissist\n|\n|upkeep\n|\n|t:|1695178969\n|switch|p1a: Bing Qilin|Ting-Lu|100/100\n|-ability|p1a: Bing Qilin|Vessel of Ruin\n|turn|2\n|\n|t:|1695178975\n|move|p2a: Ribombee|Sticky Web|p1a: Bing Qilin\n|-sidestart|p1: IAmThomasShellder|move: Sticky Web\n|move|p1a: Bing Qilin|Spikes|p2a: Ribombee\n|-sidestart|p2: 02xygen_|Spikes\n|\n|upkeep\n|turn|3\n|\n|t:|1695178978\n|move|p2a: Ribombee|Moonblast|p1a: Bing Qilin\n|-supereffective|p1a: Bing Qilin\n|-damage|p1a: Bing Qilin|67/100\n|move|p1a: Bing Qilin|Spikes|p2a: Ribombee\n|-sidestart|p2: 02xygen_|Spikes\n|\n|-heal|p1a: Bing Qilin|73/100|[from] item: Leftovers\n|upkeep\n|turn|4\n|\n|t:|1695178980\n|move|p2a: Ribombee|Moonblast|p1a: Bing Qilin\n|-supereffective|p1a: Bing Qilin\n|-damage|p1a: Bing Qilin|40/100\n|-unboost|p1a: Bing Qilin|spa|1\n|move|p1a: Bing Qilin|Spikes|p2a: Ribombee\n|-sidestart|p2: 02xygen_|Spikes\n|\n|-heal|p1a: Bing Qilin|46/100|[from] item: Leftovers\n|upkeep\n|turn|5\n|\n|t:|1695178987\n|move|p2a: Ribombee|Stun Spore|p1a: Bing Qilin\n|-status|p1a: Bing Qilin|par\n|cant|p1a: Bing Qilin|par\n|\n|-heal|p1a: Bing Qilin|52/100 par|[from] item: Leftovers\n|upkeep\n|turn|6\n|\n|t:|1695178989\n|move|p2a: Ribombee|Moonblast|p1a: Bing Qilin\n|-supereffective|p1a: Bing Qilin\n|-crit|p1a: Bing Qilin\n|-damage|p1a: Bing Qilin|3/100 par\n|move|p1a: Bing Qilin|Whirlwind|p2a: Ribombee\n|drag|p2a: Great Tusk|Great Tusk|100/100\n|\n|-heal|p1a: Bing Qilin|9/100 par|[from] item: Leftovers\n|upkeep\n|turn|7\n|\n|t:|1695178994\n|switch|p1a: Two out|Gholdengo|100/100\n|-item|p1a: Two out|Air Balloon\n|move|p2a: Great Tusk|Knock Off|p1a: Two out\n|-supereffective|p1a: Two out\n|-damage|p1a: Two out|26/100\n|-enditem|p1a: Two out|Air Balloon\n|\n|upkeep\n|turn|8\n|\n|t:|1695179001\n|move|p2a: Great Tusk|Knock Off|p1a: Two out\n|-supereffective|p1a: Two out\n|-damage|p1a: Two out|0 fnt\n|faint|p1a: Two out\n|\n|upkeep\n|\n|t:|1695179003\n|switch|p1a: Main Topic|Dragonite, F|100/100\n|turn|9\n|\n|t:|1695179005\n|move|p2a: Great Tusk|Rapid Spin|p1a: Main Topic\n|-damage|p1a: Main Topic|92/100\n|-boost|p2a: Great Tusk|spe|1\n|-sideend|p2: 02xygen_|Spikes|[from] move: Rapid Spin|[of] p2a: Great Tusk\n|move|p1a: Main Topic|Dragon Dance|p1a: Main Topic\n|-boost|p1a: Main Topic|atk|1\n|-boost|p1a: Main Topic|spe|1\n|\n|upkeep\n|turn|10\n|\n|t:|1695179008\n|move|p2a: Great Tusk|Ice Spinner|p1a: Main Topic\n|-supereffective|p1a: Main Topic\n|-crit|p1a: Main Topic\n|-damage|p1a: Main Topic|0 fnt\n|faint|p1a: Main Topic\n|\n|upkeep\n|-message|IAmThomasShellder forfeited.\n|\n|win|02xygen_\n|raw|IAmThomasShellder's rating: 1642 &rarr; <strong>1626</strong><br />(-16 for losing)\n|raw|02xygen_'s rating: 1719 &rarr; <strong>1735</strong><br />(+16 for winning)\n|l|\u2606IAmThomasShellder\n", "uploadtime": 1695179015, "views": 4, "p1id": "iamthomasshellder", "p2id": "02xygen", "formatid": "gen9ou", "rating": 1626, "private": 0, "password": ""}