{"id": "gen9ou-1947638819", "p1": "Gonzajaz", "p2": "StormxD", "format": "gen9ou", "log": "|j|\u2606Gonzajaz\n|j|\u2606StormxD\n|t:|1695180694\n|gametype|singles\n|player|p1|Gonzajaz|pokemaniac|\n|player|p2|StormxD|hilbert|\n|teamsize|p1|6\n|teamsize|p2|6\n|gen|9\n|tier|[Gen 9] OU\n|rule|Sleep Clause Mod: Limit one foe put to sleep\n|rule|Species Clause: Limit one of each Pok\u00e9mon\n|rule|OHKO Clause: OHKO moves are banned\n|rule|Evasion Items Clause: Evasion items are banned\n|rule|Evasion Moves Clause: Evasion moves are banned\n|rule|Endless Battle Clause: Forcing endless battles is banned\n|rule|HP Percentage Mod: HP is shown in percentages\n|clearpoke\n|poke|p1|Torterra, M|\n|poke|p1|Ribombee, F|\n|poke|p1|Grimmsnarl, M|\n|poke|p1|Manaphy|\n|poke|p1|Dragonite, F|\n|poke|p1|Gholdengo|\n|poke|p2|Infernape, F|\n|poke|p2|Dragapult, M|\n|poke|p2|Torkoal, M|\n|poke|p2|Clefable, M|\n|poke|p2|Empoleon, F|\n|poke|p2|Gliscor, M|\n|teampreview\n|\n|t:|1695180698\n|start\n|switch|p1a: Ribombee|Ribombee, F|100/100\n|switch|p2a: Gliscor|Gliscor, M|100/100\n|turn|1\n|\n|t:|1695180710\n|move|p1a: Ribombee|Stun Spore|p2a: Gliscor\n|-status|p2a: Gliscor|par\n|move|p2a: Gliscor|Acrobatics|p1a: Ribombee\n|-supereffective|p1a: Ribombee\n|-damage|p1a: Ribombee|11/100\n|\n|upkeep\n|turn|2\n|\n|t:|1695180723\n|move|p1a: Ribombee|Moonblast|p2a: Gliscor\n|-damage|p2a: Gliscor|40/100 par\n|move|p2a: Gliscor|Acrobatics|p1a: Ribombee\n|-supereffective|p1a: Ribombee\n|-damage|p1a: Ribombee|0 fnt\n|faint|p1a: Ribombee\n|\n|upkeep\n|inactive|Battle timer is ON: inactive players will automatically lose when time's up. (requested by StormxD)\n|\n|t:|1695180737\n|switch|p1a: Grimmsnarl|Grimmsnarl, M|100/100\n|turn|3\n|\n|t:|1695180740\n|move|p1a: Grimmsnarl|Reflect|p1a: Grimmsnarl\n|-sidestart|p1: Gonzajaz|Reflect\n|cant|p2a: Gliscor|par\n|\n|upkeep\n|turn|4\n|\n|t:|1695180748\n|move|p1a: Grimmsnarl|Light Screen|p1a: Grimmsnarl\n|-sidestart|p1: Gonzajaz|move: Light Screen\n|move|p2a: Gliscor|Fling|p1a: Grimmsnarl\n|-resisted|p1a: Grimmsnarl\n|-damage|p1a: Grimmsnarl|99/100\n|-status|p1a: Grimmsnarl|tox\n|-enditem|p2a: Gliscor|Toxic Orb|[from] move: Fling\n|\n|-damage|p1a: Grimmsnarl|93/100 tox|[from] psn\n|upkeep\n|turn|5\n|\n|t:|1695180761\n|switch|p2a: Torkoal|Torkoal, M|100/100\n|-weather|SunnyDay|[from] ability: Drought|[of] p2a: Torkoal\n|move|p1a: Grimmsnarl|Parting Shot|p2a: Torkoal\n|-unboost|p2a: Torkoal|atk|1\n|-unboost|p2a: Torkoal|spa|1\n|\n|t:|1695180770\n|switch|p1a: Manaphy|Manaphy|100/100|[from] Parting Shot\n|\n|-weather|SunnyDay|[upkeep]\n|upkeep\n|turn|6\n|\n|t:|1695180778\n|move|p1a: Manaphy|Tail Glow|p1a: Manaphy\n|-boost|p1a: Manaphy|spa|3\n|move|p2a: Torkoal|Yawn|p1a: Manaphy\n|-start|p1a: Manaphy|move: Yawn|[of] p2a: Torkoal\n|\n|-weather|SunnyDay|[upkeep]\n|upkeep\n|turn|7\n|\n|t:|1695180787\n|switch|p2a: Empoleon|Empoleon, F|100/100\n|move|p1a: Manaphy|Scald|p2a: Empoleon\n|-resisted|p2a: Empoleon\n|-damage|p2a: Empoleon|81/100\n|-status|p2a: Empoleon|brn\n|\n|-weather|SunnyDay|[upkeep]\n|-damage|p2a: Empoleon|75/100 brn|[from] brn\n|-end|p1a: Manaphy|move: Yawn|[silent]\n|-status|p1a: Manaphy|slp\n|upkeep\n|-enditem|p1a: Manaphy|Chesto Berry|[eat]\n|-curestatus|p1a: Manaphy|slp|[msg]\n|turn|8\n|\n|t:|1695180810\n|move|p1a: Manaphy|Ice Beam|p2a: Empoleon\n|-resisted|p2a: Empoleon\n|-damage|p2a: Empoleon|61/100 brn\n|move|p2a: Empoleon|Flash Cannon|p1a: Manaphy\n|-resisted|p1a: Manaphy\n|-crit|p1a: Manaphy\n|-damage|p1a: Manaphy|64/100\n|-damage|p2a: Empoleon|51/100 brn|[from] item: Life Orb\n|\n|-weather|SunnyDay|[upkeep]\n|-damage|p2a: Empoleon|45/100 brn|[from] brn\n|upkeep\n|turn|9\n|\n|t:|1695180824\n|move|p1a: Manaphy|Ice Beam|p2a: Empoleon\n|-resisted|p2a: Empoleon\n|-damage|p2a: Empoleon|31/100 brn\n|move|p2a: Empoleon|Flash Cannon|p1a: Manaphy\n|-resisted|p1a: Manaphy\n|-damage|p1a: Manaphy|51/100\n|-damage|p2a: Empoleon|21/100 brn|[from] item: Life Orb\n|\n|-weather|none\n|-damage|p2a: Empoleon|15/100 brn|[from] brn\n|upkeep\n|turn|10\n|\n|t:|1695180835\n|move|p1a: Manaphy|Scald|p2a: Empoleon\n|-resisted|p2a: Empoleon\n|-damage|p2a: Empoleon|0 fnt\n|faint|p2a: Empoleon\n|\n|-sideend|p1: Gonzajaz|Reflect\n|upkeep\n|\n|t:|1695180838\n|switch|p2a: Clefable|Clefable, M|100/100\n|turn|11\n|inactive|Gonzajaz has 270 seconds left.\n|\n|t:|1695180864\n|move|p1a: Manaphy|Scald|p2a: Clefable\n|-damage|p2a: Clefable|77/100\n|move|p2a: Clefable|Thunder Wave|p1a: Manaphy\n|-status|p1a: Manaphy|par\n|\n|-heal|p2a: Clefable|83/100|[from] item: Leftovers\n|-sideend|p1: Gonzajaz|move: Light Screen\n|upkeep\n|turn|12\n|inactiveoff|Battle timer is now OFF.\n|\n|t:|1695180874\n|move|p1a: Manaphy|Scald|p2a: Clefable\n|-damage|p2a: Clefable|62/100\n|move|p2a: Clefable|Moonblast|p1a: Manaphy\n|-damage|p1a: Manaphy|20/100 par\n|\n|-heal|p2a: Clefable|68/100|[from] item: Leftovers\n|upkeep\n|turn|13\n|\n|t:|1695180882\n|move|p1a: Manaphy|Scald|p2a: Clefable\n|-damage|p2a: Clefable|45/100\n|move|p2a: Clefable|Moonlight|p2a: Clefable\n|-heal|p2a: Clefable|95/100\n|\n|-heal|p2a: Clefable|100/100|[from] item: Leftovers\n|upkeep\n|turn|14\n|\n|t:|1695180890\n|move|p1a: Manaphy|Ice Beam|p2a: Clefable\n|-damage|p2a: Clefable|83/100\n|move|p2a: Clefable|Moonblast|p1a: Manaphy\n|-damage|p1a: Manaphy|0 fnt\n|faint|p1a: Manaphy\n|\n|-heal|p2a: Clefable|89/100|[from] item: Leftovers\n|upkeep\n|\n|t:|1695180902\n|switch|p1a: Torterra|Torterra, M|100/100\n|turn|15\n|\n|t:|1695180909\n|move|p1a: Torterra|Shell Smash|p1a: Torterra\n|-unboost|p1a: Torterra|def|1\n|-unboost|p1a: Torterra|spd|1\n|-boost|p1a: Torterra|atk|2\n|-boost|p1a: Torterra|spa|2\n|-boost|p1a: Torterra|spe|2\n|move|p2a: Clefable|Flamethrower|p1a: Torterra\n|-supereffective|p1a: Torterra\n|-damage|p1a: Torterra|54/100\n|\n|-heal|p2a: Clefable|95/100|[from] item: Leftovers\n|upkeep\n|turn|16\n|\n|t:|1695180918\n|switch|p2a: Gliscor|Gliscor, M|40/100 par\n|move|p1a: Torterra|Bullet Seed|p2a: Gliscor\n|-damage|p2a: Gliscor|17/100 par\n|-damage|p2a: Gliscor|0 fnt\n|faint|p2a: Gliscor\n|-hitcount|p2: Gliscor|2\n|\n|upkeep\n|\n|t:|1695180933\n|switch|p2a: Dragapult|Dragapult, M|100/100\n|turn|17\n|\n|t:|1695180944\n|-terastallize|p1a: Torterra|Rock\n|move|p1a: Torterra|Rock Blast|p2a: Dragapult\n|-damage|p2a: Dragapult|66/100\n|-damage|p2a: Dragapult|34/100\n|-damage|p2a: Dragapult|0 fnt\n|faint|p2a: Dragapult\n|-hitcount|p2: Dragapult|3\n|\n|upkeep\n|\n|t:|1695180952\n|switch|p2a: Clefable|Clefable, M|95/100\n|turn|18\n|\n|t:|1695180955\n|move|p1a: Torterra|Bullet Seed|p2a: Clefable\n|-damage|p2a: Clefable|80/100\n|-damage|p2a: Clefable|65/100\n|-damage|p2a: Clefable|50/100\n|-damage|p2a: Clefable|37/100\n|-damage|p2a: Clefable|23/100\n|-hitcount|p2a: Clefable|5\n|move|p2a: Clefable|Flamethrower|p1a: Torterra\n|-resisted|p1a: Torterra\n|-damage|p1a: Torterra|42/100\n|\n|-heal|p2a: Clefable|29/100|[from] item: Leftovers\n|upkeep\n|turn|19\n|\n|t:|1695180969\n|-terastallize|p2a: Clefable|Steel\n|move|p1a: Torterra|Bullet Seed|p2a: Clefable\n|-resisted|p2a: Clefable\n|-damage|p2a: Clefable|21/100\n|-resisted|p2a: Clefable\n|-damage|p2a: Clefable|14/100\n|-resisted|p2a: Clefable\n|-damage|p2a: Clefable|7/100\n|-resisted|p2a: Clefable\n|-damage|p2a: Clefable|0 fnt\n|faint|p2a: Clefable\n|-hitcount|p2: Clefable|4\n|\n|upkeep\n|\n|t:|1695180978\n|switch|p2a: Infernape|Infernape, F|100/100\n|turn|20\n|\n|t:|1695180982\n|move|p1a: Torterra|Rock Blast|p2a: Infernape\n|-damage|p2a: Infernape|60/100\n|-damage|p2a: Infernape|23/100\n|-damage|p2a: Infernape|0 fnt\n|faint|p2a: Infernape\n|-hitcount|p2: Infernape|3\n|\n|upkeep\n|-message|StormxD forfeited.\n|\n|win|Gonzajaz\n|l|\u2606StormxD\n|l|\u2606Gonzajaz\n|j|\u2606Gonzajaz\n|player|p1|Gonzajaz|pokemaniac\n", "uploadtime": 1695182257, "views": 5, "p1id": "gonzajaz", "p2id": "stormxd", "formatid": "gen9ou", "rating": 0, "private": 0, "password": ""}