{"id": "gen9ou-1947684342", "p1": "bigrich244", "p2": "SSSSSSlizardr", "format": "gen9ou", "log": "|j|\u2606bigrich244\n|j|\u2606SSSSSSlizardr\n|t:|1695186681\n|gametype|singles\n|player|p1|bigrich244|265|1246\n|player|p2|SSSSSSlizardr|irida|1358\n|teamsize|p1|6\n|teamsize|p2|6\n|gen|9\n|tier|[Gen 9] OU\n|rated|\n|rule|Sleep Clause Mod: Limit one foe put to sleep\n|rule|Species Clause: Limit one of each Pok\u00e9mon\n|rule|OHKO Clause: OHKO moves are banned\n|rule|Evasion Items Clause: Evasion items are banned\n|rule|Evasion Moves Clause: Evasion moves are banned\n|rule|Endless Battle Clause: Forcing endless battles is banned\n|rule|HP Percentage Mod: HP is shown in percentages\n|clearpoke\n|poke|p1|Ursaluna-Bloodmoon, M|\n|poke|p1|Fezandipiti, M|\n|poke|p1|Ninetales-Alola, M|\n|poke|p1|Kingambit, F|\n|poke|p1|Cinderace, F|\n|poke|p1|Mamoswine, F|\n|poke|p2|Ninetales-Alola, M|\n|poke|p2|Alomomola, M|\n|poke|p2|Cresselia, F|\n|poke|p2|Ursaluna-Bloodmoon, M|\n|poke|p2|Jirachi|\n|poke|p2|Pawmot, M|\n|teampreview\n|inactive|Battle timer is ON: inactive players will automatically lose when time's up. (requested by bigrich244)\n|\n|t:|1695186708\n|start\n|switch|p1a: Cinderace|Cinderace, F|100/100\n|switch|p2a: Ursaluna|Ursaluna-Bloodmoon, M|100/100\n|turn|1\n|\n|t:|1695186717\n|move|p1a: Cinderace|High Jump Kick|p2a: Ursaluna\n|-start|p1a: Cinderace|typechange|Fighting|[from] ability: Libero\n|-supereffective|p2a: Ursaluna\n|-damage|p2a: Ursaluna|6/100\n|move|p2a: Ursaluna|Blood Moon|p1a: Cinderace\n|-enditem|p1a: Cinderace|Focus Sash\n|-damage|p1a: Cinderace|1/100\n|\n|upkeep\n|turn|2\n|\n|t:|1695186726\n|move|p2a: Ursaluna|Vacuum Wave|p1a: Cinderace\n|-damage|p1a: Cinderace|0 fnt\n|faint|p1a: Cinderace\n|\n|upkeep\n|\n|t:|1695186734\n|switch|p1a: Ursaluna|Ursaluna-Bloodmoon, M|100/100\n|turn|3\n|\n|t:|1695186738\n|-terastallize|p1a: Ursaluna|Fighting\n|move|p2a: Ursaluna|Vacuum Wave|p1a: Ursaluna\n|-damage|p1a: Ursaluna|80/100\n|move|p1a: Ursaluna|Calm Mind|p1a: Ursaluna\n|-boost|p1a: Ursaluna|spa|1\n|-boost|p1a: Ursaluna|spd|1\n|\n|upkeep\n|turn|4\n|\n|t:|1695186745\n|move|p1a: Ursaluna|Vacuum Wave|p2a: Ursaluna\n|-supereffective|p2a: Ursaluna\n|-damage|p2a: Ursaluna|0 fnt\n|faint|p2a: Ursaluna\n|\n|upkeep\n|\n|t:|1695186754\n|switch|p2a: Pawmot|Pawmot, M|100/100\n|turn|5\n|\n|t:|1695186760\n|move|p2a: Pawmot|Revival Blessing|p2a: Pawmot\n|-enditem|p2a: Pawmot|Leppa Berry|[eat]\n|-activate|p2a: Pawmot|item: Leppa Berry|Revival Blessing|[consumed]\n|\n|t:|1695186762\n|-heal|p2: Ursaluna|50/100|[from] move: Revival Blessing\n|move|p1a: Ursaluna|Earth Power|p2a: Pawmot\n|-supereffective|p2a: Pawmot\n|-damage|p2a: Pawmot|0 fnt\n|faint|p2a: Pawmot\n|\n|upkeep\n|\n|t:|1695186764\n|switch|p2a: Cresselia|Cresselia, F|100/100\n|turn|6\n|\n|t:|1695186769\n|move|p1a: Ursaluna|Blood Moon|p2a: Cresselia\n|-damage|p2a: Cresselia|19/100\n|move|p2a: Cresselia|Psychic|p1a: Ursaluna\n|-supereffective|p1a: Ursaluna\n|-damage|p1a: Ursaluna|40/100\n|\n|-heal|p2a: Cresselia|25/100|[from] item: Leftovers\n|upkeep\n|turn|7\n|\n|t:|1695186779\n|move|p1a: Ursaluna|Vacuum Wave|p2a: Cresselia\n|-resisted|p2a: Cresselia\n|-damage|p2a: Cresselia|13/100\n|move|p2a: Cresselia|Lunar Dance|p2a: Cresselia\n|faint|p2a: Cresselia\n|\n|upkeep\n|\n|t:|1695186781\n|switch|p2a: Ursaluna|Ursaluna-Bloodmoon, M|50/100\n|-heal|p2a: Ursaluna|100/100|[from] move: Lunar Dance\n|turn|8\n|\n|t:|1695186793\n|move|p1a: Ursaluna|Blood Moon|p2a: Ursaluna\n|-damage|p2a: Ursaluna|7/100\n|move|p2a: Ursaluna|Blood Moon|p1a: Ursaluna\n|-damage|p1a: Ursaluna|0 fnt\n|faint|p1a: Ursaluna\n|\n|upkeep\n|\n|t:|1695186816\n|switch|p1a: Fezandipiti|Fezandipiti, M|100/100\n|turn|9\n|\n|t:|1695186821\n|switch|p2a: Jirachi|Jirachi|100/100\n|move|p1a: Fezandipiti|Double Kick|p2a: Jirachi\n|-damage|p2a: Jirachi|89/100\n|-damage|p2a: Jirachi|79/100\n|-hitcount|p2a: Jirachi|2\n|\n|upkeep\n|turn|10\n|\n|t:|1695186826\n|move|p1a: Fezandipiti|Swords Dance|p1a: Fezandipiti\n|-boost|p1a: Fezandipiti|atk|2\n|move|p2a: Jirachi|Wish|p2a: Jirachi\n|\n|upkeep\n|turn|11\n|\n|t:|1695186829\n|move|p1a: Fezandipiti|Double Kick|p2a: Jirachi\n|-damage|p2a: Jirachi|58/100\n|-damage|p2a: Jirachi|38/100\n|-hitcount|p2a: Jirachi|2\n|move|p2a: Jirachi|U-turn|p1a: Fezandipiti\n|-resisted|p1a: Fezandipiti\n|-crit|p1a: Fezandipiti\n|-damage|p1a: Fezandipiti|92/100\n|\n|t:|1695186832\n|switch|p2a: Ursaluna|Ursaluna-Bloodmoon, M|7/100|[from] U-turn\n|\n|-heal|p2a: Ursaluna|55/100|[from] move: Wish|[wisher] Jirachi\n|upkeep\n|turn|12\n|\n|t:|1695186844\n|-terastallize|p2a: Ursaluna|Fighting\n|move|p1a: Fezandipiti|Double Kick|p2a: Ursaluna\n|-damage|p2a: Ursaluna|37/100\n|-damage|p2a: Ursaluna|19/100\n|-hitcount|p2a: Ursaluna|2\n|move|p2a: Ursaluna|Earth Power|p1a: Fezandipiti\n|-supereffective|p1a: Fezandipiti\n|-damage|p1a: Fezandipiti|0 fnt\n|faint|p1a: Fezandipiti\n|\n|upkeep\n|\n|t:|1695186855\n|switch|p1a: Ninetales|Ninetales-Alola, M|100/100\n|-weather|Snow|[from] ability: Snow Warning|[of] p1a: Ninetales\n|turn|13\n|\n|t:|1695186861\n|switch|p2a: Jirachi|Jirachi|38/100\n|move|p1a: Ninetales|Aurora Veil|p1a: Ninetales\n|-sidestart|p1: bigrich244|move: Aurora Veil\n|\n|-weather|Snow|[upkeep]\n|upkeep\n|turn|14\n|\n|t:|1695186867\n|switch|p1a: Kingambit|Kingambit, F|100/100\n|-activate|p1a: Kingambit|ability: Supreme Overlord\n|-start|p1a: Kingambit|fallen3|[silent]\n|move|p2a: Jirachi|Iron Head|p1a: Kingambit\n|-resisted|p1a: Kingambit\n|-damage|p1a: Kingambit|94/100\n|\n|-weather|Snow|[upkeep]\n|-heal|p1a: Kingambit|100/100|[from] item: Leftovers\n|upkeep\n|turn|15\n|\n|t:|1695186874\n|move|p2a: Jirachi|Healing Wish|p2a: Jirachi\n|faint|p2a: Jirachi\n|move|p1a: Kingambit|Swords Dance|p1a: Kingambit\n|-boost|p1a: Kingambit|atk|2\n|\n|-weather|Snow|[upkeep]\n|upkeep\n|\n|t:|1695186876\n|switch|p2a: Ursaluna|Ursaluna-Bloodmoon, M, tera:Fighting|19/100\n|-heal|p2a: Ursaluna|100/100|[from] move: Healing Wish\n|turn|16\n|inactive|bigrich244 has 120 seconds left.\n|\n|t:|1695186917\n|move|p1a: Kingambit|Sucker Punch|p2a: Ursaluna\n|-resisted|p2a: Ursaluna\n|-damage|p2a: Ursaluna|61/100\n|move|p2a: Ursaluna|Tera Blast|p1a: Kingambit\n|-supereffective|p1a: Kingambit\n|-damage|p1a: Kingambit|0 fnt\n|faint|p1a: Kingambit\n|-end|p1a: Kingambit|fallen3|[silent]\n|\n|-weather|Snow|[upkeep]\n|upkeep\n|\n|t:|1695186924\n|switch|p1a: Mamoswine|Mamoswine, F|100/100\n|turn|17\n|\n|t:|1695186935\n|move|p1a: Mamoswine|Earthquake|p2a: Ursaluna\n|-damage|p2a: Ursaluna|18/100\n|move|p2a: Ursaluna|Tera Blast|p1a: Mamoswine\n|-supereffective|p1a: Mamoswine\n|-damage|p1a: Mamoswine|35/100\n|\n|-weather|none\n|upkeep\n|turn|18\n|\n|t:|1695186943\n|switch|p2a: Alomomola|Alomomola, M|100/100\n|move|p1a: Mamoswine|Ice Shard|p2a: Alomomola\n|-resisted|p2a: Alomomola\n|-damage|p2a: Alomomola|94/100\n|\n|upkeep\n|turn|19\n|inactive|bigrich244 has 120 seconds left.\n|\n|t:|1695186948\n|move|p1a: Mamoswine|Earthquake|p2a: Alomomola\n|-damage|p2a: Alomomola|66/100\n|move|p2a: Alomomola|Wish|p2a: Alomomola\n|\n|upkeep\n|turn|20\n|\n|t:|1695186955\n|move|p1a: Mamoswine|Earthquake|p2a: Alomomola\n|-damage|p2a: Alomomola|33/100\n|move|p2a: Alomomola|Flip Turn|p1a: Mamoswine\n|-supereffective|p1a: Mamoswine\n|-damage|p1a: Mamoswine|18/100\n|\n|t:|1695186957\n|switch|p2a: Ursaluna|Ursaluna-Bloodmoon, M, tera:Fighting|18/100|[from] Flip Turn\n|\n|-heal|p2a: Ursaluna|82/100|[from] move: Wish|[wisher] Alomomola\n|-sideend|p1: bigrich244|move: Aurora Veil\n|upkeep\n|turn|21\n|\n|t:|1695186963\n|move|p2a: Ursaluna|Vacuum Wave|p1a: Mamoswine\n|-supereffective|p1a: Mamoswine\n|-damage|p1a: Mamoswine|0 fnt\n|faint|p1a: Mamoswine\n|\n|upkeep\n|\n|t:|1695186966\n|switch|p1a: Ninetales|Ninetales-Alola, M|100/100\n|-weather|Snow|[from] ability: Snow Warning|[of] p1a: Ninetales\n|turn|22\n|\n|t:|1695186991\n|move|p1a: Ninetales|Hypnosis|p2a: Ursaluna\n|-status|p2a: Ursaluna|slp|[from] move: Hypnosis\n|cant|p2a: Ursaluna|slp\n|\n|-weather|Snow|[upkeep]\n|upkeep\n|turn|23\n|\n|t:|1695187001\n|move|p1a: Ninetales|Freeze-Dry|p2a: Ursaluna\n|-damage|p2a: Ursaluna|68/100 slp\n|-curestatus|p2a: Ursaluna|slp|[msg]\n|move|p2a: Ursaluna|Blood Moon|p1a: Ninetales\n|-damage|p1a: Ninetales|20/100\n|\n|-weather|Snow|[upkeep]\n|upkeep\n|turn|24\n|-message|bigrich244 forfeited.\n|\n|win|SSSSSSlizardr\n|raw|bigrich244's rating: 1246 &rarr; <strong>1229</strong><br />(-17 for losing)\n|raw|SSSSSSlizardr's rating: 1358 &rarr; <strong>1372</strong><br />(+14 for winning)\n|l|\u2606bigrich244\n", "uploadtime": 1695187013, "views": 14, "p1id": "bigrich244", "p2id": "sssssslizardr", "formatid": "gen9ou", "rating": 1229, "private": 0, "password": ""}