{"id": "gen9ou-1947623497", "p1": "FoilFred", "p2": "its for the plot", "format": "gen9ou", "log": "|j|\u2606FoilFred\n|j|\u2606its for the plot\n|t:|1695179001\n|gametype|singles\n|player|p1|FoilFred|gambler|1435\n|player|p2|its for the plot|malva|1388\n|teamsize|p1|6\n|teamsize|p2|6\n|gen|9\n|tier|[Gen 9] OU\n|rated|\n|rule|Sleep Clause Mod: Limit one foe put to sleep\n|rule|Species Clause: Limit one of each Pok\u00e9mon\n|rule|OHKO Clause: OHKO moves are banned\n|rule|Evasion Items Clause: Evasion items are banned\n|rule|Evasion Moves Clause: Evasion moves are banned\n|rule|Endless Battle Clause: Forcing endless battles is banned\n|rule|HP Percentage Mod: HP is shown in percentages\n|clearpoke\n|poke|p1|Ursaluna-Bloodmoon, M|\n|poke|p1|Jirachi|\n|poke|p1|Zapdos|\n|poke|p1|Iron Moth|\n|poke|p1|Kommo-o, F|\n|poke|p1|Enamorus, F|\n|poke|p2|Torkoal, M|\n|poke|p2|Ogerpon-Hearthflame, F|\n|poke|p2|Cinderace, M|\n|poke|p2|Dragonite, F|\n|poke|p2|Fezandipiti, M|\n|poke|p2|Walking Wake|\n|teampreview\n|\n|t:|1695179037\n|start\n|switch|p1a: Ursaluna|Ursaluna-Bloodmoon, M|100/100\n|switch|p2a: Fezandipiti|Fezandipiti, M|100/100\n|turn|1\n|\n|t:|1695179044\n|move|p2a: Fezandipiti|Beat Up|p1a: Ursaluna\n|-damage|p1a: Ursaluna|98/100\n|-status|p1a: Ursaluna|tox|[from] ability: Toxic Chain|[of] p2a: Fezandipiti\n|-damage|p1a: Ursaluna|94/100 tox\n|-damage|p1a: Ursaluna|91/100 tox\n|-damage|p1a: Ursaluna|88/100 tox\n|-damage|p1a: Ursaluna|85/100 tox\n|-damage|p1a: Ursaluna|83/100 tox\n|-hitcount|p1a: Ursaluna|6\n|move|p1a: Ursaluna|Calm Mind|p1a: Ursaluna\n|-boost|p1a: Ursaluna|spa|1\n|-boost|p1a: Ursaluna|spd|1\n|\n|-heal|p1a: Ursaluna|89/100 tox|[from] item: Leftovers\n|-damage|p1a: Ursaluna|83/100 tox|[from] psn\n|upkeep\n|turn|2\n|\n|t:|1695179050\n|move|p2a: Fezandipiti|U-turn|p1a: Ursaluna\n|-damage|p1a: Ursaluna|71/100 tox\n|\n|t:|1695179052\n|switch|p2a: Torkoal|Torkoal, M|100/100|[from] U-turn\n|-weather|SunnyDay|[from] ability: Drought|[of] p2a: Torkoal\n|move|p1a: Ursaluna|Blood Moon|p2a: Torkoal\n|-damage|p2a: Torkoal|0 fnt\n|faint|p2a: Torkoal\n|\n|-weather|SunnyDay|[upkeep]\n|-heal|p1a: Ursaluna|77/100 tox|[from] item: Leftovers\n|-damage|p1a: Ursaluna|65/100 tox|[from] psn\n|upkeep\n|\n|t:|1695179054\n|switch|p2a: Walking Wake|Walking Wake|100/100\n|-activate|p2a: Walking Wake|ability: Protosynthesis\n|-start|p2a: Walking Wake|protosynthesisspa\n|turn|3\n|\n|t:|1695179065\n|switch|p1a: Zapdos|Zapdos, shiny|100/100\n|-terastallize|p2a: Walking Wake|Water\n|move|p2a: Walking Wake|Hydro Steam|p1a: Zapdos\n|-damage|p1a: Zapdos|0 fnt\n|faint|p1a: Zapdos\n|\n|-weather|SunnyDay|[upkeep]\n|upkeep\n|\n|t:|1695179073\n|switch|p1a: Jirachi|Jirachi|100/100\n|turn|4\n|\n|t:|1695179075\n|move|p2a: Walking Wake|Hydro Steam|p1a: Jirachi\n|-damage|p1a: Jirachi|4/100\n|move|p1a: Jirachi|Thunder Wave|p2a: Walking Wake\n|-status|p2a: Walking Wake|par\n|\n|-weather|SunnyDay|[upkeep]\n|-heal|p1a: Jirachi|11/100|[from] item: Leftovers\n|upkeep\n|turn|5\n|\n|t:|1695179080\n|move|p1a: Jirachi|Wish|p1a: Jirachi\n|move|p2a: Walking Wake|Hydro Steam|p1a: Jirachi\n|-damage|p1a: Jirachi|0 fnt\n|faint|p1a: Jirachi\n|\n|-weather|SunnyDay|[upkeep]\n|upkeep\n|\n|t:|1695179086\n|switch|p1a: Kommo-o|Kommo-o, F|100/100\n|turn|6\n|\n|t:|1695179090\n|-end|p2a: Walking Wake|Protosynthesis|[silent]\n|switch|p2a: Fezandipiti|Fezandipiti, M|100/100\n|move|p1a: Kommo-o|Clangorous Soul|p1a: Kommo-o\n|-boost|p1a: Kommo-o|atk|1\n|-boost|p1a: Kommo-o|def|1\n|-boost|p1a: Kommo-o|spa|1\n|-boost|p1a: Kommo-o|spd|1\n|-boost|p1a: Kommo-o|spe|1\n|-damage|p1a: Kommo-o|68/100\n|\n|-weather|SunnyDay|[upkeep]\n|-heal|p1a: Kommo-o|100/100|[from] move: Wish|[wisher] Jirachi\n|upkeep\n|turn|7\n|\n|t:|1695179093\n|move|p1a: Kommo-o|Iron Head|p2a: Fezandipiti\n|-supereffective|p2a: Fezandipiti\n|-damage|p2a: Fezandipiti|0 fnt\n|faint|p2a: Fezandipiti\n|\n|-weather|SunnyDay|[upkeep]\n|upkeep\n|\n|t:|1695179099\n|switch|p2a: Walking Wake|Walking Wake, tera:Water|100/100 par\n|-activate|p2a: Walking Wake|ability: Protosynthesis\n|-start|p2a: Walking Wake|protosynthesisspa\n|turn|8\n|\n|t:|1695179106\n|-terastallize|p1a: Kommo-o|Steel\n|move|p1a: Kommo-o|Clangorous Soul|p1a: Kommo-o\n|-boost|p1a: Kommo-o|atk|1\n|-boost|p1a: Kommo-o|def|1\n|-boost|p1a: Kommo-o|spa|1\n|-boost|p1a: Kommo-o|spd|1\n|-boost|p1a: Kommo-o|spe|1\n|-damage|p1a: Kommo-o|68/100\n|cant|p2a: Walking Wake|par\n|\n|-weather|SunnyDay|[upkeep]\n|-heal|p1a: Kommo-o|74/100|[from] item: Leftovers\n|upkeep\n|turn|9\n|\n|t:|1695179112\n|move|p1a: Kommo-o|Drain Punch|p2a: Walking Wake\n|-damage|p2a: Walking Wake|31/100 par\n|-heal|p1a: Kommo-o|100/100|[from] drain|[of] p2a: Walking Wake\n|move|p2a: Walking Wake|Flamethrower|p1a: Kommo-o\n|-supereffective|p1a: Kommo-o\n|-damage|p1a: Kommo-o|2/100\n|-status|p1a: Kommo-o|brn\n|\n|-weather|none\n|-end|p2a: Walking Wake|Protosynthesis\n|-heal|p1a: Kommo-o|8/100 brn|[from] item: Leftovers\n|-damage|p1a: Kommo-o|2/100 brn|[from] brn\n|upkeep\n|turn|10\n|\n|t:|1695179120\n|move|p1a: Kommo-o|Drain Punch|p2a: Walking Wake\n|-crit|p2a: Walking Wake\n|-damage|p2a: Walking Wake|0 fnt\n|-heal|p1a: Kommo-o|19/100 brn|[from] drain|[of] p2a: Walking Wake\n|faint|p2a: Walking Wake\n|-end|p2a: Walking Wake|Protosynthesis|[silent]\n|\n|-heal|p1a: Kommo-o|25/100 brn|[from] item: Leftovers\n|-damage|p1a: Kommo-o|19/100 brn|[from] brn\n|upkeep\n|\n|t:|1695179124\n|switch|p2a: Dragonite|Dragonite, F|100/100\n|turn|11\n|\n|t:|1695179132\n|move|p2a: Dragonite|Extreme Speed|p1a: Kommo-o\n|-resisted|p1a: Kommo-o\n|-damage|p1a: Kommo-o|7/100 brn\n|move|p1a: Kommo-o|Iron Head|p2a: Dragonite\n|-damage|p2a: Dragonite|79/100\n|\n|-heal|p1a: Kommo-o|14/100 brn|[from] item: Leftovers\n|-damage|p1a: Kommo-o|7/100 brn|[from] brn\n|upkeep\n|turn|12\n|\n|t:|1695179136\n|move|p2a: Dragonite|Extreme Speed|p1a: Kommo-o\n|-resisted|p1a: Kommo-o\n|-damage|p1a: Kommo-o|0 fnt\n|faint|p1a: Kommo-o\n|\n|upkeep\n|\n|t:|1695179137\n|switch|p1a: Enamorus|Enamorus, F|100/100\n|turn|13\n|\n|t:|1695179143\n|switch|p2a: Cinderace|Cinderace, M|100/100\n|move|p1a: Enamorus|Healing Wish|p1a: Enamorus\n|faint|p1a: Enamorus\n|\n|upkeep\n|\n|t:|1695179147\n|switch|p1a: Iron Moth|Iron Moth|100/100\n|-enditem|p1a: Iron Moth|Booster Energy\n|-activate|p1a: Iron Moth|ability: Quark Drive|[fromitem]\n|-start|p1a: Iron Moth|quarkdrivespe\n|turn|14\n|\n|t:|1695179152\n|move|p1a: Iron Moth|Fiery Dance|p2a: Cinderace\n|-resisted|p2a: Cinderace\n|-damage|p2a: Cinderace|69/100\n|move|p2a: Cinderace|U-turn|p1a: Iron Moth\n|-start|p2a: Cinderace|typechange|Bug|[from] ability: Libero\n|-resisted|p1a: Iron Moth\n|-damage|p1a: Iron Moth|88/100\n|c|\u2606its for the plot|what\n|\n|t:|1695179156\n|switch|p2a: Dragonite|Dragonite, F|79/100|[from] U-turn\n|\n|upkeep\n|turn|15\n|\n|t:|1695179159\n|move|p1a: Iron Moth|Dazzling Gleam|p2a: Dragonite\n|-supereffective|p2a: Dragonite\n|-damage|p2a: Dragonite|22/100\n|move|p2a: Dragonite|Earthquake|p1a: Iron Moth\n|-supereffective|p1a: Iron Moth\n|-damage|p1a: Iron Moth|0 fnt\n|faint|p1a: Iron Moth\n|-end|p1a: Iron Moth|Quark Drive|[silent]\n|\n|upkeep\n|\n|t:|1695179162\n|switch|p1a: Ursaluna|Ursaluna-Bloodmoon, M|65/100 tox\n|-heal|p1a: Ursaluna|100/100|[from] move: Healing Wish\n|turn|16\n|\n|t:|1695179169\n|switch|p2a: Ogerpon|Ogerpon-Hearthflame, F|100/100\n|-ability|p2a: Ogerpon|Mold Breaker\n|move|p1a: Ursaluna|Calm Mind|p1a: Ursaluna\n|-boost|p1a: Ursaluna|spa|1\n|-boost|p1a: Ursaluna|spd|1\n|\n|upkeep\n|turn|17\n|\n|t:|1695179175\n|move|p2a: Ogerpon|Ivy Cudgel|p1a: Ursaluna\n|-damage|p1a: Ursaluna|57/100\n|move|p1a: Ursaluna|Blood Moon|p2a: Ogerpon\n|-damage|p2a: Ogerpon|0 fnt\n|faint|p2a: Ogerpon\n|\n|-heal|p1a: Ursaluna|63/100|[from] item: Leftovers\n|upkeep\n|\n|t:|1695179178\n|switch|p2a: Cinderace|Cinderace, M|69/100\n|turn|18\n|\n|t:|1695179180\n|move|p2a: Cinderace|Pyro Ball|p1a: Ursaluna\n|-damage|p1a: Ursaluna|25/100\n|move|p1a: Ursaluna|Earth Power|p2a: Cinderace\n|-supereffective|p2a: Cinderace\n|-damage|p2a: Cinderace|0 fnt\n|faint|p2a: Cinderace\n|\n|-heal|p1a: Ursaluna|31/100|[from] item: Leftovers\n|upkeep\n|\n|t:|1695179182\n|switch|p2a: Dragonite|Dragonite, F|22/100\n|turn|19\n|\n|t:|1695179220\n|move|p2a: Dragonite|Extreme Speed|p1a: Ursaluna\n|-damage|p1a: Ursaluna|2/100\n|move|p1a: Ursaluna|Blood Moon|p2a: Dragonite\n|-damage|p2a: Dragonite|0 fnt\n|faint|p2a: Dragonite\n|\n|win|FoilFred\n|raw|FoilFred's rating: 1435 &rarr; <strong>1452</strong><br />(+17 for winning)\n|raw|its for the plot's rating: 1388 &rarr; <strong>1371</strong><br />(-17 for losing)\n", "uploadtime": 1695179232, "views": 7, "p1id": "foilfred", "p2id": "itsfortheplot", "formatid": "gen9ou", "rating": 1371, "private": 0, "password": ""}