{"id": "gen9ou-1947549858", "p1": "Memicchu", "p2": "notudei", "format": "gen9ou", "log": "|j|\u2606Memicchu\n|j|\u2606notudei\n|t:|1695171592\n|gametype|singles\n|player|p1|Memicchu|bruno|\n|player|p2|notudei|cynthia-gen4|\n|teamsize|p1|6\n|teamsize|p2|6\n|gen|9\n|tier|[Gen 9] OU\n|rule|Sleep Clause Mod: Limit one foe put to sleep\n|rule|Species Clause: Limit one of each Pok\u00e9mon\n|rule|OHKO Clause: OHKO moves are banned\n|rule|Evasion Items Clause: Evasion items are banned\n|rule|Evasion Moves Clause: Evasion moves are banned\n|rule|Endless Battle Clause: Forcing endless battles is banned\n|rule|HP Percentage Mod: HP is shown in percentages\n|clearpoke\n|poke|p1|Illumise, F|\n|poke|p1|Kommo-o, F|\n|poke|p1|Mandibuzz, F|\n|poke|p1|Iron Moth|\n|poke|p1|Ogerpon-Hearthflame, F|\n|poke|p1|Mamoswine, M|\n|poke|p2|Samurott-Hisui, M|\n|poke|p2|Iron Valiant|\n|poke|p2|Gliscor, M|\n|poke|p2|Hatterene, F|\n|poke|p2|Zapdos|\n|poke|p2|Ogerpon-Wellspring, F|\n|teampreview\n|j| LiveLaughLanzhu\n|\n|t:|1695171650\n|start\n|switch|p1a: Ogerpon|Ogerpon-Hearthflame, F|100/100\n|switch|p2a: Samurott|Samurott-Hisui, M, shiny|100/100\n|-ability|p1a: Ogerpon|Mold Breaker\n|turn|1\n|\n|t:|1695171662\n|switch|p2a: Zapdos|Zapdos|100/100\n|move|p1a: Ogerpon|U-turn|p2a: Zapdos\n|-resisted|p2a: Zapdos\n|-damage|p2a: Zapdos|85/100\n|\n|t:|1695171668\n|switch|p1a: Illumise|Illumise, F|100/100|[from] U-turn\n|\n|upkeep\n|turn|2\n|c|\u2606notudei|damn\n|\n|t:|1695171674\n|switch|p2a: Hatterene|Hatterene, F|100/100\n|move|p1a: Illumise|Trick|p2a: Hatterene\n|-activate|p1a: Illumise|move: Trick|[of] p2a: Hatterene\n|-item|p2a: Hatterene|Choice Scarf|[from] move: Trick\n|-item|p1a: Illumise|Eject Button|[from] move: Trick\n|\n|upkeep\n|turn|3\n|\n|t:|1695171688\n|move|p1a: Illumise|Bug Buzz|p2a: Hatterene\n|-damage|p2a: Hatterene|74/100\n|move|p2a: Hatterene|Dazzling Gleam|p1a: Illumise\n|-damage|p1a: Illumise|63/100\n|-enditem|p1a: Illumise|Eject Button\n|c|\u2606notudei|honestly this is fine lol\n|\n|t:|1695171703\n|switch|p1a: Kommo-o|Kommo-o, F|100/100\n|\n|upkeep\n|turn|4\n|c|\u2606notudei|look at this piece of shit about to terastal\n|\n|t:|1695171724\n|switch|p2a: Zapdos|Zapdos|85/100\n|-terastallize|p1a: Kommo-o|Steel\n|move|p1a: Kommo-o|Clangorous Soul|p1a: Kommo-o\n|-boost|p1a: Kommo-o|atk|1\n|-boost|p1a: Kommo-o|def|1\n|-boost|p1a: Kommo-o|spa|1\n|-boost|p1a: Kommo-o|spd|1\n|-boost|p1a: Kommo-o|spe|1\n|-damage|p1a: Kommo-o|68/100\n|-enditem|p1a: Kommo-o|Throat Spray\n|-boost|p1a: Kommo-o|spa|1|[from] item: Throat Spray\n|\n|upkeep\n|turn|5\n|\n|t:|1695171739\n|move|p1a: Kommo-o|Clanging Scales|p2a: Zapdos\n|-damage|p2a: Zapdos|0 fnt\n|faint|p2a: Zapdos\n|-unboost|p1a: Kommo-o|def|1\n|\n|upkeep\n|\n|t:|1695171745\n|switch|p2a: Samurott|Samurott-Hisui, M, shiny|100/100\n|turn|6\n|\n|t:|1695171750\n|move|p1a: Kommo-o|Aura Sphere|p2a: Samurott\n|-supereffective|p2a: Samurott\n|-enditem|p2a: Samurott|Focus Sash\n|-damage|p2a: Samurott|1/100\n|move|p2a: Samurott|Razor Shell|p1a: Kommo-o\n|-damage|p1a: Kommo-o|21/100\n|\n|upkeep\n|turn|7\n|\n|t:|1695171762\n|move|p1a: Kommo-o|Flash Cannon|p2a: Samurott\n|-resisted|p2a: Samurott\n|-damage|p2a: Samurott|0 fnt\n|faint|p2a: Samurott\n|\n|upkeep\n|\n|t:|1695171765\n|switch|p2a: Gliscor|Gliscor, M, shiny|100/100\n|turn|8\n|\n|t:|1695171769\n|move|p2a: Gliscor|Protect|p2a: Gliscor\n|-singleturn|p2a: Gliscor|Protect\n|move|p1a: Kommo-o|Clanging Scales|p2a: Gliscor\n|-activate|p2a: Gliscor|move: Protect\n|\n|-status|p2a: Gliscor|tox|[from] item: Toxic Orb\n|upkeep\n|turn|9\n|\n|t:|1695171787\n|move|p1a: Kommo-o|Clanging Scales|p2a: Gliscor\n|-damage|p2a: Gliscor|0 fnt\n|faint|p2a: Gliscor\n|-unboost|p1a: Kommo-o|def|1\n|\n|upkeep\n|\n|t:|1695171796\n|switch|p2a: Ogerpon|Ogerpon-Wellspring, F|100/100\n|turn|10\n|\n|t:|1695171801\n|-terastallize|p2a: Ogerpon|Water\n|detailschange|p2a: Ogerpon|Ogerpon-Wellspring-Tera, F, tera:Water\n|-ability|p2a: Ogerpon|Embody Aspect (Wellspring)|boost\n|-boost|p2a: Ogerpon|spd|1\n|move|p1a: Kommo-o|Clanging Scales|p2a: Ogerpon\n|-crit|p2a: Ogerpon\n|-damage|p2a: Ogerpon|0 fnt\n|faint|p2a: Ogerpon\n|-unboost|p1a: Kommo-o|def|1\n|\n|upkeep\n|c|\u2606notudei|NOOOOOOOOOOOOOOO\n|\n|t:|1695171813\n|switch|p2a: Hatterene|Hatterene, F|74/100\n|turn|11\n|\n|t:|1695171816\n|move|p1a: Kommo-o|Flash Cannon|p2a: Hatterene\n|-supereffective|p2a: Hatterene\n|-damage|p2a: Hatterene|0 fnt\n|faint|p2a: Hatterene\n|\n|upkeep\n|c| LiveLaughLanzhu|crit didnt matter btw\n|\n|t:|1695171818\n|switch|p2a: Iron Valiant|Iron Valiant|100/100\n|turn|12\n|\n|t:|1695171822\n|move|p1a: Kommo-o|Flash Cannon|p2a: Iron Valiant\n|-supereffective|p2a: Iron Valiant\n|-damage|p2a: Iron Valiant|0 fnt\n|faint|p2a: Iron Valiant\n|-end|p2a: Iron Valiant|Quark Drive|[silent]\n|\n|win|Memicchu\n|c|\u2606notudei|true\n|c|\u2606notudei|damn crit\n|l| LiveLaughLanzhu\n", "uploadtime": 1695171863, "views": 3, "p1id": "memicchu", "p2id": "notudei", "formatid": "gen9ou", "rating": 0, "private": 0, "password": ""}