{"id": "gen9ou-1947636381", "p1": "typhoon tommy", "p2": "02xygen_", "format": "gen9ou", "log": "|j|\u203dtyphoon tommy\n|j|\u260602xygen_\n|t:|1695180424\n|gametype|singles\n|player|p1|typhoon tommy|ghetsis|1783\n|player|p2|02xygen_|iris-gen5bw2|1743\n|teamsize|p1|6\n|teamsize|p2|6\n|gen|9\n|tier|[Gen 9] OU\n|rated|\n|rule|Sleep Clause Mod: Limit one foe put to sleep\n|rule|Species Clause: Limit one of each Pok\u00e9mon\n|rule|OHKO Clause: OHKO moves are banned\n|rule|Evasion Items Clause: Evasion items are banned\n|rule|Evasion Moves Clause: Evasion moves are banned\n|rule|Endless Battle Clause: Forcing endless battles is banned\n|rule|HP Percentage Mod: HP is shown in percentages\n|clearpoke\n|poke|p1|Meowscarada, F|\n|poke|p1|Walking Wake|\n|poke|p1|Ursaluna-Bloodmoon, M|\n|poke|p1|Cinderace, F|\n|poke|p1|Bronzong|\n|poke|p1|Dondozo, F|\n|poke|p2|Ribombee, F|\n|poke|p2|Gholdengo|\n|poke|p2|Ogerpon-Hearthflame, F|\n|poke|p2|Great Tusk|\n|poke|p2|Samurott-Hisui, M|\n|poke|p2|Enamorus, F|\n|teampreview\n|j| diamonds fake\n|j| j0ast\n|j| MorbinFrFr\n|j| Ultramanball1\n|inactive|Battle timer is ON: inactive players will automatically lose when time's up. (requested by typhoon tommy)\n|\n|t:|1695180473\n|start\n|switch|p1a: Ursaluna|Ursaluna-Bloodmoon, M|100/100\n|switch|p2a: Ribombee|Ribombee, F, shiny|100/100\n|turn|1\n|j| dogerunner\n|\n|t:|1695180483\n|move|p2a: Ribombee|Sticky Web|p1a: Ursaluna\n|-sidestart|p1: typhoon tommy|move: Sticky Web\n|move|p1a: Ursaluna|Blood Moon|p2a: Ribombee\n|-enditem|p2a: Ribombee|Focus Sash\n|-damage|p2a: Ribombee|1/100\n|\n|upkeep\n|turn|2\n|\n|t:|1695180493\n|switch|p2a: Samurott|Samurott-Hisui, M, shiny|100/100\n|move|p1a: Ursaluna|Calm Mind|p1a: Ursaluna\n|-boost|p1a: Ursaluna|spa|1\n|-boost|p1a: Ursaluna|spd|1\n|\n|upkeep\n|turn|3\n|\n|t:|1695180504\n|move|p1a: Ursaluna|Vacuum Wave|p2a: Samurott\n|-supereffective|p2a: Samurott\n|-damage|p2a: Samurott|58/100\n|move|p2a: Samurott|Flip Turn|p1a: Ursaluna\n|-supereffective|p1a: Ursaluna\n|-damage|p1a: Ursaluna|66/100\n|j| killabyss\n|\n|t:|1695180518\n|switch|p2a: Ogerpon|Ogerpon-Hearthflame, F|100/100|[from] Flip Turn\n|-ability|p2a: Ogerpon|Mold Breaker\n|\n|-heal|p1a: Ursaluna|72/100|[from] item: Leftovers\n|upkeep\n|turn|4\n|l| diamonds fake\n|j| plplk\n|\n|t:|1695180532\n|switch|p2a: Samurott|Samurott-Hisui, M, shiny|58/100\n|-terastallize|p1a: Ursaluna|Normal\n|move|p1a: Ursaluna|Blood Moon|p2a: Samurott\n|-damage|p2a: Samurott|0 fnt\n|faint|p2a: Samurott\n|\n|-heal|p1a: Ursaluna|78/100|[from] item: Leftovers\n|upkeep\n|\n|t:|1695180544\n|switch|p2a: Great Tusk|Great Tusk|100/100\n|turn|5\n|\n|t:|1695180571\n|switch|p1a: Dondozo|Dondozo, F|100/100\n|-activate|p1a: Dondozo|move: Sticky Web\n|-unboost|p1a: Dondozo|spe|1\n|move|p2a: Great Tusk|Headlong Rush|p1a: Dondozo\n|-damage|p1a: Dondozo|71/100\n|-unboost|p2a: Great Tusk|def|1\n|-unboost|p2a: Great Tusk|spd|1\n|\n|-heal|p1a: Dondozo|77/100|[from] item: Leftovers\n|upkeep\n|turn|6\n|j| 0lvl!\n|inactive|02xygen_ has 120 seconds left.\n|\n|t:|1695180596\n|-end|p2a: Great Tusk|Protosynthesis|[silent]\n|switch|p2a: Gholdengo|Gholdengo|100/100\n|move|p1a: Dondozo|Wave Crash|p2a: Gholdengo\n|-damage|p2a: Gholdengo|74/100\n|-damage|p1a: Dondozo|70/100|[from] Recoil\n|\n|-heal|p1a: Dondozo|76/100|[from] item: Leftovers\n|upkeep\n|turn|7\n|\n|t:|1695180602\n|switch|p1a: Ursaluna|Ursaluna-Bloodmoon, M, tera:Normal|78/100\n|-activate|p1a: Ursaluna|move: Sticky Web\n|-unboost|p1a: Ursaluna|spe|1\n|move|p2a: Gholdengo|Nasty Plot|p2a: Gholdengo\n|-boost|p2a: Gholdengo|spa|2\n|\n|-heal|p1a: Ursaluna|84/100|[from] item: Leftovers\n|upkeep\n|turn|8\n|\n|t:|1695180608\n|move|p2a: Gholdengo|Make It Rain|p1a: Ursaluna\n|-damage|p1a: Ursaluna|0 fnt\n|-unboost|p2a: Gholdengo|spa|1\n|faint|p1a: Ursaluna\n|\n|upkeep\n|\n|t:|1695180612\n|switch|p1a: Cinderace|Cinderace, F|100/100\n|turn|9\n|\n|t:|1695180616\n|move|p1a: Cinderace|Pyro Ball|p2a: Gholdengo\n|-supereffective|p2a: Gholdengo\n|-damage|p2a: Gholdengo|13/100\n|move|p2a: Gholdengo|Make It Rain|p1a: Cinderace\n|-resisted|p1a: Cinderace\n|-damage|p1a: Cinderace|58/100\n|-unboost|p2a: Gholdengo|spa|1\n|\n|upkeep\n|turn|10\n|\n|t:|1695180623\n|move|p1a: Cinderace|Pyro Ball|p2a: Gholdengo|[miss]\n|-miss|p1a: Cinderace|p2a: Gholdengo\n|move|p2a: Gholdengo|Make It Rain|p1a: Cinderace\n|-resisted|p1a: Cinderace\n|-crit|p1a: Cinderace\n|-damage|p1a: Cinderace|16/100\n|-unboost|p2a: Gholdengo|spa|1\n|\n|upkeep\n|turn|11\n|\n|t:|1695180627\n|move|p1a: Cinderace|Pyro Ball|p2a: Gholdengo\n|-supereffective|p2a: Gholdengo\n|-damage|p2a: Gholdengo|0 fnt\n|faint|p2a: Gholdengo\n|\n|upkeep\n|\n|t:|1695180645\n|switch|p2a: Great Tusk|Great Tusk|100/100\n|turn|12\n|\n|t:|1695180650\n|move|p1a: Cinderace|U-turn|p2a: Great Tusk\n|-resisted|p2a: Great Tusk\n|-damage|p2a: Great Tusk|93/100\n|\n|t:|1695180652\n|switch|p1a: Dondozo|Dondozo, F|76/100|[from] U-turn\n|-activate|p1a: Dondozo|move: Sticky Web\n|-unboost|p1a: Dondozo|spe|1\n|move|p2a: Great Tusk|Rapid Spin|p1a: Dondozo\n|-damage|p1a: Dondozo|69/100\n|-boost|p2a: Great Tusk|spe|1\n|\n|-heal|p1a: Dondozo|75/100|[from] item: Leftovers\n|upkeep\n|turn|13\n|\n|t:|1695180659\n|move|p2a: Great Tusk|Knock Off|p1a: Dondozo\n|-damage|p1a: Dondozo|60/100\n|-enditem|p1a: Dondozo|Leftovers|[from] move: Knock Off|[of] p2a: Great Tusk\n|move|p1a: Dondozo|Wave Crash|p2a: Great Tusk\n|-supereffective|p2a: Great Tusk\n|-damage|p2a: Great Tusk|36/100\n|-damage|p1a: Dondozo|46/100|[from] Recoil\n|\n|upkeep\n|turn|14\n|\n|t:|1695180675\n|-end|p2a: Great Tusk|Protosynthesis|[silent]\n|switch|p2a: Enamorus|Enamorus, F|100/100\n|move|p1a: Dondozo|Rest|p1a: Dondozo\n|-status|p1a: Dondozo|slp|[from] move: Rest\n|-heal|p1a: Dondozo|100/100 slp|[silent]\n|\n|upkeep\n|turn|15\n|\n|t:|1695180683\n|switch|p1a: Bronzong|Bronzong|100/100\n|move|p2a: Enamorus|Calm Mind|p2a: Enamorus\n|-boost|p2a: Enamorus|spa|1\n|-boost|p2a: Enamorus|spd|1\n|\n|upkeep\n|turn|16\n|l| j0ast\n|inactive|02xygen_ has 120 seconds left.\n|j| NintendoNed\n|j| cityfolk\n|\n|t:|1695180727\n|move|p2a: Enamorus|Mystical Fire|p1a: Bronzong\n|-supereffective|p1a: Bronzong\n|-damage|p1a: Bronzong|44/100\n|-unboost|p1a: Bronzong|spa|1\n|move|p1a: Bronzong|Stealth Rock|p2a: Enamorus\n|-sidestart|p2: 02xygen_|move: Stealth Rock\n|\n|-heal|p1a: Bronzong|50/100|[from] item: Leftovers\n|upkeep\n|turn|17\n|l| dogerunner\n|l| plplk\n|inactive|typhoon tommy has 120 seconds left.\n|\n|t:|1695180766\n|move|p2a: Enamorus|Mystical Fire|p1a: Bronzong\n|-supereffective|p1a: Bronzong\n|-damage|p1a: Bronzong|0 fnt\n|faint|p1a: Bronzong\n|\n|upkeep\n|\n|t:|1695180779\n|switch|p1a: Cinderace|Cinderace, F|16/100\n|turn|18\n|j| LaggyBaggy5162\n|l| LaggyBaggy5162\n|inactive|02xygen_ has 120 seconds left.\n|\n|t:|1695180801\n|move|p1a: Cinderace|U-turn|p2a: Enamorus\n|-resisted|p2a: Enamorus\n|-damage|p2a: Enamorus|94/100\n|inactive|typhoon tommy has 120 seconds left.\n|\n|t:|1695180809\n|switch|p1a: Meowscarada|Meowscarada, F|100/100|[from] U-turn\n|-activate|p1a: Meowscarada|move: Sticky Web\n|-unboost|p1a: Meowscarada|spe|1\n|move|p2a: Enamorus|Moonblast|p1a: Meowscarada\n|-supereffective|p1a: Meowscarada\n|-damage|p1a: Meowscarada|0 fnt\n|faint|p1a: Meowscarada\n|\n|-heal|p2a: Enamorus|99/100|[from] item: Leftovers\n|upkeep\n|inactive|typhoon tommy has 120 seconds left.\n|\n|t:|1695180819\n|switch|p1a: Dondozo|Dondozo, F|100/100 slp\n|-activate|p1a: Dondozo|move: Sticky Web\n|-unboost|p1a: Dondozo|spe|1\n|turn|19\n|inactive|02xygen_ has 120 seconds left.\n|c|\u260602xygen_|does this cinder not have court change\n|\n|t:|1695180837\n|move|p2a: Enamorus|Moonblast|p1a: Dondozo\n|-damage|p1a: Dondozo|50/100 slp\n|cant|p1a: Dondozo|slp\n|move|p1a: Dondozo|Sleep Talk|p1a: Dondozo\n|move|p1a: Dondozo|Rest||[from]move: Sleep Talk|[still]\n|-fail|p1a: Dondozo\n|\n|-heal|p2a: Enamorus|100/100|[from] item: Leftovers\n|upkeep\n|turn|20\n|\n|t:|1695180844\n|move|p2a: Enamorus|Moonblast|p1a: Dondozo\n|-damage|p1a: Dondozo|0 fnt\n|faint|p1a: Dondozo\n|\n|upkeep\n|\n|t:|1695180847\n|switch|p1a: Cinderace|Cinderace, F|16/100\n|turn|21\n|\n|t:|1695180850\n|move|p1a: Cinderace|Pyro Ball|p2a: Enamorus\n|-damage|p2a: Enamorus|0 fnt\n|faint|p2a: Enamorus\n|\n|upkeep\n|j| metaloid\n|c| MorbinFrFr|i love blaze!!!!\n|\n|t:|1695180869\n|switch|p2a: Ogerpon|Ogerpon-Hearthflame, F|100/100\n|-damage|p2a: Ogerpon|76/100|[from] Stealth Rock\n|-ability|p2a: Ogerpon|Mold Breaker\n|turn|22\n|\n|t:|1695180878\n|-terastallize|p2a: Ogerpon|Fire\n|detailschange|p2a: Ogerpon|Ogerpon-Hearthflame-Tera, F, tera:Fire\n|-ability|p2a: Ogerpon|Embody Aspect (Hearthflame)|boost\n|-boost|p2a: Ogerpon|atk|1\n|move|p1a: Cinderace|Pyro Ball|p2a: Ogerpon\n|-resisted|p2a: Ogerpon\n|-damage|p2a: Ogerpon|31/100\n|move|p2a: Ogerpon|Ivy Cudgel|p1a: Cinderace\n|-resisted|p1a: Cinderace\n|-damage|p1a: Cinderace|0 fnt\n|faint|p1a: Cinderace\n|\n|upkeep\n|\n|t:|1695180882\n|switch|p1a: Walking Wake|Walking Wake|100/100\n|-activate|p1a: Walking Wake|move: Sticky Web\n|-unboost|p1a: Walking Wake|spe|1\n|-enditem|p1a: Walking Wake|Booster Energy\n|-activate|p1a: Walking Wake|ability: Protosynthesis|[fromitem]\n|-start|p1a: Walking Wake|protosynthesisspa\n|turn|23\n|\n|t:|1695180889\n|move|p2a: Ogerpon|Play Rough|p1a: Walking Wake|[miss]\n|-miss|p2a: Ogerpon|p1a: Walking Wake\n|move|p1a: Walking Wake|Agility|p1a: Walking Wake\n|-boost|p1a: Walking Wake|spe|2\n|\n|upkeep\n|turn|24\n|\n|t:|1695180893\n|move|p1a: Walking Wake|Surf|p2a: Ogerpon\n|-supereffective|p2a: Ogerpon\n|-damage|p2a: Ogerpon|0 fnt\n|faint|p2a: Ogerpon\n|\n|upkeep\n|c|\u260602xygen_|what a way to lose\n|c|\u260602xygen_|gg\n|\n|t:|1695180903\n|switch|p2a: Ribombee|Ribombee, F, shiny|1/100\n|-damage|p2a: Ribombee|0 fnt|[from] Stealth Rock\n|faint|p2a: Ribombee\n|-message|02xygen_ forfeited.\n|\n|win|typhoon tommy\n|raw|typhoon tommy's rating: 1783 &rarr; <strong>1801</strong><br />(+18 for winning)\n|raw|02xygen_'s rating: 1743 &rarr; <strong>1725</strong><br />(-18 for losing)\n|l|\u203dtyphoon tommy\n|l| NintendoNed\n|l| MorbinFrFr\n|l|\u260602xygen_\n|l| cityfolk\n|l| metaloid\n", "uploadtime": 1695181058, "views": 5, "p1id": "typhoontommy", "p2id": "02xygen", "formatid": "gen9ou", "rating": 1725, "private": 0, "password": ""}