{"id": "gen9ou-1947651629", "p1": "E505", "p2": "Awakening4935", "format": "gen9ou", "log": "|j|\u2606E505\n|j|\u2606Awakening4935\n|t:|1695182216\n|gametype|singles\n|player|p1|E505|blackbelt-gen4dp|1012\n|player|p2|Awakening4935|cynthia-gen4|1000\n|teamsize|p1|6\n|teamsize|p2|6\n|gen|9\n|tier|[Gen 9] OU\n|rated|\n|rule|Sleep Clause Mod: Limit one foe put to sleep\n|rule|Species Clause: Limit one of each Pok\u00e9mon\n|rule|OHKO Clause: OHKO moves are banned\n|rule|Evasion Items Clause: Evasion items are banned\n|rule|Evasion Moves Clause: Evasion moves are banned\n|rule|Endless Battle Clause: Forcing endless battles is banned\n|rule|HP Percentage Mod: HP is shown in percentages\n|clearpoke\n|poke|p1|Cinderace, M|\n|poke|p1|Okidogi, M|\n|poke|p1|Jirachi|\n|poke|p1|Dondozo, M|\n|poke|p1|Enamorus, F|\n|poke|p1|Gholdengo|\n|poke|p2|Torterra, F|\n|poke|p2|Heatran, M|\n|poke|p2|Cyclizar, M|\n|poke|p2|Ursaluna-Bloodmoon, M|\n|poke|p2|Glaceon, F|\n|poke|p2|Toedscruel, M|\n|teampreview\n|inactive|Battle timer is ON: inactive players will automatically lose when time's up. (requested by E505)\n|\n|t:|1695182239\n|start\n|switch|p1a: Cinderace|Cinderace, M|100/100\n|switch|p2a: Heatran|Heatran, M|100/100\n|-item|p2a: Heatran|Air Balloon\n|turn|1\n|j| smolishly\n|\n|t:|1695182253\n|-terastallize|p2a: Heatran|Grass\n|move|p1a: Cinderace|Iron Head|p2a: Heatran\n|-start|p1a: Cinderace|typechange|Steel|[from] ability: Libero\n|-damage|p2a: Heatran|64/100\n|-enditem|p2a: Heatran|Air Balloon\n|move|p2a: Heatran|Stealth Rock|p1a: Cinderace\n|-sidestart|p1: E505|move: Stealth Rock\n|\n|upkeep\n|turn|2\n|\n|t:|1695182263\n|move|p1a: Cinderace|Swords Dance|p1a: Cinderace\n|-boost|p1a: Cinderace|atk|2\n|move|p2a: Heatran|Substitute|p2a: Heatran\n|-start|p2a: Heatran|Substitute\n|-damage|p2a: Heatran|39/100\n|\n|upkeep\n|turn|3\n|\n|t:|1695182270\n|move|p1a: Cinderace|Iron Head|p2a: Heatran\n|-end|p2a: Heatran|Substitute\n|move|p2a: Heatran|Fire Blast|p1a: Cinderace\n|-supereffective|p1a: Cinderace\n|-enditem|p1a: Cinderace|Focus Sash\n|-damage|p1a: Cinderace|1/100\n|\n|upkeep\n|turn|4\n|\n|t:|1695182289\n|move|p1a: Cinderace|Iron Head|p2a: Heatran\n|-damage|p2a: Heatran|0 fnt\n|faint|p2a: Heatran\n|\n|upkeep\n|l| smolishly\n|\n|t:|1695182296\n|switch|p2a: Ursaluna|Ursaluna-Bloodmoon, M|100/100\n|turn|5\n|\n|t:|1695182301\n|move|p2a: Ursaluna|Vacuum Wave|p1a: Cinderace\n|-supereffective|p1a: Cinderace\n|-crit|p1a: Cinderace\n|-damage|p1a: Cinderace|0 fnt\n|faint|p1a: Cinderace\n|\n|upkeep\n|\n|t:|1695182304\n|switch|p1a: Okidogi|Okidogi, M, shiny|100/100\n|-damage|p1a: Okidogi|95/100|[from] Stealth Rock\n|turn|6\n|\n|t:|1695182314\n|move|p1a: Okidogi|Drain Punch|p2a: Ursaluna\n|-supereffective|p2a: Ursaluna\n|-damage|p2a: Ursaluna|39/100\n|-heal|p1a: Okidogi|100/100|[from] drain|[of] p2a: Ursaluna\n|-status|p2a: Ursaluna|tox|[from] ability: Toxic Chain|[of] p1a: Okidogi\n|-enditem|p2a: Ursaluna|Sitrus Berry|[eat]\n|-heal|p2a: Ursaluna|64/100 tox|[from] item: Sitrus Berry\n|move|p2a: Ursaluna|Earth Power|p1a: Okidogi\n|-supereffective|p1a: Okidogi\n|-damage|p1a: Okidogi|0 fnt\n|faint|p1a: Okidogi\n|\n|-damage|p2a: Ursaluna|58/100 tox|[from] psn\n|upkeep\n|\n|t:|1695182322\n|switch|p1a: Enamorus|Enamorus, F|100/100\n|-damage|p1a: Enamorus|76/100|[from] Stealth Rock\n|turn|7\n|\n|t:|1695182332\n|switch|p2a: Glaceon|Glaceon, F|100/100\n|move|p1a: Enamorus|Superpower|p2a: Glaceon\n|-supereffective|p2a: Glaceon\n|-crit|p2a: Glaceon\n|-damage|p2a: Glaceon|0 fnt\n|-boost|p1a: Enamorus|atk|1\n|-boost|p1a: Enamorus|def|1\n|faint|p2a: Glaceon\n|\n|upkeep\n|\n|t:|1695182348\n|switch|p2a: Toedscruel|Toedscruel, M|100/100\n|turn|8\n|\n|t:|1695182360\n|move|p1a: Enamorus|Draining Kiss|p2a: Toedscruel\n|-damage|p2a: Toedscruel|85/100\n|-heal|p1a: Enamorus|90/100|[from] drain|[of] p2a: Toedscruel\n|move|p2a: Toedscruel|Trick Room|p2a: Toedscruel\n|-fieldstart|move: Trick Room|[of] p2a: Toedscruel\n|\n|-heal|p2a: Toedscruel|91/100|[from] item: Leftovers\n|upkeep\n|turn|9\n|\n|t:|1695182369\n|move|p1a: Enamorus|Taunt|p2a: Toedscruel\n|-start|p2a: Toedscruel|move: Taunt\n|cant|p2a: Toedscruel|move: Taunt|Spore\n|\n|-heal|p2a: Toedscruel|97/100|[from] item: Leftovers\n|upkeep\n|turn|10\n|\n|t:|1695182377\n|move|p2a: Toedscruel|Giga Drain|p1a: Enamorus\n|-resisted|p1a: Enamorus\n|-damage|p1a: Enamorus|70/100\n|-heal|p2a: Toedscruel|100/100|[from] drain|[of] p1a: Enamorus\n|move|p1a: Enamorus|Superpower|p2a: Toedscruel\n|-damage|p2a: Toedscruel|22/100\n|-boost|p1a: Enamorus|atk|1\n|-boost|p1a: Enamorus|def|1\n|\n|-heal|p2a: Toedscruel|29/100|[from] item: Leftovers\n|upkeep\n|turn|11\n|\n|t:|1695182386\n|move|p2a: Toedscruel|Giga Drain|p1a: Enamorus\n|-resisted|p1a: Enamorus\n|-damage|p1a: Enamorus|47/100\n|-heal|p2a: Toedscruel|38/100|[from] drain|[of] p1a: Enamorus\n|move|p1a: Enamorus|Superpower|p2a: Toedscruel\n|-damage|p2a: Toedscruel|0 fnt\n|-boost|p1a: Enamorus|atk|1\n|-boost|p1a: Enamorus|def|1\n|faint|p2a: Toedscruel\n|\n|upkeep\n|\n|t:|1695182395\n|switch|p2a: Ursaluna|Ursaluna-Bloodmoon, M|58/100 tox\n|turn|12\n|inactive|E505 has 120 seconds left.\n|\n|t:|1695182430\n|move|p2a: Ursaluna|Blood Moon|p1a: Enamorus\n|-damage|p1a: Enamorus|0 fnt\n|faint|p1a: Enamorus\n|\n|-damage|p2a: Ursaluna|52/100 tox|[from] psn\n|-fieldend|move: Trick Room\n|upkeep\n|inactive|E505 has 120 seconds left.\n|\n|t:|1695182444\n|switch|p1a: Jirachi|Jirachi, shiny|100/100\n|-damage|p1a: Jirachi|94/100|[from] Stealth Rock\n|turn|13\n|\n|t:|1695182452\n|move|p1a: Jirachi|Ice Punch|p2a: Ursaluna\n|-supereffective|p2a: Ursaluna\n|-damage|p2a: Ursaluna|23/100 tox\n|move|p2a: Ursaluna|Earth Power|p1a: Jirachi\n|-supereffective|p1a: Jirachi\n|-damage|p1a: Jirachi|5/100\n|\n|-damage|p2a: Ursaluna|11/100 tox|[from] psn\n|upkeep\n|turn|14\n|\n|t:|1695182464\n|move|p2a: Ursaluna|Vacuum Wave|p1a: Jirachi\n|-damage|p1a: Jirachi|0 fnt\n|faint|p1a: Jirachi\n|\n|-damage|p2a: Ursaluna|0 fnt|[from] psn\n|faint|p2a: Ursaluna\n|upkeep\n|\n|t:|1695182473\n|switch|p1a: Gholdengo|Gholdengo|100/100\n|switch|p2a: Torterra|Torterra, F|100/100\n|-damage|p1a: Gholdengo|94/100|[from] Stealth Rock\n|turn|15\n|\n|t:|1695182489\n|move|p1a: Gholdengo|Trick|p2a: Torterra\n|-activate|p1a: Gholdengo|move: Trick|[of] p2a: Torterra\n|-item|p2a: Torterra|Choice Specs|[from] move: Trick\n|-item|p1a: Gholdengo|Assault Vest|[from] move: Trick\n|move|p2a: Torterra|Headlong Rush|p1a: Gholdengo\n|-supereffective|p1a: Gholdengo\n|-damage|p1a: Gholdengo|0 fnt\n|-unboost|p2a: Torterra|def|1\n|-unboost|p2a: Torterra|spd|1\n|faint|p1a: Gholdengo\n|\n|upkeep\n|\n|t:|1695182494\n|switch|p1a: Dondozo|Dondozo, M, shiny|100/100\n|-damage|p1a: Dondozo|88/100|[from] Stealth Rock\n|turn|16\n|\n|t:|1695182500\n|switch|p2a: Cyclizar|Cyclizar, M|100/100\n|move|p1a: Dondozo|Curse|p1a: Dondozo\n|-unboost|p1a: Dondozo|spe|1\n|-boost|p1a: Dondozo|atk|1\n|-boost|p1a: Dondozo|def|1\n|\n|upkeep\n|turn|17\n|\n|t:|1695182520\n|move|p2a: Cyclizar|Draco Meteor|p1a: Dondozo\n|-damage|p1a: Dondozo|58/100\n|-unboost|p2a: Cyclizar|spa|2\n|move|p1a: Dondozo|Curse|p1a: Dondozo\n|-unboost|p1a: Dondozo|spe|1\n|-boost|p1a: Dondozo|atk|1\n|-boost|p1a: Dondozo|def|1\n|\n|upkeep\n|turn|18\n|\n|t:|1695182530\n|move|p2a: Cyclizar|Draco Meteor|p1a: Dondozo\n|-damage|p1a: Dondozo|28/100\n|-unboost|p2a: Cyclizar|spa|2\n|move|p1a: Dondozo|Curse|p1a: Dondozo\n|-unboost|p1a: Dondozo|spe|1\n|-boost|p1a: Dondozo|atk|1\n|-boost|p1a: Dondozo|def|1\n|\n|upkeep\n|turn|19\n|\n|t:|1695182538\n|move|p2a: Cyclizar|Draco Meteor|p1a: Dondozo\n|-damage|p1a: Dondozo|0 fnt\n|-unboost|p2a: Cyclizar|spa|2\n|faint|p1a: Dondozo\n|\n|win|Awakening4935\n|raw|E505's rating: 1012 &rarr; <strong>1000</strong><br />(-12 for losing)\n|raw|Awakening4935's rating: 1000 &rarr; <strong>1041</strong><br />(+41 for winning)\n|c|\u2606Awakening4935|gg\n|l|\u2606E505\n", "uploadtime": 1695182550, "views": 9, "p1id": "e505", "p2id": "awakening4935", "formatid": "gen9ou", "rating": 1000, "private": 0, "password": ""}