{"id": "gen9ou-1947601528", "p1": "Priceless_1", "p2": "VouJogarSerio", "format": "gen9ou", "log": "|j|\u2606Priceless_1\n|j|\u2606VouJogarSerio\n|t:|1695176719\n|gametype|singles\n|player|p1|Priceless_1|shadowtriad|1121\n|player|p2|VouJogarSerio|dawn-gen4pt|1183\n|teamsize|p1|6\n|teamsize|p2|6\n|gen|9\n|tier|[Gen 9] OU\n|rated|\n|rule|Sleep Clause Mod: Limit one foe put to sleep\n|rule|Species Clause: Limit one of each Pok\u00e9mon\n|rule|OHKO Clause: OHKO moves are banned\n|rule|Evasion Items Clause: Evasion items are banned\n|rule|Evasion Moves Clause: Evasion moves are banned\n|rule|Endless Battle Clause: Forcing endless battles is banned\n|rule|HP Percentage Mod: HP is shown in percentages\n|clearpoke\n|poke|p1|Ambipom, M|\n|poke|p1|Gliscor, F|\n|poke|p1|Chandelure, F|\n|poke|p1|Milotic, M|\n|poke|p1|Great Tusk|\n|poke|p1|Empoleon, F|\n|poke|p2|Jirachi|\n|poke|p2|Torterra, M|\n|poke|p2|Ninetales-Alola, M|\n|poke|p2|Kingambit, F|\n|poke|p2|Weavile, F|\n|poke|p2|Great Tusk|\n|teampreview\n|\n|t:|1695176758\n|start\n|switch|p1a: Chandelure|Chandelure, F, shiny|100/100\n|switch|p2a: Torterra|Torterra, M, shiny|100/100\n|turn|1\n|inactive|Battle timer is ON: inactive players will automatically lose when time's up. (requested by Priceless_1)\n|\n|t:|1695176769\n|switch|p2a: Great Tusk|Great Tusk|100/100\n|move|p1a: Chandelure|Flamethrower|p2a: Great Tusk\n|-damage|p2a: Great Tusk|16/100\n|\n|-heal|p2a: Great Tusk|23/100|[from] item: Leftovers\n|upkeep\n|turn|2\n|\n|t:|1695176778\n|move|p1a: Chandelure|Flamethrower|p2a: Great Tusk\n|-damage|p2a: Great Tusk|0 fnt\n|faint|p2a: Great Tusk\n|-end|p2a: Great Tusk|Protosynthesis|[silent]\n|\n|upkeep\n|\n|t:|1695176786\n|switch|p2a: Ninetales|Ninetales-Alola, M|100/100\n|-weather|Snow|[from] ability: Snow Warning|[of] p2a: Ninetales\n|turn|3\n|\n|t:|1695176790\n|move|p1a: Chandelure|Flamethrower|p2a: Ninetales\n|-supereffective|p2a: Ninetales\n|-damage|p2a: Ninetales|0 fnt\n|faint|p2a: Ninetales\n|\n|-weather|Snow|[upkeep]\n|upkeep\n|\n|t:|1695176807\n|switch|p2a: Kingambit|Kingambit, F|100/100\n|-activate|p2a: Kingambit|ability: Supreme Overlord\n|-start|p2a: Kingambit|fallen2|[silent]\n|turn|4\n|\n|t:|1695176812\n|switch|p1a: Great Tusk|Great Tusk, shiny|100/100\n|move|p2a: Kingambit|Swords Dance|p2a: Kingambit\n|-boost|p2a: Kingambit|atk|2\n|\n|-weather|Snow|[upkeep]\n|upkeep\n|turn|5\n|\n|t:|1695176824\n|move|p1a: Great Tusk|Headlong Rush|p2a: Kingambit\n|-supereffective|p2a: Kingambit\n|-damage|p2a: Kingambit|0 fnt\n|-unboost|p1a: Great Tusk|def|1\n|-unboost|p1a: Great Tusk|spd|1\n|faint|p2a: Kingambit\n|-end|p2a: Kingambit|fallen2|[silent]\n|\n|-weather|Snow|[upkeep]\n|upkeep\n|\n|t:|1695176829\n|switch|p2a: Torterra|Torterra, M, shiny|100/100\n|turn|6\n|\n|t:|1695176835\n|move|p2a: Torterra|Shell Smash|p2a: Torterra\n|-unboost|p2a: Torterra|def|1\n|-unboost|p2a: Torterra|spd|1\n|-boost|p2a: Torterra|atk|2\n|-boost|p2a: Torterra|spa|2\n|-boost|p2a: Torterra|spe|2\n|-enditem|p2a: Torterra|White Herb\n|-clearnegativeboost|p2a: Torterra|[silent]\n|move|p1a: Great Tusk|Headlong Rush|p2a: Torterra\n|-resisted|p2a: Torterra\n|-damage|p2a: Torterra|70/100\n|-unboost|p1a: Great Tusk|def|1\n|-unboost|p1a: Great Tusk|spd|1\n|\n|-weather|Snow|[upkeep]\n|upkeep\n|turn|7\n|\n|t:|1695176846\n|-terastallize|p2a: Torterra|Grass\n|move|p2a: Torterra|Shell Smash|p2a: Torterra\n|-unboost|p2a: Torterra|def|1\n|-unboost|p2a: Torterra|spd|1\n|-boost|p2a: Torterra|atk|2\n|-boost|p2a: Torterra|spa|2\n|-boost|p2a: Torterra|spe|2\n|move|p1a: Great Tusk|Close Combat|p2a: Torterra\n|-damage|p2a: Torterra|0 fnt\n|-unboost|p1a: Great Tusk|def|1\n|-unboost|p1a: Great Tusk|spd|1\n|faint|p2a: Torterra\n|\n|-weather|none\n|upkeep\n|c|\u2606Priceless_1|???\n|-message|VouJogarSerio forfeited.\n|\n|win|Priceless_1\n|raw|Priceless_1's rating: 1094 &rarr; <strong>1126</strong><br />(+32 for winning)\n|raw|VouJogarSerio's rating: 1183 &rarr; <strong>1152</strong><br />(-31 for losing)\n|l|\u2606VouJogarSerio\n", "uploadtime": 1695176865, "views": 3, "p1id": "priceless1", "p2id": "voujogarserio", "formatid": "gen9ou", "rating": 1126, "private": 0, "password": ""}