{"id": "gen9ou-1947586877", "p1": "Luiscbc", "p2": "GolurkofPrague", "format": "gen9ou", "log": "|j|\u2606Luiscbc\n|j|\u2606GolurkofPrague\n|t:|1695175205\n|gametype|singles\n|player|p1|Luiscbc|volkner|1000\n|player|p2|GolurkofPrague|shauntal|1074\n|teamsize|p1|6\n|teamsize|p2|6\n|gen|9\n|tier|[Gen 9] OU\n|rated|\n|rule|Sleep Clause Mod: Limit one foe put to sleep\n|rule|Species Clause: Limit one of each Pok\u00e9mon\n|rule|OHKO Clause: OHKO moves are banned\n|rule|Evasion Items Clause: Evasion items are banned\n|rule|Evasion Moves Clause: Evasion moves are banned\n|rule|Endless Battle Clause: Forcing endless battles is banned\n|rule|HP Percentage Mod: HP is shown in percentages\n|clearpoke\n|poke|p1|Lokix, F|\n|poke|p1|Kleavor, M|\n|poke|p1|Forretress, M|\n|poke|p1|Slither Wing|\n|poke|p1|Ribombee, F|\n|poke|p1|Scizor, M|\n|poke|p2|Tyranitar, M|\n|poke|p2|Houndstone, F|\n|poke|p2|Empoleon, M|\n|poke|p2|Mandibuzz, F|\n|poke|p2|Clefable, M|\n|poke|p2|Ursaluna-Bloodmoon, M|\n|teampreview\n|inactive|Battle timer is ON: inactive players will automatically lose when time's up. (requested by Luiscbc)\n|\n|t:|1695175217\n|start\n|switch|p1a: Ribombee|Ribombee, F|100/100\n|switch|p2a: Empoleon|Empoleon, M, shiny|100/100\n|turn|1\n|\n|t:|1695175227\n|move|p1a: Ribombee|Bug Buzz|p2a: Empoleon\n|-resisted|p2a: Empoleon\n|-damage|p2a: Empoleon|89/100\n|move|p2a: Empoleon|Stealth Rock|p1a: Ribombee\n|-sidestart|p1: Luiscbc|move: Stealth Rock\n|\n|-heal|p2a: Empoleon|95/100|[from] item: Leftovers\n|upkeep\n|turn|2\n|\n|t:|1695175237\n|move|p1a: Ribombee|Sticky Web|p2a: Empoleon\n|-sidestart|p2: GolurkofPrague|move: Sticky Web\n|move|p2a: Empoleon|Surf|p1a: Ribombee\n|-damage|p1a: Ribombee|44/100\n|\n|-heal|p2a: Empoleon|100/100|[from] item: Leftovers\n|upkeep\n|turn|3\n|\n|t:|1695175247\n|switch|p1a: Fire in the hole|Forretress, M|100/100\n|move|p2a: Empoleon|Surf|p1a: Fire in the hole\n|-damage|p1a: Fire in the hole|54/100\n|\n|upkeep\n|turn|4\n|\n|t:|1695175255\n|move|p2a: Empoleon|Knock Off|p1a: Fire in the hole\n|-damage|p1a: Fire in the hole|44/100\n|-enditem|p1a: Fire in the hole|Heavy-Duty Boots|[from] move: Knock Off|[of] p2a: Empoleon\n|move|p1a: Fire in the hole|Rapid Spin|p2a: Empoleon\n|-resisted|p2a: Empoleon\n|-damage|p2a: Empoleon|95/100\n|-boost|p1a: Fire in the hole|spe|1\n|-sideend|p1: Luiscbc|Stealth Rock|[from] move: Rapid Spin|[of] p1a: Fire in the hole\n|\n|-heal|p2a: Empoleon|100/100|[from] item: Leftovers\n|upkeep\n|turn|5\n|\n|t:|1695175272\n|move|p2a: Empoleon|Stealth Rock|p1a: Fire in the hole\n|-sidestart|p1: Luiscbc|move: Stealth Rock\n|move|p1a: Fire in the hole|Toxic Spikes|p2a: Empoleon\n|-sidestart|p2: GolurkofPrague|move: Toxic Spikes\n|\n|upkeep\n|turn|6\n|\n|t:|1695175278\n|move|p2a: Empoleon|Surf|p1a: Fire in the hole\n|-damage|p1a: Fire in the hole|0 fnt\n|faint|p1a: Fire in the hole\n|\n|upkeep\n|\n|t:|1695175297\n|switch|p1a: Burocrataman|Lokix, F|100/100\n|-damage|p1a: Burocrataman|75/100|[from] Stealth Rock\n|turn|7\n|\n|t:|1695175306\n|move|p1a: Burocrataman|Brick Break|p2a: Empoleon\n|-supereffective|p2a: Empoleon\n|-damage|p2a: Empoleon|27/100\n|move|p2a: Empoleon|Knock Off|p1a: Burocrataman\n|-resisted|p1a: Burocrataman\n|-damage|p1a: Burocrataman|63/100\n|-enditem|p1a: Burocrataman|Choice Band|[from] move: Knock Off|[of] p2a: Empoleon\n|\n|-heal|p2a: Empoleon|34/100|[from] item: Leftovers\n|upkeep\n|turn|8\n|\n|t:|1695175325\n|switch|p2a: Mandibuzz|Mandibuzz, F, shiny|100/100\n|move|p1a: Burocrataman|U-turn|p2a: Mandibuzz\n|-damage|p2a: Mandibuzz|81/100\n|\n|t:|1695175343\n|switch|p1a: Ribombee|Ribombee, F|44/100|[from] U-turn\n|-damage|p1a: Ribombee|19/100|[from] Stealth Rock\n|\n|upkeep\n|turn|9\n|\n|t:|1695175350\n|move|p1a: Ribombee|Draining Kiss|p2a: Mandibuzz\n|-supereffective|p2a: Mandibuzz\n|-damage|p2a: Mandibuzz|44/100\n|-heal|p1a: Ribombee|64/100|[from] drain|[of] p2a: Mandibuzz\n|move|p2a: Mandibuzz|Knock Off|p1a: Ribombee\n|-resisted|p1a: Ribombee\n|-damage|p1a: Ribombee|38/100\n|-enditem|p1a: Ribombee|Focus Sash|[from] move: Knock Off|[of] p2a: Mandibuzz\n|\n|upkeep\n|turn|10\n|\n|t:|1695175371\n|move|p1a: Ribombee|Draining Kiss|p2a: Mandibuzz\n|-supereffective|p2a: Mandibuzz\n|-damage|p2a: Mandibuzz|11/100\n|-heal|p1a: Ribombee|79/100|[from] drain|[of] p2a: Mandibuzz\n|move|p2a: Mandibuzz|Defog|p1a: Ribombee\n|-unboost|p1a: Ribombee|evasion|1\n|-sideend|p1: Luiscbc|Stealth Rock|[from] move: Defog|[of] p2a: Mandibuzz\n|-sideend|p2: GolurkofPrague|Toxic Spikes|[from] move: Defog|[of] p2a: Mandibuzz\n|-sideend|p2: GolurkofPrague|Sticky Web|[from] move: Defog|[of] p2a: Mandibuzz\n|\n|upkeep\n|turn|11\n|\n|t:|1695175390\n|switch|p2a: Clefable|Clefable, M|100/100\n|move|p1a: Ribombee|Quiver Dance|p1a: Ribombee\n|-boost|p1a: Ribombee|spa|1\n|-boost|p1a: Ribombee|spd|1\n|-boost|p1a: Ribombee|spe|1\n|\n|upkeep\n|turn|12\n|\n|t:|1695175407\n|move|p1a: Ribombee|Quiver Dance|p1a: Ribombee\n|-boost|p1a: Ribombee|spa|1\n|-boost|p1a: Ribombee|spd|1\n|-boost|p1a: Ribombee|spe|1\n|move|p2a: Clefable|Calm Mind|p2a: Clefable\n|-boost|p2a: Clefable|spa|1\n|-boost|p2a: Clefable|spd|1\n|\n|upkeep\n|turn|13\n|\n|t:|1695175415\n|move|p1a: Ribombee|Bug Buzz|p2a: Clefable\n|-resisted|p2a: Clefable\n|-damage|p2a: Clefable|89/100\n|move|p2a: Clefable|Calm Mind|p2a: Clefable\n|-boost|p2a: Clefable|spa|1\n|-boost|p2a: Clefable|spd|1\n|\n|upkeep\n|turn|14\n|\n|t:|1695175423\n|switch|p1a: E. Scissorhands|Scizor, M|100/100\n|move|p2a: Clefable|Calm Mind|p2a: Clefable\n|-boost|p2a: Clefable|spa|1\n|-boost|p2a: Clefable|spd|1\n|\n|upkeep\n|turn|15\n|\n|t:|1695175451\n|switch|p2a: Empoleon|Empoleon, M, shiny|34/100\n|move|p1a: E. Scissorhands|Swords Dance|p1a: E. Scissorhands\n|-boost|p1a: E. Scissorhands|atk|2\n|\n|-heal|p2a: Empoleon|40/100|[from] item: Leftovers\n|upkeep\n|turn|16\n|\n|t:|1695175460\n|move|p1a: E. Scissorhands|Close Combat|p2a: Empoleon\n|-supereffective|p2a: Empoleon\n|-damage|p2a: Empoleon|0 fnt\n|-unboost|p1a: E. Scissorhands|def|1\n|-unboost|p1a: E. Scissorhands|spd|1\n|faint|p2a: Empoleon\n|-damage|p1a: E. Scissorhands|91/100|[from] item: Life Orb\n|\n|upkeep\n|\n|t:|1695175472\n|switch|p2a: Tyranitar|Tyranitar, M|100/100\n|-weather|Sandstorm|[from] ability: Sand Stream|[of] p2a: Tyranitar\n|turn|17\n|\n|t:|1695175478\n|switch|p2a: Houndstone|Houndstone, F|100/100\n|move|p1a: E. Scissorhands|Bullet Punch|p2a: Houndstone\n|-damage|p2a: Houndstone|0 fnt\n|faint|p2a: Houndstone\n|-damage|p1a: E. Scissorhands|81/100|[from] item: Life Orb\n|\n|-weather|Sandstorm|[upkeep]\n|upkeep\n|\n|t:|1695175497\n|switch|p2a: Ursaluna|Ursaluna-Bloodmoon, M|100/100\n|turn|18\n|\n|t:|1695175508\n|-terastallize|p2a: Ursaluna|Fighting\n|move|p1a: E. Scissorhands|Close Combat|p2a: Ursaluna\n|-damage|p2a: Ursaluna|22/100\n|-unboost|p1a: E. Scissorhands|def|1\n|-unboost|p1a: E. Scissorhands|spd|1\n|-enditem|p2a: Ursaluna|Sitrus Berry|[eat]\n|-heal|p2a: Ursaluna|46/100|[from] item: Sitrus Berry\n|-damage|p1a: E. Scissorhands|71/100|[from] item: Life Orb\n|move|p2a: Ursaluna|Calm Mind|p2a: Ursaluna\n|-boost|p2a: Ursaluna|spa|1\n|-boost|p2a: Ursaluna|spd|1\n|\n|-weather|Sandstorm|[upkeep]\n|-damage|p2a: Ursaluna|40/100|[from] Sandstorm\n|upkeep\n|turn|19\n|inactive|GolurkofPrague has 120 seconds left.\n|\n|t:|1695175524\n|move|p1a: E. Scissorhands|Bullet Punch|p2a: Ursaluna\n|-damage|p2a: Ursaluna|0 fnt\n|faint|p2a: Ursaluna\n|-damage|p1a: E. Scissorhands|61/100|[from] item: Life Orb\n|\n|-weather|Sandstorm|[upkeep]\n|upkeep\n|inactive|GolurkofPrague has 120 seconds left.\n|-message|GolurkofPrague forfeited.\n|\n|win|Luiscbc\n|raw|Luiscbc's rating: 1000 &rarr; <strong>1048</strong><br />(+48 for winning)\n|raw|GolurkofPrague's rating: 1074 &rarr; <strong>1048</strong><br />(-26 for losing)\n|l|\u2606GolurkofPrague\n", "uploadtime": 1695175549, "views": 2, "p1id": "luiscbc", "p2id": "golurkofprague", "formatid": "gen9ou", "rating": 1048, "private": 0, "password": ""}