{"id": "gen9ou-1947611367", "p1": "monk35", "p2": "Playingintheshower", "format": "gen9ou", "log": "|j|\u2606monk35\n|j|\u2606Playingintheshower\n|t:|1695177726\n|gametype|singles\n|player|p1|monk35|266|1308\n|player|p2|Playingintheshower|linebacker|1298\n|teamsize|p1|6\n|teamsize|p2|6\n|gen|9\n|tier|[Gen 9] OU\n|rated|\n|rule|Sleep Clause Mod: Limit one foe put to sleep\n|rule|Species Clause: Limit one of each Pok\u00e9mon\n|rule|OHKO Clause: OHKO moves are banned\n|rule|Evasion Items Clause: Evasion items are banned\n|rule|Evasion Moves Clause: Evasion moves are banned\n|rule|Endless Battle Clause: Forcing endless battles is banned\n|rule|HP Percentage Mod: HP is shown in percentages\n|clearpoke\n|poke|p1|Heatran, M|\n|poke|p1|Tyranitar, M|\n|poke|p1|Ogerpon-Wellspring, F|\n|poke|p1|Great Tusk|\n|poke|p1|Munkidori, M|\n|poke|p1|Enamorus-Therian, F|\n|poke|p2|Toxapex, F|\n|poke|p2|Kingambit, F|\n|poke|p2|Gliscor, F|\n|poke|p2|Tyranitar, M|\n|poke|p2|Houndstone, F|\n|poke|p2|Corviknight, F|\n|teampreview\n|inactive|Battle timer is ON: inactive players will automatically lose when time's up. (requested by monk35)\n|\n|t:|1695177749\n|start\n|switch|p1a: Great Tusk|Great Tusk|100/100\n|switch|p2a: Corviknight|Corviknight, F|100/100\n|-ability|p2a: Corviknight|Pressure\n|turn|1\n|\n|t:|1695177761\n|-end|p1a: Great Tusk|Protosynthesis|[silent]\n|switch|p1a: Heatran|Heatran, M|100/100\n|move|p2a: Corviknight|Brave Bird|p1a: Heatran\n|-resisted|p1a: Heatran\n|-damage|p1a: Heatran|89/100\n|-damage|p2a: Corviknight|97/100|[from] Recoil\n|\n|-heal|p1a: Heatran|95/100|[from] item: Leftovers\n|upkeep\n|turn|2\n|\n|t:|1695177777\n|move|p1a: Heatran|Stealth Rock|p2a: Corviknight\n|-sidestart|p2: Playingintheshower|move: Stealth Rock\n|move|p2a: Corviknight|U-turn|p1a: Heatran\n|-resisted|p1a: Heatran\n|-damage|p1a: Heatran|93/100\n|\n|t:|1695177782\n|switch|p2a: Gliscor|Gliscor, F|100/100|[from] U-turn\n|-damage|p2a: Gliscor|88/100|[from] Stealth Rock\n|\n|-heal|p1a: Heatran|99/100|[from] item: Leftovers\n|-status|p2a: Gliscor|tox|[from] item: Toxic Orb\n|upkeep\n|turn|3\n|\n|t:|1695177792\n|switch|p1a: Great Tusk|Great Tusk|100/100\n|move|p2a: Gliscor|Knock Off|p1a: Great Tusk\n|-resisted|p1a: Great Tusk\n|-damage|p1a: Great Tusk|90/100\n|-enditem|p1a: Great Tusk|Leftovers|[from] move: Knock Off|[of] p2a: Gliscor\n|\n|-heal|p2a: Gliscor|100/100 tox|[from] ability: Poison Heal\n|upkeep\n|turn|4\n|\n|t:|1695177818\n|move|p1a: Great Tusk|Ice Spinner|p2a: Gliscor\n|-supereffective|p2a: Gliscor\n|-damage|p2a: Gliscor|20/100 tox\n|move|p2a: Gliscor|Ice Fang|p1a: Great Tusk\n|-supereffective|p1a: Great Tusk\n|-damage|p1a: Great Tusk|63/100\n|\n|-heal|p2a: Gliscor|33/100 tox|[from] ability: Poison Heal\n|upkeep\n|turn|5\n|\n|t:|1695177826\n|switch|p2a: Corviknight|Corviknight, F|97/100\n|-ability|p2a: Corviknight|Pressure\n|move|p1a: Great Tusk|Ice Spinner|p2a: Corviknight\n|-damage|p2a: Corviknight|79/100\n|\n|upkeep\n|turn|6\n|\n|t:|1695177836\n|-end|p1a: Great Tusk|Protosynthesis|[silent]\n|switch|p1a: Enamorus|Enamorus-Therian, F|100/100\n|move|p2a: Corviknight|Defog|p1a: Enamorus\n|-unboost|p1a: Enamorus|evasion|1\n|-sideend|p2: Playingintheshower|Stealth Rock|[from] move: Defog|[of] p2a: Corviknight\n|\n|upkeep\n|turn|7\n|\n|t:|1695177853\n|move|p2a: Corviknight|Brave Bird|p1a: Enamorus\n|-crit|p1a: Enamorus\n|-damage|p1a: Enamorus|54/100\n|-damage|p2a: Corviknight|65/100|[from] Recoil\n|move|p1a: Enamorus|Calm Mind|p1a: Enamorus\n|-boost|p1a: Enamorus|spa|1\n|-boost|p1a: Enamorus|spd|1\n|\n|upkeep\n|turn|8\n|\n|t:|1695177862\n|move|p2a: Corviknight|U-turn|p1a: Enamorus\n|-resisted|p1a: Enamorus\n|-damage|p1a: Enamorus|51/100\n|\n|t:|1695177864\n|switch|p2a: Tyranitar|Tyranitar, M|100/100|[from] U-turn\n|-weather|Sandstorm|[from] ability: Sand Stream|[of] p2a: Tyranitar\n|move|p1a: Enamorus|Mystical Fire|p2a: Tyranitar\n|-resisted|p2a: Tyranitar\n|-damage|p2a: Tyranitar|89/100\n|-unboost|p2a: Tyranitar|spa|1\n|\n|-weather|Sandstorm|[upkeep]\n|-heal|p2a: Tyranitar|95/100|[from] item: Leftovers\n|upkeep\n|turn|9\n|\n|t:|1695177875\n|switch|p1a: Great Tusk|Great Tusk|63/100\n|move|p2a: Tyranitar|Stone Edge|p1a: Great Tusk|[miss]\n|-miss|p2a: Tyranitar|p1a: Great Tusk\n|\n|-weather|Sandstorm|[upkeep]\n|-heal|p2a: Tyranitar|100/100|[from] item: Leftovers\n|upkeep\n|turn|10\n|\n|t:|1695177883\n|switch|p2a: Houndstone|Houndstone, F|100/100\n|move|p1a: Great Tusk|Close Combat|p2a: Houndstone\n|-immune|p2a: Houndstone\n|\n|-weather|Sandstorm|[upkeep]\n|upkeep\n|turn|11\n|\n|t:|1695177897\n|-end|p1a: Great Tusk|Protosynthesis|[silent]\n|switch|p1a: Tyranitar|Tyranitar, M|100/100\n|-item|p1a: Tyranitar|Air Balloon\n|-terastallize|p2a: Houndstone|Fairy\n|move|p2a: Houndstone|Play Rough|p1a: Tyranitar|[miss]\n|-miss|p2a: Houndstone|p1a: Tyranitar\n|\n|-weather|Sandstorm|[upkeep]\n|upkeep\n|turn|12\n|\n|t:|1695177907\n|switch|p1a: Heatran|Heatran, M|99/100\n|move|p2a: Houndstone|Play Rough|p1a: Heatran\n|-resisted|p1a: Heatran\n|-damage|p1a: Heatran|90/100\n|\n|-weather|none\n|-heal|p1a: Heatran|96/100|[from] item: Leftovers\n|upkeep\n|turn|13\n|\n|t:|1695177916\n|switch|p2a: Toxapex|Toxapex, F|100/100\n|move|p1a: Heatran|Will-O-Wisp|p2a: Toxapex\n|-status|p2a: Toxapex|brn\n|\n|-heal|p1a: Heatran|100/100|[from] item: Leftovers\n|-damage|p2a: Toxapex|94/100 brn|[from] brn\n|upkeep\n|turn|14\n|\n|t:|1695177922\n|move|p1a: Heatran|Stealth Rock|p2a: Toxapex\n|-sidestart|p2: Playingintheshower|move: Stealth Rock\n|move|p2a: Toxapex|Surf|p1a: Heatran\n|-supereffective|p1a: Heatran\n|-damage|p1a: Heatran|67/100\n|\n|-heal|p1a: Heatran|74/100|[from] item: Leftovers\n|-heal|p2a: Toxapex|100/100 brn|[from] item: Leftovers\n|-damage|p2a: Toxapex|94/100 brn|[from] brn\n|upkeep\n|turn|15\n|\n|t:|1695177927\n|switch|p1a: Ogerpon|Ogerpon-Wellspring, F|100/100\n|move|p2a: Toxapex|Surf|p1a: Ogerpon\n|-immune|p1a: Ogerpon|[from] ability: Water Absorb\n|\n|-heal|p2a: Toxapex|100/100 brn|[from] item: Leftovers\n|-damage|p2a: Toxapex|94/100 brn|[from] brn\n|upkeep\n|turn|16\n|\n|t:|1695177944\n|move|p1a: Ogerpon|Horn Leech|p2a: Toxapex\n|-damage|p2a: Toxapex|69/100 brn\n|move|p2a: Toxapex|Toxic|p1a: Ogerpon\n|-status|p1a: Ogerpon|tox\n|\n|-heal|p2a: Toxapex|75/100 brn|[from] item: Leftovers\n|-damage|p1a: Ogerpon|95/100 tox|[from] psn\n|-damage|p2a: Toxapex|69/100 brn|[from] brn\n|upkeep\n|turn|17\n|\n|t:|1695177954\n|switch|p1a: Great Tusk|Great Tusk|63/100\n|switch|p2a: Corviknight|Corviknight, F|65/100\n|-ability|p2a: Corviknight|Pressure\n|\n|upkeep\n|turn|18\n|\n|t:|1695177960\n|-end|p1a: Great Tusk|Protosynthesis|[silent]\n|switch|p1a: Munkidori|Munkidori, M|100/100\n|move|p2a: Corviknight|Brave Bird|p1a: Munkidori\n|-damage|p1a: Munkidori|40/100\n|-damage|p2a: Corviknight|50/100|[from] Recoil\n|\n|upkeep\n|turn|19\n|\n|t:|1695177970\n|move|p1a: Munkidori|Focus Blast|p2a: Corviknight\n|-damage|p2a: Corviknight|11/100\n|move|p2a: Corviknight|Brave Bird|p1a: Munkidori\n|-damage|p1a: Munkidori|0 fnt\n|faint|p1a: Munkidori\n|-damage|p2a: Corviknight|1/100|[from] Recoil\n|\n|upkeep\n|\n|t:|1695177987\n|switch|p1a: Great Tusk|Great Tusk|63/100\n|turn|20\n|\n|t:|1695177989\n|move|p1a: Great Tusk|Rapid Spin|p2a: Corviknight\n|-resisted|p2a: Corviknight\n|-crit|p2a: Corviknight\n|-damage|p2a: Corviknight|0 fnt\n|-boost|p1a: Great Tusk|spe|1\n|faint|p2a: Corviknight\n|\n|upkeep\n|\n|t:|1695177998\n|switch|p2a: Toxapex|Toxapex, F|100/100 brn\n|-damage|p2a: Toxapex|88/100 brn|[from] Stealth Rock\n|turn|21\n|\n|t:|1695178003\n|move|p1a: Great Tusk|Headlong Rush|p2a: Toxapex\n|-supereffective|p2a: Toxapex\n|-damage|p2a: Toxapex|7/100 brn\n|-unboost|p1a: Great Tusk|def|1\n|-unboost|p1a: Great Tusk|spd|1\n|move|p2a: Toxapex|Toxic|p1a: Great Tusk\n|-status|p1a: Great Tusk|tox\n|\n|-heal|p2a: Toxapex|13/100 brn|[from] item: Leftovers\n|-damage|p1a: Great Tusk|57/100 tox|[from] psn\n|-damage|p2a: Toxapex|7/100 brn|[from] brn\n|upkeep\n|turn|22\n|\n|t:|1695178018\n|move|p2a: Toxapex|Baneful Bunker|p2a: Toxapex\n|-singleturn|p2a: Toxapex|move: Protect\n|move|p1a: Great Tusk|Ice Spinner|p2a: Toxapex\n|-activate|p2a: Toxapex|move: Protect\n|\n|-heal|p2a: Toxapex|13/100 brn|[from] item: Leftovers\n|-damage|p1a: Great Tusk|45/100 tox|[from] psn\n|-damage|p2a: Toxapex|7/100 brn|[from] brn\n|upkeep\n|turn|23\n|\n|t:|1695178031\n|-end|p1a: Great Tusk|Protosynthesis|[silent]\n|switch|p1a: Tyranitar|Tyranitar, M|100/100\n|-weather|Sandstorm|[from] ability: Sand Stream|[of] p1a: Tyranitar\n|-item|p1a: Tyranitar|Air Balloon\n|switch|p2a: Tyranitar|Tyranitar, M|100/100\n|-damage|p2a: Tyranitar|88/100|[from] Stealth Rock\n|\n|-weather|Sandstorm|[upkeep]\n|-heal|p2a: Tyranitar|94/100|[from] item: Leftovers\n|upkeep\n|turn|24\n|c|\u2606monk35|spiderman meme\n|\n|t:|1695178048\n|move|p1a: Tyranitar|Dragon Dance|p1a: Tyranitar\n|-boost|p1a: Tyranitar|atk|1\n|-boost|p1a: Tyranitar|spe|1\n|move|p2a: Tyranitar|Stealth Rock|p1a: Tyranitar\n|-sidestart|p1: monk35|move: Stealth Rock\n|\n|-weather|Sandstorm|[upkeep]\n|-heal|p2a: Tyranitar|100/100|[from] item: Leftovers\n|upkeep\n|turn|25\n|\n|t:|1695178054\n|-terastallize|p1a: Tyranitar|Fairy\n|move|p1a: Tyranitar|Tera Blast|p2a: Tyranitar\n|-supereffective|p2a: Tyranitar\n|-damage|p2a: Tyranitar|0 fnt\n|faint|p2a: Tyranitar\n|\n|-weather|Sandstorm|[upkeep]\n|-damage|p1a: Tyranitar|94/100|[from] Sandstorm\n|upkeep\n|\n|t:|1695178064\n|switch|p2a: Houndstone|Houndstone, F, tera:Fairy|100/100\n|-damage|p2a: Houndstone|88/100|[from] Stealth Rock\n|turn|26\n|\n|t:|1695178070\n|move|p2a: Houndstone|Poltergeist|p1a: Tyranitar\n|-activate|p1a: Tyranitar|move: Poltergeist|Air Balloon\n|-damage|p1a: Tyranitar|15/100\n|-enditem|p1a: Tyranitar|Air Balloon\n|move|p1a: Tyranitar|Stone Edge|p2a: Houndstone|[miss]\n|-miss|p1a: Tyranitar|p2a: Houndstone\n|\n|-weather|Sandstorm|[upkeep]\n|-damage|p1a: Tyranitar|9/100|[from] Sandstorm\n|upkeep\n|turn|27\n|inactive|monk35 has 120 seconds left.\n|inactive|monk35 has 90 seconds left.\n|\n|t:|1695178141\n|switch|p2a: Toxapex|Toxapex, F|40/100 brn\n|-damage|p2a: Toxapex|28/100 brn|[from] Stealth Rock\n|move|p1a: Tyranitar|Stone Edge|p2a: Toxapex\n|-damage|p2a: Toxapex|0 fnt\n|faint|p2a: Toxapex\n|\n|-weather|none\n|upkeep\n|\n|t:|1695178159\n|switch|p2a: Gliscor|Gliscor, F|33/100 tox\n|-damage|p2a: Gliscor|20/100 tox|[from] Stealth Rock\n|turn|28\n|\n|t:|1695178164\n|move|p2a: Gliscor|Protect|p2a: Gliscor\n|-singleturn|p2a: Gliscor|Protect\n|move|p1a: Tyranitar|Knock Off|p2a: Gliscor\n|-activate|p2a: Gliscor|move: Protect\n|\n|-heal|p2a: Gliscor|33/100 tox|[from] ability: Poison Heal\n|upkeep\n|turn|29\n|\n|t:|1695178172\n|move|p1a: Tyranitar|Knock Off|p2a: Gliscor\n|-damage|p2a: Gliscor|0 fnt\n|-enditem|p2a: Gliscor|Toxic Orb|[from] move: Knock Off|[of] p1a: Tyranitar\n|faint|p2a: Gliscor\n|\n|upkeep\n|\n|t:|1695178176\n|switch|p2a: Houndstone|Houndstone, F, tera:Fairy|88/100\n|-damage|p2a: Houndstone|76/100|[from] Stealth Rock\n|turn|30\n|\n|t:|1695178184\n|move|p1a: Tyranitar|Tera Blast|p2a: Houndstone\n|-damage|p2a: Houndstone|0 fnt\n|faint|p2a: Houndstone\n|\n|upkeep\n|\n|t:|1695178186\n|switch|p2a: Kingambit|Kingambit, F|100/100\n|-activate|p2a: Kingambit|ability: Supreme Overlord\n|-start|p2a: Kingambit|fallen5|[silent]\n|turn|31\n|inactive|monk35 has 120 seconds left.\n|\n|t:|1695178199\n|move|p2a: Kingambit|Sucker Punch||[still]\n|-fail|p2a: Kingambit\n|move|p1a: Tyranitar|Dragon Dance|p1a: Tyranitar\n|-boost|p1a: Tyranitar|atk|1\n|-boost|p1a: Tyranitar|spe|1\n|\n|upkeep\n|turn|32\n|\n|t:|1695178204\n|move|p1a: Tyranitar|Tera Blast|p2a: Kingambit\n|-damage|p2a: Kingambit|29/100\n|move|p2a: Kingambit|Iron Head|p1a: Tyranitar\n|-supereffective|p1a: Tyranitar\n|-damage|p1a: Tyranitar|0 fnt\n|faint|p1a: Tyranitar\n|\n|upkeep\n|\n|t:|1695178211\n|switch|p1a: Ogerpon|Ogerpon-Wellspring, F|95/100 tox\n|-damage|p1a: Ogerpon|82/100 tox|[from] Stealth Rock\n|turn|33\n|\n|t:|1695178214\n|move|p2a: Kingambit|Sucker Punch|p1a: Ogerpon\n|-damage|p1a: Ogerpon|6/100 tox\n|move|p1a: Ogerpon|Low Kick|p2a: Kingambit\n|-supereffective|p2a: Kingambit\n|-damage|p2a: Kingambit|0 fnt\n|faint|p2a: Kingambit\n|-end|p2a: Kingambit|fallen5|[silent]\n|\n|win|monk35\n|raw|monk35's rating: 1308 &rarr; <strong>1327</strong><br />(+19 for winning)\n|raw|Playingintheshower's rating: 1298 &rarr; <strong>1274</strong><br />(-24 for losing)\n|c|\u2606monk35|gg\n", "uploadtime": 1695178224, "views": 4, "p1id": "monk35", "p2id": "playingintheshower", "formatid": "gen9ou", "rating": 1274, "private": 0, "password": ""}