{"id": "gen9ou-1947523999", "p1": "lanbo's heart", "p2": "ET314", "format": "gen9ou", "log": "|j|\u2606lanbo's heart\n|j|\u2606ET314\n|t:|1695169088\n|gametype|singles\n|player|p1|lanbo's heart|lass-gen4dp|1302\n|player|p2|ET314|norman|1289\n|teamsize|p1|6\n|teamsize|p2|6\n|gen|9\n|tier|[Gen 9] OU\n|rated|\n|rule|Sleep Clause Mod: Limit one foe put to sleep\n|rule|Species Clause: Limit one of each Pok\u00e9mon\n|rule|OHKO Clause: OHKO moves are banned\n|rule|Evasion Items Clause: Evasion items are banned\n|rule|Evasion Moves Clause: Evasion moves are banned\n|rule|Endless Battle Clause: Forcing endless battles is banned\n|rule|HP Percentage Mod: HP is shown in percentages\n|clearpoke\n|poke|p1|Kingambit, F|\n|poke|p1|Roaring Moon|\n|poke|p1|Gholdengo|\n|poke|p1|Glimmora, F|\n|poke|p1|Iron Moth|\n|poke|p1|Great Tusk|\n|poke|p2|Ogerpon-Hearthflame, F|\n|poke|p2|Great Tusk|\n|poke|p2|Hatterene, F|\n|poke|p2|Torkoal, F|\n|poke|p2|Walking Wake|\n|poke|p2|Lilligant-Hisui, F|\n|teampreview\n|inactive|Battle timer is ON: inactive players will automatically lose when time's up. (requested by ET314)\n|inactive|lanbo's heart has 120 seconds left.\n|\n|t:|1695169122\n|start\n|switch|p1a: Spectacle|Roaring Moon, shiny|100/100\n|switch|p2a: Lilligant|Lilligant-Hisui, F|100/100\n|turn|1\n|\n|t:|1695169127\n|move|p1a: Spectacle|U-turn|p2a: Lilligant\n|-crit|p2a: Lilligant\n|-damage|p2a: Lilligant|5/100\n|\n|t:|1695169132\n|-end|p1a: Spectacle|Protosynthesis|[silent]\n|switch|p1a: uhhh|Glimmora, F, shiny|100/100|[from] U-turn\n|move|p2a: Lilligant|Close Combat|p1a: uhhh\n|-damage|p1a: uhhh|9/100\n|-unboost|p2a: Lilligant|def|1\n|-unboost|p2a: Lilligant|spd|1\n|-activate|p1a: uhhh|ability: Toxic Debris\n|-sidestart|p2: ET314|move: Toxic Spikes\n|-damage|p2a: Lilligant|0 fnt|[from] item: Life Orb\n|faint|p2a: Lilligant\n|\n|upkeep\n|\n|t:|1695169141\n|switch|p2a: Torkoal|Torkoal, F|100/100\n|-weather|SunnyDay|[from] ability: Drought|[of] p2a: Torkoal\n|turn|2\n|\n|t:|1695169144\n|move|p1a: uhhh|Stealth Rock|p2a: Torkoal\n|-sidestart|p2: ET314|move: Stealth Rock\n|move|p2a: Torkoal|Rapid Spin|p1a: uhhh\n|-resisted|p1a: uhhh\n|-damage|p1a: uhhh|4/100\n|-boost|p2a: Torkoal|spe|1\n|-activate|p1a: uhhh|ability: Toxic Debris\n|-sidestart|p2: ET314|move: Toxic Spikes\n|-sideend|p2: ET314|Toxic Spikes|[from] move: Rapid Spin|[of] p2a: Torkoal\n|-sideend|p2: ET314|Stealth Rock|[from] move: Rapid Spin|[of] p2a: Torkoal\n|\n|-weather|SunnyDay|[upkeep]\n|upkeep\n|turn|3\n|\n|t:|1695169148\n|move|p1a: uhhh|Mortal Spin|p2a: Torkoal\n|-damage|p2a: Torkoal|97/100\n|-status|p2a: Torkoal|psn\n|move|p2a: Torkoal|Rapid Spin|p1a: uhhh\n|-resisted|p1a: uhhh\n|-damage|p1a: uhhh|0 fnt\n|-boost|p2a: Torkoal|spe|1\n|-activate|p1a: uhhh|ability: Toxic Debris\n|-sidestart|p2: ET314|move: Toxic Spikes\n|-sideend|p2: ET314|Toxic Spikes|[from] move: Rapid Spin|[of] p2a: Torkoal\n|faint|p1a: uhhh\n|\n|-weather|SunnyDay|[upkeep]\n|-damage|p2a: Torkoal|85/100 psn|[from] psn\n|upkeep\n|\n|t:|1695169166\n|switch|p1a: No.|Great Tusk|100/100\n|-activate|p1a: No.|ability: Protosynthesis\n|-start|p1a: No.|protosynthesisdef\n|turn|4\n|\n|t:|1695169171\n|move|p1a: No.|Knock Off|p2a: Torkoal\n|-damage|p2a: Torkoal|68/100 psn\n|-enditem|p2a: Torkoal|Heavy-Duty Boots|[from] move: Knock Off|[of] p1a: No.\n|move|p2a: Torkoal|Yawn|p1a: No.\n|-start|p1a: No.|move: Yawn|[of] p2a: Torkoal\n|\n|-weather|SunnyDay|[upkeep]\n|-damage|p2a: Torkoal|56/100 psn|[from] psn\n|upkeep\n|turn|5\n|\n|t:|1695169177\n|-end|p1a: No.|Protosynthesis|[silent]\n|switch|p1a: when qd|Iron Moth, shiny|100/100\n|-enditem|p1a: when qd|Booster Energy\n|-activate|p1a: when qd|ability: Quark Drive|[fromitem]\n|-start|p1a: when qd|quarkdrivespe\n|move|p2a: Torkoal|Stealth Rock|p1a: when qd\n|-sidestart|p1: lanbo's heart|move: Stealth Rock\n|\n|-weather|SunnyDay|[upkeep]\n|-damage|p2a: Torkoal|44/100 psn|[from] psn\n|upkeep\n|turn|6\n|\n|t:|1695169186\n|switch|p2a: Great Tusk|Great Tusk|100/100\n|-activate|p2a: Great Tusk|ability: Protosynthesis\n|-start|p2a: Great Tusk|protosynthesisatk\n|move|p1a: when qd|Substitute|p1a: when qd\n|-start|p1a: when qd|Substitute\n|-damage|p1a: when qd|76/100\n|\n|-weather|none\n|-end|p2a: Great Tusk|Protosynthesis\n|upkeep\n|turn|7\n|\n|t:|1695169193\n|move|p1a: when qd|Dazzling Gleam|p2a: Great Tusk\n|-supereffective|p2a: Great Tusk\n|-damage|p2a: Great Tusk|17/100\n|move|p2a: Great Tusk|Headlong Rush|p1a: when qd\n|-supereffective|p1a: when qd\n|-end|p1a: when qd|Substitute\n|-unboost|p2a: Great Tusk|def|1\n|-unboost|p2a: Great Tusk|spd|1\n|\n|upkeep\n|turn|8\n|\n|t:|1695169201\n|-end|p2a: Great Tusk|Protosynthesis|[silent]\n|switch|p2a: Ogerpon|Ogerpon-Hearthflame, F|100/100\n|-ability|p2a: Ogerpon|Mold Breaker\n|move|p1a: when qd|Fiery Dance|p2a: Ogerpon\n|-damage|p2a: Ogerpon|55/100\n|-boost|p1a: when qd|spa|1\n|\n|upkeep\n|turn|9\n|\n|t:|1695169211\n|-terastallize|p2a: Ogerpon|Fire\n|detailschange|p2a: Ogerpon|Ogerpon-Hearthflame-Tera, F, tera:Fire\n|-ability|p2a: Ogerpon|Embody Aspect (Hearthflame)|boost\n|-boost|p2a: Ogerpon|atk|1\n|move|p1a: when qd|Sludge Wave|p2a: Ogerpon\n|-damage|p2a: Ogerpon|0 fnt\n|faint|p2a: Ogerpon\n|\n|upkeep\n|-message|ET314 forfeited.\n|\n|win|lanbo's heart\n|raw|lanbo&apos;s heart's rating: 1302 &rarr; <strong>1321</strong><br />(+19 for winning)\n|raw|ET314's rating: 1289 &rarr; <strong>1265</strong><br />(-24 for losing)\n|l|\u2606ET314\n", "uploadtime": 1695169221, "views": 2, "p1id": "lanbosheart", "p2id": "et314", "formatid": "gen9ou", "rating": 1265, "private": 0, "password": ""}