{"id": "gen9ou-1947654774", "p1": "nocapdos", "p2": "umber_2891", "format": "gen9ou", "log": "|j|\u2606nocapdos\n|j|\u2606umber_2891\n|t:|1695182616\n|gametype|singles\n|player|p1|nocapdos|169|1193\n|player|p2|umber_2891|ingo|1222\n|teamsize|p1|6\n|teamsize|p2|6\n|gen|9\n|tier|[Gen 9] OU\n|rated|\n|rule|Sleep Clause Mod: Limit one foe put to sleep\n|rule|Species Clause: Limit one of each Pok\u00e9mon\n|rule|OHKO Clause: OHKO moves are banned\n|rule|Evasion Items Clause: Evasion items are banned\n|rule|Evasion Moves Clause: Evasion moves are banned\n|rule|Endless Battle Clause: Forcing endless battles is banned\n|rule|HP Percentage Mod: HP is shown in percentages\n|clearpoke\n|poke|p1|Espeon, M|\n|poke|p1|Toxapex, M|\n|poke|p1|Meowscarada, F|\n|poke|p1|Moltres|\n|poke|p1|Forretress, F|\n|poke|p1|Garchomp, M|\n|poke|p2|Pawmot, M|\n|poke|p2|Corviknight, F|\n|poke|p2|Garganacl, F|\n|poke|p2|Ninetales-Alola, F|\n|poke|p2|Kommo-o, F|\n|poke|p2|Torterra, M|\n|teampreview\n|inactive|Battle timer is ON: inactive players will automatically lose when time's up. (requested by nocapdos)\n|\n|t:|1695182625\n|start\n|switch|p1a: Forretress|Forretress, F|100/100\n|switch|p2a: Ninetales|Ninetales-Alola, F|100/100\n|-weather|Snow|[from] ability: Snow Warning|[of] p2a: Ninetales\n|turn|1\n|\n|t:|1695182634\n|move|p2a: Ninetales|Aurora Veil|p2a: Ninetales\n|-sidestart|p2: umber_2891|move: Aurora Veil\n|move|p1a: Forretress|Stealth Rock|p2a: Ninetales\n|-sidestart|p2: umber_2891|move: Stealth Rock\n|\n|-weather|Snow|[upkeep]\n|upkeep\n|turn|2\n|\n|t:|1695182642\n|switch|p2a: Kommo-o|Kommo-o, F|100/100\n|-damage|p2a: Kommo-o|94/100|[from] Stealth Rock\n|move|p1a: Forretress|Earthquake|p2a: Kommo-o\n|-crit|p2a: Kommo-o\n|-damage|p2a: Kommo-o|61/100\n|\n|-weather|Snow|[upkeep]\n|upkeep\n|turn|3\n|\n|t:|1695182650\n|move|p2a: Kommo-o|Clangorous Soul|p2a: Kommo-o\n|-boost|p2a: Kommo-o|atk|1\n|-boost|p2a: Kommo-o|def|1\n|-boost|p2a: Kommo-o|spa|1\n|-boost|p2a: Kommo-o|spd|1\n|-boost|p2a: Kommo-o|spe|1\n|-damage|p2a: Kommo-o|28/100\n|-enditem|p2a: Kommo-o|Sitrus Berry|[eat]\n|-heal|p2a: Kommo-o|53/100|[from] item: Sitrus Berry\n|move|p1a: Forretress|Earthquake|p2a: Kommo-o\n|-damage|p2a: Kommo-o|47/100\n|\n|-weather|Snow|[upkeep]\n|upkeep\n|turn|4\n|\n|t:|1695182661\n|move|p2a: Kommo-o|Drain Punch|p1a: Forretress\n|-damage|p1a: Forretress|70/100\n|-heal|p2a: Kommo-o|65/100|[from] drain|[of] p1a: Forretress\n|-damage|p2a: Kommo-o|49/100|[from] item: Rocky Helmet|[of] p1a: Forretress\n|move|p1a: Forretress|Earthquake|p2a: Kommo-o\n|-damage|p2a: Kommo-o|42/100\n|\n|-weather|Snow|[upkeep]\n|upkeep\n|turn|5\n|\n|t:|1695182671\n|move|p2a: Kommo-o|Drain Punch|p1a: Forretress\n|-damage|p1a: Forretress|38/100\n|-heal|p2a: Kommo-o|61/100|[from] drain|[of] p1a: Forretress\n|-damage|p2a: Kommo-o|44/100|[from] item: Rocky Helmet|[of] p1a: Forretress\n|move|p1a: Forretress|Earthquake|p2a: Kommo-o\n|-damage|p2a: Kommo-o|37/100\n|\n|-weather|none\n|upkeep\n|turn|6\n|\n|t:|1695182683\n|move|p2a: Kommo-o|Drain Punch|p1a: Forretress\n|-damage|p1a: Forretress|6/100\n|-heal|p2a: Kommo-o|56/100|[from] drain|[of] p1a: Forretress\n|-damage|p2a: Kommo-o|40/100|[from] item: Rocky Helmet|[of] p1a: Forretress\n|move|p1a: Forretress|Spikes|p2a: Kommo-o\n|-sidestart|p2: umber_2891|Spikes\n|\n|upkeep\n|turn|7\n|\n|t:|1695182690\n|move|p2a: Kommo-o|Scale Shot|p1a: Forretress\n|-resisted|p1a: Forretress\n|-damage|p1a: Forretress|1/100\n|-resisted|p1a: Forretress\n|-damage|p1a: Forretress|0 fnt\n|faint|p1a: Forretress\n|-hitcount|p1: Forretress|2\n|-unboost|p2a: Kommo-o|def|1\n|-boost|p2a: Kommo-o|spe|1\n|\n|upkeep\n|\n|t:|1695182700\n|switch|p1a: Moltres|Moltres|100/100\n|turn|8\n|\n|t:|1695182706\n|move|p2a: Kommo-o|Scale Shot|p1a: Moltres\n|-damage|p1a: Moltres|84/100\n|-damage|p1a: Moltres|67/100\n|-damage|p1a: Moltres|51/100\n|-crit|p1a: Moltres\n|-damage|p1a: Moltres|23/100\n|-hitcount|p1a: Moltres|4\n|-unboost|p2a: Kommo-o|def|1\n|-boost|p2a: Kommo-o|spe|1\n|move|p1a: Moltres|Will-O-Wisp|p2a: Kommo-o\n|-status|p2a: Kommo-o|brn\n|\n|-damage|p2a: Kommo-o|33/100 brn|[from] brn\n|-sideend|p2: umber_2891|move: Aurora Veil\n|upkeep\n|turn|9\n|\n|t:|1695182723\n|move|p2a: Kommo-o|Scale Shot|p1a: Moltres\n|-damage|p1a: Moltres|14/100\n|-damage|p1a: Moltres|6/100\n|-damage|p1a: Moltres|0 fnt\n|faint|p1a: Moltres\n|-hitcount|p1: Moltres|3\n|-unboost|p2a: Kommo-o|def|1\n|-boost|p2a: Kommo-o|spe|1\n|\n|-damage|p2a: Kommo-o|27/100 brn|[from] brn\n|upkeep\n|\n|t:|1695182735\n|switch|p1a: Toxapex|Toxapex, M|100/100\n|turn|10\n|\n|t:|1695182742\n|move|p2a: Kommo-o|Iron Head|p1a: Toxapex\n|-resisted|p1a: Toxapex\n|-damage|p1a: Toxapex|94/100\n|move|p1a: Toxapex|Chilling Water|p2a: Kommo-o\n|-resisted|p2a: Kommo-o\n|-damage|p2a: Kommo-o|23/100 brn\n|-unboost|p2a: Kommo-o|atk|1\n|\n|-heal|p1a: Toxapex|100/100|[from] item: Leftovers\n|-damage|p2a: Kommo-o|17/100 brn|[from] brn\n|upkeep\n|turn|11\n|\n|t:|1695182765\n|move|p2a: Kommo-o|Scale Shot|p1a: Toxapex\n|-damage|p1a: Toxapex|96/100\n|-damage|p1a: Toxapex|91/100\n|-damage|p1a: Toxapex|87/100\n|-damage|p1a: Toxapex|83/100\n|-damage|p1a: Toxapex|78/100\n|-hitcount|p1a: Toxapex|5\n|-unboost|p2a: Kommo-o|def|1\n|-boost|p2a: Kommo-o|spe|1\n|move|p1a: Toxapex|Chilling Water|p2a: Kommo-o\n|-resisted|p2a: Kommo-o\n|-damage|p2a: Kommo-o|13/100 brn\n|-unboost|p2a: Kommo-o|atk|1\n|\n|-heal|p1a: Toxapex|85/100|[from] item: Leftovers\n|-damage|p2a: Kommo-o|7/100 brn|[from] brn\n|upkeep\n|turn|12\n|\n|t:|1695182780\n|move|p2a: Kommo-o|Scale Shot|p1a: Toxapex\n|-damage|p1a: Toxapex|81/100\n|-damage|p1a: Toxapex|78/100\n|-hitcount|p1a: Toxapex|2\n|-unboost|p2a: Kommo-o|def|1\n|-boost|p2a: Kommo-o|spe|1\n|move|p1a: Toxapex|Chilling Water|p2a: Kommo-o\n|-resisted|p2a: Kommo-o\n|-damage|p2a: Kommo-o|3/100 brn\n|-unboost|p2a: Kommo-o|atk|1\n|\n|-heal|p1a: Toxapex|85/100|[from] item: Leftovers\n|-damage|p2a: Kommo-o|0 fnt|[from] brn\n|faint|p2a: Kommo-o\n|upkeep\n|\n|t:|1695182793\n|switch|p2a: Corviknight|Corviknight, F|100/100\n|-damage|p2a: Corviknight|88/100|[from] Stealth Rock\n|-ability|p2a: Corviknight|Pressure\n|turn|13\n|\n|t:|1695182802\n|move|p2a: Corviknight|Defog|p1a: Toxapex\n|-unboost|p1a: Toxapex|evasion|1\n|-sideend|p2: umber_2891|Spikes|[from] move: Defog|[of] p2a: Corviknight\n|-sideend|p2: umber_2891|Stealth Rock|[from] move: Defog|[of] p2a: Corviknight\n|move|p1a: Toxapex|Toxic Spikes|p2a: Corviknight\n|-sidestart|p2: umber_2891|move: Toxic Spikes\n|\n|-heal|p1a: Toxapex|91/100|[from] item: Leftovers\n|upkeep\n|turn|14\n|\n|t:|1695182809\n|switch|p1a: Meowscarada|Meowscarada, F|100/100\n|move|p2a: Corviknight|Defog|p1a: Meowscarada\n|-unboost|p1a: Meowscarada|evasion|1\n|-sideend|p2: umber_2891|Toxic Spikes|[from] move: Defog|[of] p2a: Corviknight\n|\n|upkeep\n|turn|15\n|\n|t:|1695182816\n|move|p1a: Meowscarada|Knock Off|p2a: Corviknight\n|-start|p1a: Meowscarada|typechange|Dark|[from] ability: Protean\n|-damage|p2a: Corviknight|46/100\n|-damage|p1a: Meowscarada|84/100|[from] item: Rocky Helmet|[of] p2a: Corviknight\n|-enditem|p2a: Corviknight|Rocky Helmet|[from] move: Knock Off|[of] p1a: Meowscarada\n|move|p2a: Corviknight|U-turn|p1a: Meowscarada\n|-supereffective|p1a: Meowscarada\n|-damage|p1a: Meowscarada|42/100\n|\n|t:|1695182825\n|switch|p2a: Ninetales|Ninetales-Alola, F|100/100|[from] U-turn\n|-weather|Snow|[from] ability: Snow Warning|[of] p2a: Ninetales\n|\n|-weather|Snow|[upkeep]\n|upkeep\n|turn|16\n|\n|t:|1695182831\n|move|p1a: Meowscarada|Knock Off|p2a: Ninetales\n|-resisted|p2a: Ninetales\n|-damage|p2a: Ninetales|68/100\n|-enditem|p2a: Ninetales|Light Clay|[from] move: Knock Off|[of] p1a: Meowscarada\n|move|p2a: Ninetales|Aurora Veil|p2a: Ninetales\n|-sidestart|p2: umber_2891|move: Aurora Veil\n|\n|-weather|Snow|[upkeep]\n|upkeep\n|turn|17\n|\n|t:|1695182838\n|switch|p1a: Toxapex|Toxapex, M|100/100\n|move|p2a: Ninetales|Blizzard|p1a: Toxapex\n|-resisted|p1a: Toxapex\n|-damage|p1a: Toxapex|86/100\n|\n|-weather|Snow|[upkeep]\n|-heal|p1a: Toxapex|92/100|[from] item: Leftovers\n|upkeep\n|turn|18\n|\n|t:|1695182846\n|switch|p2a: Torterra|Torterra, M|100/100\n|move|p1a: Toxapex|Toxic|p2a: Torterra\n|-status|p2a: Torterra|tox\n|\n|-weather|Snow|[upkeep]\n|-heal|p1a: Toxapex|98/100|[from] item: Leftovers\n|-damage|p2a: Torterra|94/100 tox|[from] psn\n|upkeep\n|turn|19\n|\n|t:|1695182854\n|move|p2a: Torterra|Shell Smash|p2a: Torterra\n|-unboost|p2a: Torterra|def|1\n|-unboost|p2a: Torterra|spd|1\n|-boost|p2a: Torterra|atk|2\n|-boost|p2a: Torterra|spa|2\n|-boost|p2a: Torterra|spe|2\n|move|p1a: Toxapex|Toxic Spikes|p2a: Torterra\n|-sidestart|p2: umber_2891|move: Toxic Spikes\n|\n|-weather|none\n|-heal|p1a: Toxapex|100/100|[from] item: Leftovers\n|-damage|p2a: Torterra|82/100 tox|[from] psn\n|upkeep\n|turn|20\n|\n|t:|1695182864\n|move|p2a: Torterra|Headlong Rush|p1a: Toxapex\n|-supereffective|p1a: Toxapex\n|-damage|p1a: Toxapex|0 fnt\n|-unboost|p2a: Torterra|def|1\n|-unboost|p2a: Torterra|spd|1\n|faint|p1a: Toxapex\n|\n|-damage|p2a: Torterra|64/100 tox|[from] psn\n|-sideend|p2: umber_2891|move: Aurora Veil\n|upkeep\n|\n|t:|1695182874\n|switch|p1a: Meowscarada|Meowscarada, F|42/100\n|turn|21\n|\n|t:|1695182879\n|move|p1a: Meowscarada|Sucker Punch|p2a: Torterra\n|-start|p1a: Meowscarada|typechange|Dark|[from] ability: Protean\n|-damage|p2a: Torterra|0 fnt\n|faint|p2a: Torterra\n|\n|upkeep\n|\n|t:|1695182885\n|switch|p2a: Corviknight|Corviknight, F|46/100\n|-ability|p2a: Corviknight|Pressure\n|turn|22\n|\n|t:|1695182890\n|switch|p1a: Espeon|Espeon, M|100/100\n|move|p2a: Corviknight|Roost|p2a: Corviknight\n|-heal|p2a: Corviknight|96/100\n|-singleturn|p2a: Corviknight|move: Roost\n|\n|upkeep\n|turn|23\n|\n|t:|1695182898\n|move|p1a: Espeon|Calm Mind|p1a: Espeon\n|-boost|p1a: Espeon|spa|1\n|-boost|p1a: Espeon|spd|1\n|move|p2a: Corviknight|Defog|p1a: Espeon\n|move|p1a: Espeon|Defog|p2a: Corviknight|[from]ability: Magic Bounce\n|-unboost|p2a: Corviknight|evasion|1\n|-sideend|p2: umber_2891|Toxic Spikes|[from] move: Defog|[of] p1a: Espeon\n|\n|upkeep\n|turn|24\n|\n|t:|1695182905\n|move|p1a: Espeon|Calm Mind|p1a: Espeon\n|-boost|p1a: Espeon|spa|1\n|-boost|p1a: Espeon|spd|1\n|move|p2a: Corviknight|U-turn|p1a: Espeon\n|-supereffective|p1a: Espeon\n|-damage|p1a: Espeon|49/100\n|\n|t:|1695182911\n|switch|p2a: Ninetales|Ninetales-Alola, F|68/100|[from] U-turn\n|-weather|Snow|[from] ability: Snow Warning|[of] p2a: Ninetales\n|\n|-weather|Snow|[upkeep]\n|-heal|p1a: Espeon|55/100|[from] item: Leftovers\n|upkeep\n|turn|25\n|\n|t:|1695182918\n|move|p1a: Espeon|Psychic|p2a: Ninetales\n|-damage|p2a: Ninetales|0 fnt\n|faint|p2a: Ninetales\n|\n|-weather|Snow|[upkeep]\n|-heal|p1a: Espeon|61/100|[from] item: Leftovers\n|upkeep\n|\n|t:|1695182925\n|switch|p2a: Corviknight|Corviknight, F|96/100\n|-ability|p2a: Corviknight|Pressure\n|turn|26\n|\n|t:|1695182929\n|move|p1a: Espeon|Thunder Wave|p2a: Corviknight\n|-status|p2a: Corviknight|par\n|move|p2a: Corviknight|U-turn|p1a: Espeon\n|-supereffective|p1a: Espeon\n|-damage|p1a: Espeon|15/100\n|\n|t:|1695182937\n|switch|p2a: Garganacl|Garganacl, F|100/100|[from] U-turn\n|\n|-weather|Snow|[upkeep]\n|-heal|p1a: Espeon|21/100|[from] item: Leftovers\n|upkeep\n|turn|27\n|\n|t:|1695182943\n|move|p1a: Espeon|Grass Knot|p2a: Garganacl\n|-supereffective|p2a: Garganacl\n|-damage|p2a: Garganacl|3/100\n|move|p2a: Garganacl|Salt Cure|p1a: Espeon\n|-damage|p1a: Espeon|0 fnt\n|faint|p1a: Espeon\n|\n|-weather|Snow|[upkeep]\n|-heal|p2a: Garganacl|9/100|[from] item: Leftovers\n|upkeep\n|\n|t:|1695182952\n|switch|p1a: Meowscarada|Meowscarada, F|42/100\n|turn|28\n|\n|t:|1695182955\n|move|p2a: Garganacl|Protect|p2a: Garganacl\n|-singleturn|p2a: Garganacl|Protect\n|move|p1a: Meowscarada|U-turn|p2a: Garganacl\n|-start|p1a: Meowscarada|typechange|Bug|[from] ability: Protean\n|-activate|p2a: Garganacl|move: Protect\n|\n|-weather|none\n|-heal|p2a: Garganacl|15/100|[from] item: Leftovers\n|upkeep\n|turn|29\n|\n|t:|1695182964\n|switch|p2a: Corviknight|Corviknight, F|96/100 par\n|-ability|p2a: Corviknight|Pressure\n|move|p1a: Meowscarada|U-turn|p2a: Corviknight\n|-resisted|p2a: Corviknight\n|-damage|p2a: Corviknight|88/100 par\n|\n|t:|1695182971\n|switch|p1a: Garchomp|Garchomp, M|100/100|[from] U-turn\n|\n|upkeep\n|turn|30\n|\n|t:|1695182981\n|move|p1a: Garchomp|Swords Dance|p1a: Garchomp\n|-boost|p1a: Garchomp|atk|2\n|move|p2a: Corviknight|U-turn|p1a: Garchomp\n|-damage|p1a: Garchomp|88/100\n|-damage|p2a: Corviknight|76/100 par|[from] ability: Rough Skin|[of] p1a: Garchomp\n|-damage|p2a: Corviknight|60/100 par|[from] item: Rocky Helmet|[of] p1a: Garchomp\n|\n|t:|1695182988\n|switch|p2a: Pawmot|Pawmot, M|100/100|[from] U-turn\n|\n|upkeep\n|turn|31\n|\n|t:|1695182991\n|move|p2a: Pawmot|Ice Punch|p1a: Garchomp\n|-supereffective|p1a: Garchomp\n|-damage|p1a: Garchomp|0 fnt\n|-damage|p2a: Pawmot|88/100|[from] ability: Rough Skin|[of] p1a: Garchomp\n|-damage|p2a: Pawmot|72/100|[from] item: Rocky Helmet|[of] p1a: Garchomp\n|faint|p1a: Garchomp\n|-damage|p2a: Pawmot|62/100|[from] item: Life Orb\n|\n|upkeep\n|\n|t:|1695182999\n|switch|p1a: Meowscarada|Meowscarada, F|42/100\n|turn|32\n|\n|t:|1695183002\n|move|p2a: Pawmot|Mach Punch|p1a: Meowscarada\n|-supereffective|p1a: Meowscarada\n|-damage|p1a: Meowscarada|0 fnt\n|faint|p1a: Meowscarada\n|-damage|p2a: Pawmot|52/100|[from] item: Life Orb\n|\n|win|umber_2891\n|raw|nocapdos's rating: 1193 &rarr; <strong>1170</strong><br />(-23 for losing)\n|raw|umber_2891's rating: 1222 &rarr; <strong>1245</strong><br />(+23 for winning)\n|l|\u2606nocapdos\n|c|\u2606umber_2891|gg\n", "uploadtime": 1695183009, "views": 6, "p1id": "nocapdos", "p2id": "umber2891", "formatid": "gen9ou", "rating": 1170, "private": 0, "password": ""}