{"id": "gen9ou-1947689584", "p1": "HiiThisIsKitty", "p2": "MercilessEXE", "format": "gen9ou", "log": "|j|\u2606HiiThisIsKitty\n|j|\u2606MercilessEXE\n|t:|1695187463\n|gametype|singles\n|player|p1|HiiThisIsKitty|dahlia|1173\n|player|p2|MercilessEXE|ingo|1107\n|teamsize|p1|6\n|teamsize|p2|6\n|gen|9\n|tier|[Gen 9] OU\n|rated|\n|rule|Sleep Clause Mod: Limit one foe put to sleep\n|rule|Species Clause: Limit one of each Pok\u00e9mon\n|rule|OHKO Clause: OHKO moves are banned\n|rule|Evasion Items Clause: Evasion items are banned\n|rule|Evasion Moves Clause: Evasion moves are banned\n|rule|Endless Battle Clause: Forcing endless battles is banned\n|rule|HP Percentage Mod: HP is shown in percentages\n|clearpoke\n|poke|p1|Ursaluna-Bloodmoon, M|\n|poke|p1|Ogerpon-Hearthflame, F|\n|poke|p1|Gholdengo|\n|poke|p1|Zapdos|\n|poke|p1|Ribombee, M|\n|poke|p1|Empoleon, F|\n|poke|p2|Zoroark-Hisui, M|\n|poke|p2|Corviknight, F|\n|poke|p2|Rotom-Wash|\n|poke|p2|Great Tusk|\n|poke|p2|Kingambit, F|\n|poke|p2|Dragonite, M|\n|teampreview\n|\n|t:|1695187486\n|start\n|switch|p1a: Ursaluna|Ursaluna-Bloodmoon, M|100/100\n|switch|p2a: Rotom|Rotom-Wash|100/100\n|turn|1\n|\n|t:|1695187495\n|move|p1a: Ursaluna|Blood Moon|p2a: Rotom\n|-damage|p2a: Rotom|45/100\n|move|p2a: Rotom|Hydro Pump|p1a: Ursaluna|[miss]\n|-miss|p2a: Rotom|p1a: Ursaluna\n|\n|-heal|p2a: Rotom|51/100|[from] item: Leftovers\n|upkeep\n|turn|2\n|\n|t:|1695187503\n|switch|p1a: Zapdos|Zapdos|100/100\n|move|p2a: Rotom|Hydro Pump|p1a: Zapdos\n|-damage|p1a: Zapdos|60/100\n|\n|-heal|p2a: Rotom|57/100|[from] item: Leftovers\n|upkeep\n|turn|3\n|\n|t:|1695187511\n|move|p2a: Rotom|Protect|p2a: Rotom\n|-singleturn|p2a: Rotom|Protect\n|move|p1a: Zapdos|Roost|p1a: Zapdos\n|-heal|p1a: Zapdos|100/100\n|-singleturn|p1a: Zapdos|move: Roost\n|\n|-heal|p2a: Rotom|64/100|[from] item: Leftovers\n|upkeep\n|turn|4\n|\n|t:|1695187516\n|move|p1a: Zapdos|Volt Switch|p2a: Rotom\n|-damage|p2a: Rotom|39/100\n|\n|t:|1695187519\n|switch|p1a: Ursaluna|Ursaluna-Bloodmoon, M|100/100|[from] Volt Switch\n|move|p2a: Rotom|Volt Switch|p1a: Ursaluna\n|-immune|p1a: Ursaluna\n|\n|-heal|p2a: Rotom|45/100|[from] item: Leftovers\n|upkeep\n|turn|5\n|\n|t:|1695187523\n|switch|p2a: Kingambit|Kingambit, F|100/100\n|move|p1a: Ursaluna|Blood Moon|p2a: Kingambit\n|-damage|p2a: Kingambit|0 fnt\n|replace|p2a: Zoroark|Zoroark-Hisui, M\n|-end|p2a: Zoroark|Illusion\n|faint|p2a: Zoroark\n|\n|upkeep\n|\n|t:|1695187537\n|switch|p2a: Great Tusk|Great Tusk|100/100\n|turn|6\n|\n|t:|1695187543\n|switch|p1a: Zapdos|Zapdos|100/100\n|move|p2a: Great Tusk|Knock Off|p1a: Zapdos\n|-damage|p1a: Zapdos|72/100\n|-enditem|p1a: Zapdos|Heavy-Duty Boots|[from] move: Knock Off|[of] p2a: Great Tusk\n|\n|upkeep\n|turn|7\n|c|\u2606HiiThisIsKitty|i love this core\n|\n|t:|1695187554\n|-end|p2a: Great Tusk|Protosynthesis|[silent]\n|switch|p2a: Rotom|Rotom-Wash|45/100\n|move|p1a: Zapdos|Hurricane|p2a: Rotom\n|-resisted|p2a: Rotom\n|-crit|p2a: Rotom\n|-damage|p2a: Rotom|19/100\n|\n|-heal|p2a: Rotom|25/100|[from] item: Leftovers\n|upkeep\n|turn|8\n|\n|t:|1695187560\n|move|p2a: Rotom|Protect|p2a: Rotom\n|-singleturn|p2a: Rotom|Protect\n|move|p1a: Zapdos|Volt Switch|p2a: Rotom\n|-activate|p2a: Rotom|move: Protect\n|\n|-heal|p2a: Rotom|31/100|[from] item: Leftovers\n|upkeep\n|turn|9\n|\n|t:|1695187566\n|move|p1a: Zapdos|Hurricane|p2a: Rotom\n|-resisted|p2a: Rotom\n|-damage|p2a: Rotom|12/100\n|move|p2a: Rotom|Hydro Pump|p1a: Zapdos\n|-damage|p1a: Zapdos|32/100\n|\n|-heal|p2a: Rotom|18/100|[from] item: Leftovers\n|upkeep\n|turn|10\n|\n|t:|1695187571\n|move|p1a: Zapdos|Roost|p1a: Zapdos\n|-heal|p1a: Zapdos|82/100\n|-singleturn|p1a: Zapdos|move: Roost\n|move|p2a: Rotom|Volt Switch|p1a: Zapdos\n|-resisted|p1a: Zapdos\n|-damage|p1a: Zapdos|70/100\n|\n|t:|1695187582\n|switch|p2a: Dragonite|Dragonite, M|100/100|[from] Volt Switch\n|\n|upkeep\n|turn|11\n|\n|t:|1695187585\n|move|p1a: Zapdos|Thunder Wave|p2a: Dragonite\n|-status|p2a: Dragonite|par\n|cant|p2a: Dragonite|par\n|\n|upkeep\n|turn|12\n|\n|t:|1695187590\n|move|p1a: Zapdos|Volt Switch|p2a: Dragonite\n|-damage|p2a: Dragonite|84/100 par\n|\n|t:|1695187594\n|switch|p1a: Ursaluna|Ursaluna-Bloodmoon, M|100/100|[from] Volt Switch\n|move|p2a: Dragonite|Dragon Dance|p2a: Dragonite\n|-boost|p2a: Dragonite|atk|1\n|-boost|p2a: Dragonite|spe|1\n|\n|upkeep\n|turn|13\n|\n|t:|1695187602\n|-terastallize|p2a: Dragonite|Normal\n|move|p2a: Dragonite|Extreme Speed|p1a: Ursaluna\n|-damage|p1a: Ursaluna|43/100\n|move|p1a: Ursaluna|Blood Moon|p2a: Dragonite\n|-damage|p2a: Dragonite|9/100 par\n|\n|upkeep\n|turn|14\n|\n|t:|1695187610\n|switch|p1a: Gholdengo|Gholdengo|100/100\n|move|p2a: Dragonite|Earthquake|p1a: Gholdengo\n|-supereffective|p1a: Gholdengo\n|-damage|p1a: Gholdengo|0 fnt\n|faint|p1a: Gholdengo\n|\n|upkeep\n|\n|t:|1695187618\n|switch|p1a: Ribombee|Ribombee, M|100/100\n|turn|15\n|\n|t:|1695187622\n|move|p2a: Dragonite|Extreme Speed|p1a: Ribombee\n|-enditem|p1a: Ribombee|Focus Sash\n|-damage|p1a: Ribombee|1/100\n|move|p1a: Ribombee|Moonblast|p2a: Dragonite\n|-damage|p2a: Dragonite|0 fnt\n|faint|p2a: Dragonite\n|\n|upkeep\n|\n|t:|1695187631\n|switch|p2a: Kingambit|Kingambit, F|100/100\n|-activate|p2a: Kingambit|ability: Supreme Overlord\n|-start|p2a: Kingambit|fallen2|[silent]\n|turn|16\n|\n|t:|1695187637\n|move|p1a: Ribombee|Sticky Web|p2a: Kingambit\n|-sidestart|p2: MercilessEXE|move: Sticky Web\n|move|p2a: Kingambit|Swords Dance|p2a: Kingambit\n|-boost|p2a: Kingambit|atk|2\n|\n|upkeep\n|turn|17\n|\n|t:|1695187644\n|-terastallize|p1a: Ribombee|Fire\n|move|p2a: Kingambit|Sucker Punch|p1a: Ribombee\n|-damage|p1a: Ribombee|0 fnt\n|faint|p1a: Ribombee\n|\n|upkeep\n|\n|t:|1695187648\n|switch|p1a: Ogerpon|Ogerpon-Hearthflame, F|100/100\n|-ability|p1a: Ogerpon|Mold Breaker\n|turn|18\n|\n|t:|1695187670\n|move|p2a: Kingambit|Sucker Punch|p1a: Ogerpon\n|-damage|p1a: Ogerpon|0 fnt\n|faint|p1a: Ogerpon\n|\n|upkeep\n|\n|t:|1695187676\n|switch|p1a: Zapdos|Zapdos|70/100\n|turn|19\n|\n|t:|1695187681\n|move|p1a: Zapdos|Hurricane|p2a: Kingambit\n|-resisted|p2a: Kingambit\n|-damage|p2a: Kingambit|72/100\n|move|p2a: Kingambit|Kowtow Cleave|p1a: Zapdos\n|-damage|p1a: Zapdos|0 fnt\n|-status|p2a: Kingambit|par|[from] ability: Static|[of] p1a: Zapdos\n|-enditem|p2a: Kingambit|Lum Berry|[eat]\n|-curestatus|p2a: Kingambit|par|[msg]\n|faint|p1a: Zapdos\n|\n|upkeep\n|\n|t:|1695187687\n|switch|p1a: Empoleon|Empoleon, F|100/100\n|turn|20\n|\n|t:|1695187696\n|move|p2a: Kingambit|Kowtow Cleave|p1a: Empoleon\n|-damage|p1a: Empoleon|0 fnt\n|faint|p1a: Empoleon\n|\n|upkeep\n|\n|t:|1695187702\n|switch|p1a: Ursaluna|Ursaluna-Bloodmoon, M|43/100\n|turn|21\n|\n|t:|1695187706\n|move|p2a: Kingambit|Sucker Punch|p1a: Ursaluna\n|-damage|p1a: Ursaluna|0 fnt\n|faint|p1a: Ursaluna\n|\n|win|MercilessEXE\n|raw|HiiThisIsKitty's rating: 1173 &rarr; <strong>1143</strong><br />(-30 for losing)\n|raw|MercilessEXE's rating: 1107 &rarr; <strong>1137</strong><br />(+30 for winning)\n|c|\u2606MercilessEXE|Mine is just better\n|c|\u2606MercilessEXE|Ggs\n|c|\u2606HiiThisIsKitty|gambit moment\n|c|\u2606MercilessEXE|Gambit moment\n|l|\u2606HiiThisIsKitty\n|c|\u2606MercilessEXE|i like the new mons tho\n|l|\u2606MercilessEXE\n|j|\u2606MercilessEXE\n|player|p2|MercilessEXE|ingo\n", "uploadtime": 1695187746, "views": 28, "p1id": "hiithisiskitty", "p2id": "mercilessexe", "formatid": "gen9ou", "rating": 1137, "private": 0, "password": ""}