{"id": "gen9ou-1947528645", "p1": "TheIcingCreeper", "p2": "Novik_Ingis", "format": "gen9ou", "log": "|j|\u2606TheIcingCreeper\n|j|\u2606Novik_Ingis\n|t:|1695169545\n|gametype|singles\n|player|p1|TheIcingCreeper|valerie|1151\n|player|p2|Novik_Ingis|ninjaboy|1133\n|teamsize|p1|6\n|teamsize|p2|6\n|gen|9\n|tier|[Gen 9] OU\n|rated|\n|rule|Sleep Clause Mod: Limit one foe put to sleep\n|rule|Species Clause: Limit one of each Pok\u00e9mon\n|rule|OHKO Clause: OHKO moves are banned\n|rule|Evasion Items Clause: Evasion items are banned\n|rule|Evasion Moves Clause: Evasion moves are banned\n|rule|Endless Battle Clause: Forcing endless battles is banned\n|rule|HP Percentage Mod: HP is shown in percentages\n|clearpoke\n|poke|p1|Wigglytuff, F|\n|poke|p1|Sinistcha|\n|poke|p1|Ceruledge, M|\n|poke|p1|Corviknight, M|\n|poke|p1|Dondozo, M|\n|poke|p1|Dragapult, M|\n|poke|p2|Ninetales, F|\n|poke|p2|Walking Wake|\n|poke|p2|Sableye, M|\n|poke|p2|Infernape, F|\n|poke|p2|Thundurus-Therian, M|\n|poke|p2|Corviknight, M|\n|teampreview\n|\n|t:|1695169560\n|start\n|switch|p1a: Masha|Sinistcha, shiny|100/100\n|switch|p2a: Thundurus|Thundurus-Therian, M|100/100\n|turn|1\n|\n|t:|1695169572\n|move|p2a: Thundurus|Volt Switch|p1a: Masha\n|-resisted|p1a: Masha\n|-damage|p1a: Masha|79/100\n|\n|t:|1695169578\n|switch|p2a: Corviknight|Corviknight, M, shiny|100/100|[from] Volt Switch\n|move|p1a: Masha|Calm Mind|p1a: Masha\n|-boost|p1a: Masha|spa|1\n|-boost|p1a: Masha|spd|1\n|\n|-status|p1a: Masha|brn|[from] item: Flame Orb\n|upkeep\n|turn|2\n|\n|t:|1695169592\n|move|p1a: Masha|Calm Mind|p1a: Masha\n|-boost|p1a: Masha|spa|1\n|-boost|p1a: Masha|spd|1\n|move|p2a: Corviknight|Brave Bird|p1a: Masha\n|-supereffective|p1a: Masha\n|-damage|p1a: Masha|27/100 brn\n|-damage|p2a: Corviknight|86/100|[from] Recoil\n|\n|-damage|p1a: Masha|24/100 brn|[from] brn\n|upkeep\n|turn|3\n|\n|t:|1695169603\n|move|p1a: Masha|Strength Sap|p2a: Corviknight\n|-ability|p2a: Corviknight|Mirror Armor\n|-unboost|p1a: Masha|atk|1\n|-heal|p1a: Masha|85/100 brn\n|move|p2a: Corviknight|Brave Bird|p1a: Masha\n|-supereffective|p1a: Masha\n|-damage|p1a: Masha|25/100 brn\n|-damage|p2a: Corviknight|69/100|[from] Recoil\n|\n|-damage|p1a: Masha|22/100 brn|[from] brn\n|upkeep\n|turn|4\n|\n|t:|1695169615\n|move|p1a: Masha|Strength Sap|p2a: Corviknight\n|-ability|p2a: Corviknight|Mirror Armor\n|-unboost|p1a: Masha|atk|1\n|-heal|p1a: Masha|84/100 brn\n|move|p2a: Corviknight|Brave Bird|p1a: Masha\n|-supereffective|p1a: Masha\n|-damage|p1a: Masha|28/100 brn\n|-damage|p2a: Corviknight|53/100|[from] Recoil\n|\n|-damage|p1a: Masha|25/100 brn|[from] brn\n|upkeep\n|turn|5\n|\n|t:|1695169630\n|move|p1a: Masha|Strength Sap|p2a: Corviknight\n|-ability|p2a: Corviknight|Mirror Armor\n|-unboost|p1a: Masha|atk|1\n|-heal|p1a: Masha|86/100 brn\n|move|p2a: Corviknight|Roost|p2a: Corviknight\n|-heal|p2a: Corviknight|100/100\n|-singleturn|p2a: Corviknight|move: Roost\n|\n|-damage|p1a: Masha|83/100 brn|[from] brn\n|upkeep\n|turn|6\n|\n|t:|1695169646\n|-terastallize|p2a: Corviknight|Flying\n|move|p1a: Masha|Matcha Gotcha|p2a: Corviknight\n|-resisted|p2a: Corviknight\n|-damage|p2a: Corviknight|68/100\n|-heal|p1a: Masha|100/100 brn|[from] drain|[of] p2a: Corviknight\n|-status|p2a: Corviknight|brn\n|move|p2a: Corviknight|Brave Bird|p1a: Masha\n|-supereffective|p1a: Masha\n|-damage|p1a: Masha|64/100 brn\n|-damage|p2a: Corviknight|58/100 brn|[from] Recoil\n|\n|-damage|p1a: Masha|61/100 brn|[from] brn\n|-damage|p2a: Corviknight|51/100 brn|[from] brn\n|upkeep\n|turn|7\n|-message|Novik_Ingis forfeited.\n|\n|win|TheIcingCreeper\n|raw|TheIcingCreeper's rating: 1151 &rarr; <strong>1175</strong><br />(+24 for winning)\n|raw|Novik_Ingis's rating: 1133 &rarr; <strong>1109</strong><br />(-24 for losing)\n|l|\u2606Novik_Ingis\n", "uploadtime": 1695169659, "views": 2, "p1id": "theicingcreeper", "p2id": "novikingis", "formatid": "gen9ou", "rating": 1109, "private": 0, "password": ""}