{"id": "gen9ou-1947619765", "p1": "Thaderet", "p2": "oriiiino", "format": "gen9ou", "log": "|j|\u2606Thaderet\n|j|\u2606oriiiino\n|t:|1695178601\n|gametype|singles\n|player|p1|Thaderet|bruno-gen2|1154\n|player|p2|oriiiino|265|1262\n|teamsize|p1|6\n|teamsize|p2|6\n|gen|9\n|tier|[Gen 9] OU\n|rated|\n|rule|Sleep Clause Mod: Limit one foe put to sleep\n|rule|Species Clause: Limit one of each Pok\u00e9mon\n|rule|OHKO Clause: OHKO moves are banned\n|rule|Evasion Items Clause: Evasion items are banned\n|rule|Evasion Moves Clause: Evasion moves are banned\n|rule|Endless Battle Clause: Forcing endless battles is banned\n|rule|HP Percentage Mod: HP is shown in percentages\n|clearpoke\n|poke|p1|Ogerpon-Cornerstone, F|\n|poke|p1|Cinderace, M|\n|poke|p1|Dondozo, M|\n|poke|p1|Skeledirge, M|\n|poke|p1|Ursaluna-Bloodmoon, M|\n|poke|p1|Breloom, M|\n|poke|p2|Ogerpon-Hearthflame, F|\n|poke|p2|Great Tusk|\n|poke|p2|Scream Tail|\n|poke|p2|Walking Wake|\n|poke|p2|Torkoal, M|\n|poke|p2|Sandy Shocks|\n|teampreview\n|inactive|Battle timer is ON: inactive players will automatically lose when time's up. (requested by oriiiino)\n|\n|t:|1695178614\n|start\n|switch|p1a: Skeledirge|Skeledirge, M|100/100\n|switch|p2a: Torkoal|Torkoal, M|100/100\n|-weather|SunnyDay|[from] ability: Drought|[of] p2a: Torkoal\n|turn|1\n|\n|t:|1695178628\n|move|p1a: Skeledirge|Sing|p2a: Torkoal|[miss]\n|-miss|p1a: Skeledirge|p2a: Torkoal\n|-enditem|p1a: Skeledirge|Blunder Policy\n|-boost|p1a: Skeledirge|spe|2\n|move|p2a: Torkoal|Stealth Rock|p1a: Skeledirge\n|-sidestart|p1: Thaderet|move: Stealth Rock\n|\n|-weather|SunnyDay|[upkeep]\n|upkeep\n|turn|2\n|\n|t:|1695178638\n|move|p1a: Skeledirge|Torch Song|p2a: Torkoal\n|-resisted|p2a: Torkoal\n|-damage|p2a: Torkoal|58/100\n|-boost|p1a: Skeledirge|spa|1\n|move|p2a: Torkoal|Yawn|p1a: Skeledirge\n|-start|p1a: Skeledirge|move: Yawn|[of] p2a: Torkoal\n|\n|-weather|SunnyDay|[upkeep]\n|upkeep\n|turn|3\n|\n|t:|1695178659\n|switch|p2a: Walking Wake|Walking Wake|100/100\n|-activate|p2a: Walking Wake|ability: Protosynthesis\n|-start|p2a: Walking Wake|protosynthesisspa\n|move|p1a: Skeledirge|Sing|p2a: Walking Wake\n|-status|p2a: Walking Wake|slp|[from] move: Sing\n|\n|-weather|SunnyDay|[upkeep]\n|-end|p1a: Skeledirge|move: Yawn|[silent]\n|-status|p1a: Skeledirge|slp\n|upkeep\n|turn|4\n|c|\u2606Thaderet|How the turn tables\n|inactive|Thaderet has 120 seconds left.\n|c|\u2606oriiiino|lol\n|inactive|oriiiino has 120 seconds left.\n|\n|t:|1695178696\n|cant|p2a: Walking Wake|slp\n|cant|p1a: Skeledirge|slp\n|\n|-weather|SunnyDay|[upkeep]\n|upkeep\n|turn|5\n|\n|t:|1695178703\n|-curestatus|p2a: Walking Wake|slp|[msg]\n|move|p2a: Walking Wake|Hydro Steam|p1a: Skeledirge\n|-supereffective|p1a: Skeledirge\n|-damage|p1a: Skeledirge|0 fnt\n|faint|p1a: Skeledirge\n|\n|-weather|SunnyDay|[upkeep]\n|upkeep\n|c|\u2606oriiiino|woops\n|inactive|Thaderet has 120 seconds left.\n|c|\u2606Thaderet|Ah shiii\n|\n|t:|1695178731\n|switch|p1a: Dondozo|Dondozo, M|100/100\n|-damage|p1a: Dondozo|88/100|[from] Stealth Rock\n|turn|6\n|\n|t:|1695178743\n|move|p2a: Walking Wake|Hydro Steam|p1a: Dondozo\n|-resisted|p1a: Dondozo\n|-damage|p1a: Dondozo|36/100\n|move|p1a: Dondozo|Body Press|p2a: Walking Wake\n|-damage|p2a: Walking Wake|70/100\n|\n|-weather|SunnyDay|[upkeep]\n|-heal|p1a: Dondozo|42/100|[from] item: Leftovers\n|upkeep\n|turn|7\n|\n|t:|1695178755\n|move|p2a: Walking Wake|Hydro Steam|p1a: Dondozo\n|-resisted|p1a: Dondozo\n|-damage|p1a: Dondozo|0 fnt\n|faint|p1a: Dondozo\n|\n|-weather|SunnyDay|[upkeep]\n|upkeep\n|\n|t:|1695178766\n|switch|p1a: Cinderace|Cinderace, M, shiny|100/100\n|turn|8\n|inactive|oriiiino has 120 seconds left.\n|\n|t:|1695178800\n|-end|p2a: Walking Wake|Protosynthesis|[silent]\n|switch|p2a: Scream Tail|Scream Tail|100/100\n|-activate|p2a: Scream Tail|ability: Protosynthesis\n|-start|p2a: Scream Tail|protosynthesisspd\n|move|p1a: Cinderace|Court Change|p1a: Cinderace\n|-start|p1a: Cinderace|typechange|Normal|[from] ability: Libero\n|-swapsideconditions\n|-activate|p1a: Cinderace|move: Court Change\n|\n|-weather|none\n|-end|p2a: Scream Tail|Protosynthesis\n|upkeep\n|turn|9\n|inactive|Thaderet has 120 seconds left.\n|inactive|oriiiino has 120 seconds left.\n|\n|t:|1695178820\n|move|p2a: Scream Tail|Protect|p2a: Scream Tail\n|-singleturn|p2a: Scream Tail|Protect\n|move|p1a: Cinderace|Pyro Ball|p2a: Scream Tail\n|-activate|p2a: Scream Tail|move: Protect\n|\n|upkeep\n|turn|10\n|\n|t:|1695178827\n|move|p1a: Cinderace|Pyro Ball|p2a: Scream Tail\n|-damage|p2a: Scream Tail|69/100\n|move|p2a: Scream Tail|Wish|p2a: Scream Tail\n|\n|-heal|p2a: Scream Tail|76/100|[from] item: Leftovers\n|upkeep\n|turn|11\n|inactive|oriiiino has 120 seconds left.\n|\n|t:|1695178846\n|switch|p1a: Ursaluna|Ursaluna-Bloodmoon, M|100/100\n|move|p2a: Scream Tail|Dazzling Gleam|p1a: Ursaluna\n|-damage|p1a: Ursaluna|85/100\n|\n|-heal|p2a: Scream Tail|100/100|[from] move: Wish|[wisher] Scream Tail\n|upkeep\n|turn|12\n|inactive|oriiiino has 120 seconds left.\n|inactive|oriiiino has 90 seconds left.\n|\n|t:|1695178906\n|move|p2a: Scream Tail|Protect|p2a: Scream Tail\n|-singleturn|p2a: Scream Tail|Protect\n|move|p1a: Ursaluna|Blood Moon|p2a: Scream Tail\n|-activate|p2a: Scream Tail|move: Protect\n|\n|upkeep\n|turn|13\n|inactive|Thaderet has 90 seconds left.\n|\n|t:|1695178935\n|-end|p2a: Scream Tail|Protosynthesis|[silent]\n|switch|p2a: Sandy Shocks|Sandy Shocks|100/100\n|-damage|p2a: Sandy Shocks|94/100|[from] Stealth Rock\n|move|p1a: Ursaluna|Earth Power|p2a: Sandy Shocks\n|-supereffective|p2a: Sandy Shocks\n|-damage|p2a: Sandy Shocks|0 fnt\n|faint|p2a: Sandy Shocks\n|-end|p2a: Sandy Shocks|Protosynthesis|[silent]\n|\n|upkeep\n|inactive|oriiiino has 60 seconds left.\n|\n|t:|1695178948\n|switch|p2a: Walking Wake|Walking Wake|70/100\n|-damage|p2a: Walking Wake|58/100|[from] Stealth Rock\n|turn|14\n|\n|t:|1695178962\n|-terastallize|p1a: Ursaluna|Normal\n|move|p2a: Walking Wake|Hydro Steam|p1a: Ursaluna\n|-damage|p1a: Ursaluna|42/100\n|move|p1a: Ursaluna|Moonblast|p2a: Walking Wake\n|-supereffective|p2a: Walking Wake\n|-damage|p2a: Walking Wake|0 fnt\n|faint|p2a: Walking Wake\n|-end|p2a: Walking Wake|Protosynthesis|[silent]\n|\n|upkeep\n|inactive|oriiiino has 60 seconds left.\n|inactive|oriiiino has 30 seconds left.\n|\n|t:|1695179004\n|switch|p2a: Torkoal|Torkoal, M|58/100\n|-damage|p2a: Torkoal|33/100|[from] Stealth Rock\n|-weather|SunnyDay|[from] ability: Drought|[of] p2a: Torkoal\n|turn|15\n|\n|t:|1695179022\n|switch|p1a: Cinderace|Cinderace, M, shiny|100/100\n|move|p2a: Torkoal|Stealth Rock|p1a: Cinderace\n|-sidestart|p1: Thaderet|move: Stealth Rock\n|\n|-weather|SunnyDay|[upkeep]\n|upkeep\n|turn|16\n|\n|t:|1695179037\n|switch|p2a: Scream Tail|Scream Tail|100/100\n|-damage|p2a: Scream Tail|88/100|[from] Stealth Rock\n|-activate|p2a: Scream Tail|ability: Protosynthesis\n|-start|p2a: Scream Tail|protosynthesisspd\n|move|p1a: Cinderace|High Jump Kick|p2a: Scream Tail\n|-start|p1a: Cinderace|typechange|Fighting|[from] ability: Libero\n|-resisted|p2a: Scream Tail\n|-damage|p2a: Scream Tail|75/100\n|\n|-weather|SunnyDay|[upkeep]\n|-heal|p2a: Scream Tail|81/100|[from] item: Leftovers\n|upkeep\n|turn|17\n|inactive|Thaderet has 90 seconds left.\n|\n|t:|1695179068\n|switch|p1a: Ogerpon|Ogerpon-Cornerstone, F|100/100\n|-damage|p1a: Ogerpon|88/100|[from] Stealth Rock\n|move|p2a: Scream Tail|Wish|p2a: Scream Tail\n|\n|-weather|SunnyDay|[upkeep]\n|-heal|p2a: Scream Tail|88/100|[from] item: Leftovers\n|upkeep\n|turn|18\n|inactive|oriiiino has 30 seconds left.\n|\n|t:|1695179089\n|move|p1a: Ogerpon|Horn Leech|p2a: Scream Tail\n|-crit|p2a: Scream Tail\n|-damage|p2a: Scream Tail|34/100\n|-heal|p1a: Ogerpon|100/100|[from] drain|[of] p2a: Scream Tail\n|move|p2a: Scream Tail|Encore|p1a: Ogerpon\n|-start|p1a: Ogerpon|Encore\n|\n|-weather|SunnyDay|[upkeep]\n|-heal|p2a: Scream Tail|84/100|[from] move: Wish|[wisher] Scream Tail\n|-heal|p2a: Scream Tail|90/100|[from] item: Leftovers\n|upkeep\n|turn|19\n|inactive|oriiiino has 30 seconds left.\n|\n|t:|1695179099\n|-end|p2a: Scream Tail|Protosynthesis|[silent]\n|switch|p2a: Ogerpon|Ogerpon-Hearthflame, F|100/100\n|-damage|p2a: Ogerpon|76/100|[from] Stealth Rock\n|-ability|p2a: Ogerpon|Mold Breaker\n|move|p1a: Ogerpon|Horn Leech|p2a: Ogerpon\n|-resisted|p2a: Ogerpon\n|-damage|p2a: Ogerpon|60/100\n|\n|-weather|SunnyDay|[upkeep]\n|upkeep\n|turn|20\n|\n|t:|1695179110\n|move|p2a: Ogerpon|Trailblaze|p1a: Ogerpon\n|-damage|p1a: Ogerpon|63/100\n|-boost|p2a: Ogerpon|spe|1\n|move|p1a: Ogerpon|Horn Leech|p2a: Ogerpon\n|-resisted|p2a: Ogerpon\n|-damage|p2a: Ogerpon|47/100\n|-heal|p1a: Ogerpon|70/100|[from] drain|[of] p2a: Ogerpon\n|\n|-weather|SunnyDay|[upkeep]\n|upkeep\n|turn|21\n|\n|t:|1695179120\n|move|p2a: Ogerpon|Swords Dance|p2a: Ogerpon\n|-boost|p2a: Ogerpon|atk|2\n|move|p1a: Ogerpon|Horn Leech|p2a: Ogerpon\n|-resisted|p2a: Ogerpon\n|-damage|p2a: Ogerpon|33/100\n|-heal|p1a: Ogerpon|77/100|[from] drain|[of] p2a: Ogerpon\n|\n|-weather|SunnyDay|[upkeep]\n|-end|p1a: Ogerpon|Encore\n|upkeep\n|turn|22\n|inactive|Thaderet has 90 seconds left.\n|\n|t:|1695179129\n|-terastallize|p2a: Ogerpon|Fire\n|detailschange|p2a: Ogerpon|Ogerpon-Hearthflame-Tera, F, tera:Fire\n|-ability|p2a: Ogerpon|Embody Aspect (Hearthflame)|boost\n|-boost|p2a: Ogerpon|atk|1\n|move|p2a: Ogerpon|Ivy Cudgel|p1a: Ogerpon\n|-damage|p1a: Ogerpon|0 fnt\n|faint|p1a: Ogerpon\n|\n|-weather|none\n|upkeep\n|inactive|Thaderet has 90 seconds left.\n|\n|t:|1695179137\n|switch|p1a: Breloom|Breloom, M|100/100\n|-damage|p1a: Breloom|94/100|[from] Stealth Rock\n|turn|23\n|inactive|oriiiino has 60 seconds left.\n|\n|t:|1695179156\n|switch|p2a: Great Tusk|Great Tusk|100/100\n|-damage|p2a: Great Tusk|98/100|[from] Stealth Rock\n|move|p1a: Breloom|Mach Punch|p2a: Great Tusk\n|-damage|p2a: Great Tusk|77/100\n|\n|-heal|p2a: Great Tusk|84/100|[from] item: Leftovers\n|upkeep\n|turn|24\n|\n|t:|1695179164\n|move|p2a: Great Tusk|Rapid Spin|p1a: Breloom\n|-damage|p1a: Breloom|70/100\n|-boost|p2a: Great Tusk|spe|1\n|-sideend|p2: oriiiino|Stealth Rock|[from] move: Rapid Spin|[of] p2a: Great Tusk\n|move|p1a: Breloom|Bullet Seed|p2a: Great Tusk\n|-supereffective|p2a: Great Tusk\n|-damage|p2a: Great Tusk|60/100\n|-supereffective|p2a: Great Tusk\n|-damage|p2a: Great Tusk|39/100\n|-hitcount|p2a: Great Tusk|2\n|\n|-heal|p2a: Great Tusk|45/100|[from] item: Leftovers\n|upkeep\n|turn|25\n|\n|t:|1695179174\n|-end|p2a: Great Tusk|Protosynthesis|[silent]\n|switch|p2a: Scream Tail|Scream Tail|90/100\n|move|p1a: Breloom|Mach Punch|p2a: Scream Tail\n|-resisted|p2a: Scream Tail\n|-damage|p2a: Scream Tail|84/100\n|\n|-heal|p2a: Scream Tail|90/100|[from] item: Leftovers\n|upkeep\n|turn|26\n|\n|t:|1695179179\n|move|p2a: Scream Tail|Wish|p2a: Scream Tail\n|move|p1a: Breloom|Rock Tomb|p2a: Scream Tail\n|-damage|p2a: Scream Tail|66/100\n|-unboost|p2a: Scream Tail|spe|1\n|\n|-heal|p2a: Scream Tail|72/100|[from] item: Leftovers\n|upkeep\n|turn|27\n|inactive|oriiiino has 90 seconds left.\n|\n|t:|1695179189\n|switch|p1a: Cinderace|Cinderace, M, shiny|100/100\n|move|p2a: Scream Tail|Encore||[still]\n|-fail|p2a: Scream Tail\n|\n|-heal|p2a: Scream Tail|100/100|[from] move: Wish|[wisher] Scream Tail\n|upkeep\n|turn|28\n|inactive|Thaderet has 120 seconds left.\n|inactive|oriiiino has 90 seconds left.\n|\n|t:|1695179202\n|move|p1a: Cinderace|Court Change|p1a: Cinderace\n|-start|p1a: Cinderace|typechange|Normal|[from] ability: Libero\n|-swapsideconditions\n|-activate|p1a: Cinderace|move: Court Change\n|move|p2a: Scream Tail|Wish|p2a: Scream Tail\n|\n|upkeep\n|turn|29\n|inactive|Thaderet has 120 seconds left.\n|\n|t:|1695179213\n|-end|p2a: Scream Tail|Protosynthesis|[silent]\n|switch|p2a: Great Tusk|Great Tusk|45/100\n|-damage|p2a: Great Tusk|42/100|[from] Stealth Rock\n|move|p1a: Cinderace|Pyro Ball|p2a: Great Tusk\n|-damage|p2a: Great Tusk|20/100\n|\n|-heal|p2a: Great Tusk|79/100|[from] move: Wish|[wisher] Scream Tail\n|-heal|p2a: Great Tusk|85/100|[from] item: Leftovers\n|upkeep\n|turn|30\n|inactive|Thaderet has 120 seconds left.\n|\n|t:|1695179225\n|move|p1a: Cinderace|High Jump Kick|p2a: Great Tusk\n|-damage|p2a: Great Tusk|61/100\n|move|p2a: Great Tusk|Stealth Rock|p1a: Cinderace\n|-sidestart|p1: Thaderet|move: Stealth Rock\n|\n|-heal|p2a: Great Tusk|67/100|[from] item: Leftovers\n|upkeep\n|turn|31\n|inactive|Thaderet has 120 seconds left.\n|\n|t:|1695179236\n|move|p1a: Cinderace|Pyro Ball|p2a: Great Tusk\n|-damage|p2a: Great Tusk|44/100\n|move|p2a: Great Tusk|Knock Off|p1a: Cinderace\n|-damage|p1a: Cinderace|63/100\n|-enditem|p1a: Cinderace|Heavy-Duty Boots|[from] move: Knock Off|[of] p2a: Great Tusk\n|\n|-heal|p2a: Great Tusk|50/100|[from] item: Leftovers\n|upkeep\n|turn|32\n|inactive|Thaderet has 120 seconds left.\n|\n|t:|1695179241\n|move|p1a: Cinderace|Pyro Ball|p2a: Great Tusk\n|-damage|p2a: Great Tusk|29/100\n|move|p2a: Great Tusk|Earthquake|p1a: Cinderace\n|-damage|p1a: Cinderace|0 fnt\n|faint|p1a: Cinderace\n|\n|-heal|p2a: Great Tusk|35/100|[from] item: Leftovers\n|upkeep\n|inactive|Thaderet has 120 seconds left.\n|\n|t:|1695179250\n|switch|p1a: Breloom|Breloom, M|70/100\n|-damage|p1a: Breloom|64/100|[from] Stealth Rock\n|turn|33\n|\n|t:|1695179253\n|-end|p2a: Great Tusk|Protosynthesis|[silent]\n|switch|p2a: Scream Tail|Scream Tail|100/100\n|-damage|p2a: Scream Tail|88/100|[from] Stealth Rock\n|move|p1a: Breloom|Bullet Seed|p2a: Scream Tail\n|-damage|p2a: Scream Tail|73/100\n|-damage|p2a: Scream Tail|58/100\n|-damage|p2a: Scream Tail|42/100\n|-hitcount|p2a: Scream Tail|3\n|\n|-heal|p2a: Scream Tail|48/100|[from] item: Leftovers\n|upkeep\n|turn|34\n|\n|t:|1695179264\n|move|p2a: Scream Tail|Protect|p2a: Scream Tail\n|-singleturn|p2a: Scream Tail|Protect\n|move|p1a: Breloom|Bullet Seed|p2a: Scream Tail\n|-activate|p2a: Scream Tail|move: Protect\n|\n|-heal|p2a: Scream Tail|55/100|[from] item: Leftovers\n|upkeep\n|turn|35\n|inactive|oriiiino has 120 seconds left.\n|\n|t:|1695179298\n|move|p2a: Scream Tail|Dazzling Gleam|p1a: Breloom\n|-supereffective|p1a: Breloom\n|-damage|p1a: Breloom|0 fnt\n|faint|p1a: Breloom\n|\n|-heal|p2a: Scream Tail|61/100|[from] item: Leftovers\n|upkeep\n|\n|t:|1695179305\n|switch|p1a: Ursaluna|Ursaluna-Bloodmoon, M, tera:Normal|42/100\n|-damage|p1a: Ursaluna|30/100|[from] Stealth Rock\n|turn|36\n|\n|t:|1695179307\n|move|p2a: Scream Tail|Protect|p2a: Scream Tail\n|-singleturn|p2a: Scream Tail|Protect\n|move|p1a: Ursaluna|Blood Moon|p2a: Scream Tail\n|-activate|p2a: Scream Tail|move: Protect\n|\n|-heal|p2a: Scream Tail|67/100|[from] item: Leftovers\n|upkeep\n|turn|37\n|\n|t:|1695179311\n|move|p2a: Scream Tail|Wish|p2a: Scream Tail\n|move|p1a: Ursaluna|Earth Power|p2a: Scream Tail\n|-damage|p2a: Scream Tail|35/100\n|\n|-heal|p2a: Scream Tail|41/100|[from] item: Leftovers\n|upkeep\n|turn|38\n|\n|t:|1695179321\n|move|p2a: Scream Tail|Encore|p1a: Ursaluna\n|-start|p1a: Ursaluna|Encore\n|move|p1a: Ursaluna|Earth Power|p2a: Scream Tail\n|-damage|p2a: Scream Tail|7/100\n|\n|-heal|p2a: Scream Tail|57/100|[from] move: Wish|[wisher] Scream Tail\n|-heal|p2a: Scream Tail|63/100|[from] item: Leftovers\n|upkeep\n|turn|39\n|\n|t:|1695179328\n|move|p2a: Scream Tail|Dazzling Gleam|p1a: Ursaluna\n|-damage|p1a: Ursaluna|15/100\n|move|p1a: Ursaluna|Earth Power|p2a: Scream Tail\n|-damage|p2a: Scream Tail|31/100\n|\n|-heal|p2a: Scream Tail|37/100|[from] item: Leftovers\n|upkeep\n|turn|40\n|\n|t:|1695179330\n|move|p2a: Scream Tail|Dazzling Gleam|p1a: Ursaluna\n|-damage|p1a: Ursaluna|0 fnt\n|faint|p1a: Ursaluna\n|\n|win|oriiiino\n|raw|Thaderet's rating: 1154 &rarr; <strong>1137</strong><br />(-17 for losing)\n|raw|oriiiino's rating: 1262 &rarr; <strong>1279</strong><br />(+17 for winning)\n|c|\u2606Thaderet|Gg\n|c|\u2606oriiiino|g\n|c|\u2606oriiiino|g\n", "uploadtime": 1695179334, "views": 9, "p1id": "thaderet", "p2id": "oriiiino", "formatid": "gen9ou", "rating": 1137, "private": 0, "password": ""}