{"id": "gen9ou-1947618017", "p1": "AWEkwardness", "p2": "grappleman", "format": "gen9ou", "log": "|j|\u2606AWEkwardness\n|j|\u2606grappleman\n|t:|1695178416\n|gametype|singles\n|player|p1|AWEkwardness|depotagent|1000\n|player|p2|grappleman|102|1065\n|teamsize|p1|6\n|teamsize|p2|6\n|gen|9\n|tier|[Gen 9] OU\n|rated|\n|rule|Sleep Clause Mod: Limit one foe put to sleep\n|rule|Species Clause: Limit one of each Pok\u00e9mon\n|rule|OHKO Clause: OHKO moves are banned\n|rule|Evasion Items Clause: Evasion items are banned\n|rule|Evasion Moves Clause: Evasion moves are banned\n|rule|Endless Battle Clause: Forcing endless battles is banned\n|rule|HP Percentage Mod: HP is shown in percentages\n|clearpoke\n|poke|p1|Rillaboom, F|\n|poke|p1|Scizor, F|\n|poke|p1|Enamorus, F|\n|poke|p1|Fezandipiti, M|\n|poke|p1|Magcargo, F|\n|poke|p1|Breloom, M|\n|poke|p2|Chimecho, M|\n|poke|p2|Ursaluna-Bloodmoon, M|\n|poke|p2|Cresselia, F|\n|poke|p2|Kingambit, M|\n|poke|p2|Azumarill, F|\n|poke|p2|Meowscarada, M|\n|teampreview\n|inactive|Battle timer is ON: inactive players will automatically lose when time's up. (requested by AWEkwardness)\n|\n|t:|1695178440\n|start\n|switch|p1a: stinger flynn|Breloom, M, shiny|100/100\n|switch|p2a: Meowscarada|Meowscarada, M|100/100\n|turn|1\n|\n|t:|1695178454\n|move|p1a: stinger flynn|Mach Punch|p2a: Meowscarada\n|-supereffective|p2a: Meowscarada\n|-damage|p2a: Meowscarada|0 fnt\n|faint|p2a: Meowscarada\n|\n|upkeep\n|\n|t:|1695178460\n|switch|p2a: Chimecho|Chimecho, M|100/100\n|turn|2\n|\n|t:|1695178468\n|move|p1a: stinger flynn|Bullet Seed|p2a: Chimecho\n|-damage|p2a: Chimecho|78/100\n|-damage|p2a: Chimecho|56/100\n|-damage|p2a: Chimecho|33/100\n|-damage|p2a: Chimecho|12/100\n|-hitcount|p2a: Chimecho|4\n|move|p2a: Chimecho|Trick Room|p2a: Chimecho\n|-fieldstart|move: Trick Room|[of] p2a: Chimecho\n|\n|upkeep\n|turn|3\n|\n|t:|1695178483\n|move|p1a: stinger flynn|Mach Punch|p2a: Chimecho\n|-resisted|p2a: Chimecho\n|-damage|p2a: Chimecho|0 fnt\n|faint|p2a: Chimecho\n|\n|upkeep\n|\n|t:|1695178489\n|switch|p2a: Ursaluna|Ursaluna-Bloodmoon, M|100/100\n|turn|4\n|\n|t:|1695178494\n|-terastallize|p2a: Ursaluna|Ghost\n|move|p2a: Ursaluna|Blood Moon|p1a: stinger flynn\n|-enditem|p2a: Ursaluna|Normal Gem|[from] gem\n|-damage|p1a: stinger flynn|0 fnt\n|faint|p1a: stinger flynn\n|\n|upkeep\n|\n|t:|1695178510\n|switch|p1a: jumbo josh|Rillaboom, F|100/100\n|-fieldstart|move: Grassy Terrain|[from] ability: Grassy Surge|[of] p1a: jumbo josh\n|-enditem|p1a: jumbo josh|Grassy Seed\n|-boost|p1a: jumbo josh|def|1|[from] item: Grassy Seed\n|turn|5\n|\n|t:|1695178518\n|move|p2a: Ursaluna|Calm Mind|p2a: Ursaluna\n|-boost|p2a: Ursaluna|spa|1\n|-boost|p2a: Ursaluna|spd|1\n|move|p1a: jumbo josh|Knock Off|p2a: Ursaluna\n|-supereffective|p2a: Ursaluna\n|-damage|p2a: Ursaluna|70/100\n|\n|-heal|p2a: Ursaluna|76/100|[from] Grassy Terrain\n|upkeep\n|turn|6\n|\n|t:|1695178541\n|move|p1a: jumbo josh|Grassy Glide|p2a: Ursaluna\n|-damage|p2a: Ursaluna|51/100\n|move|p2a: Ursaluna|Blood Moon|p1a: jumbo josh\n|-crit|p1a: jumbo josh\n|-damage|p1a: jumbo josh|0 fnt\n|faint|p1a: jumbo josh\n|\n|-heal|p2a: Ursaluna|57/100|[from] Grassy Terrain\n|-fieldend|move: Trick Room\n|upkeep\n|inactive|AWEkwardness has 120 seconds left.\n|\n|t:|1695178568\n|switch|p1a: ban ban|Scizor, F|100/100\n|turn|7\n|\n|t:|1695178590\n|move|p1a: ban ban|Bullet Punch|p2a: Ursaluna\n|-damage|p2a: Ursaluna|24/100\n|move|p2a: Ursaluna|Earth Power|p1a: ban ban\n|-damage|p1a: ban ban|8/100\n|\n|-heal|p1a: ban ban|14/100|[from] Grassy Terrain\n|-heal|p2a: Ursaluna|30/100|[from] Grassy Terrain\n|upkeep\n|turn|8\n|\n|t:|1695178601\n|move|p1a: ban ban|Bullet Punch|p2a: Ursaluna\n|-damage|p2a: Ursaluna|0 fnt\n|faint|p2a: Ursaluna\n|\n|-heal|p1a: ban ban|20/100|[from] Grassy Terrain\n|upkeep\n|\n|t:|1695178610\n|switch|p2a: Kingambit|Kingambit, M|100/100\n|-activate|p2a: Kingambit|ability: Supreme Overlord\n|-start|p2a: Kingambit|fallen3|[silent]\n|turn|9\n|\n|t:|1695178621\n|move|p1a: ban ban|Bullet Punch|p2a: Kingambit\n|-resisted|p2a: Kingambit\n|-damage|p2a: Kingambit|83/100\n|move|p2a: Kingambit|Sucker Punch||[still]\n|-fail|p2a: Kingambit\n|\n|-heal|p1a: ban ban|26/100|[from] Grassy Terrain\n|-heal|p2a: Kingambit|89/100|[from] Grassy Terrain\n|-fieldend|move: Grassy Terrain\n|upkeep\n|turn|10\n|\n|t:|1695178631\n|switch|p1a: slow seline|Magcargo, F|100/100\n|move|p2a: Kingambit|Kowtow Cleave|p1a: slow seline\n|-damage|p1a: slow seline|33/100\n|\n|upkeep\n|turn|11\n|\n|t:|1695178641\n|move|p2a: Kingambit|Sucker Punch|p1a: slow seline\n|-damage|p1a: slow seline|0 fnt\n|-status|p2a: Kingambit|brn|[from] ability: Flame Body|[of] p1a: slow seline\n|faint|p1a: slow seline\n|\n|-damage|p2a: Kingambit|83/100 brn|[from] brn\n|upkeep\n|\n|t:|1695178646\n|switch|p1a: ban ban|Scizor, F|26/100\n|turn|12\n|\n|t:|1695178660\n|-end|p2a: Kingambit|fallen3|[silent]\n|switch|p2a: Cresselia|Cresselia, F|100/100\n|move|p1a: ban ban|Close Combat|p2a: Cresselia\n|-resisted|p2a: Cresselia\n|-damage|p2a: Cresselia|78/100\n|-unboost|p1a: ban ban|def|1\n|-unboost|p1a: ban ban|spd|1\n|\n|upkeep\n|turn|13\n|\n|t:|1695178674\n|switch|p1a: banbaleena|Enamorus, F|100/100\n|move|p2a: Cresselia|Trick Room|p2a: Cresselia\n|-fieldstart|move: Trick Room|[of] p2a: Cresselia\n|\n|upkeep\n|turn|14\n|\n|t:|1695178680\n|switch|p2a: Azumarill|Azumarill, F|100/100\n|move|p1a: banbaleena|Superpower|p2a: Azumarill\n|-resisted|p2a: Azumarill\n|-damage|p2a: Azumarill|82/100\n|-boost|p1a: banbaleena|atk|1\n|-boost|p1a: banbaleena|def|1\n|\n|upkeep\n|turn|15\n|\n|t:|1695178689\n|move|p2a: Azumarill|Belly Drum|p2a: Azumarill\n|-damage|p2a: Azumarill|32/100\n|-setboost|p2a: Azumarill|atk|6|[from] move: Belly Drum\n|-enditem|p2a: Azumarill|Sitrus Berry|[eat]\n|-heal|p2a: Azumarill|57/100|[from] item: Sitrus Berry\n|move|p1a: banbaleena|Iron Head|p2a: Azumarill\n|-damage|p2a: Azumarill|17/100\n|\n|upkeep\n|turn|16\n|\n|t:|1695178707\n|move|p2a: Azumarill|Play Rough|p1a: banbaleena\n|-crit|p1a: banbaleena\n|-damage|p1a: banbaleena|0 fnt\n|faint|p1a: banbaleena\n|\n|upkeep\n|\n|t:|1695178711\n|switch|p1a: ban ban|Scizor, F|26/100\n|turn|17\n|\n|t:|1695178714\n|switch|p2a: Kingambit|Kingambit, M|83/100 brn\n|-activate|p2a: Kingambit|ability: Supreme Overlord\n|-start|p2a: Kingambit|fallen3|[silent]\n|move|p1a: ban ban|Bullet Punch|p2a: Kingambit\n|-resisted|p2a: Kingambit\n|-damage|p2a: Kingambit|64/100 brn\n|\n|-damage|p2a: Kingambit|57/100 brn|[from] brn\n|-fieldend|move: Trick Room\n|upkeep\n|turn|18\n|\n|t:|1695178725\n|switch|p1a: opila bird|Fezandipiti, M|100/100\n|move|p2a: Kingambit|Sucker Punch||[still]\n|-fail|p2a: Kingambit\n|\n|-damage|p2a: Kingambit|51/100 brn|[from] brn\n|upkeep\n|turn|19\n|\n|t:|1695178739\n|-terastallize|p1a: opila bird|Steel\n|move|p1a: opila bird|U-turn|p2a: Kingambit\n|-damage|p2a: Kingambit|31/100 brn\n|\n|t:|1695178743\n|switch|p1a: ban ban|Scizor, F|26/100|[from] U-turn\n|move|p2a: Kingambit|Kowtow Cleave|p1a: ban ban\n|-damage|p1a: ban ban|0 fnt\n|faint|p1a: ban ban\n|\n|-damage|p2a: Kingambit|25/100 brn|[from] brn\n|upkeep\n|\n|t:|1695178746\n|switch|p1a: opila bird|Fezandipiti, M, tera:Steel|100/100\n|turn|20\n|\n|t:|1695178775\n|move|p2a: Kingambit|Sucker Punch|p1a: opila bird\n|-damage|p1a: opila bird|59/100\n|move|p1a: opila bird|Play Rough|p2a: Kingambit\n|-damage|p2a: Kingambit|0 fnt\n|faint|p2a: Kingambit\n|-end|p2a: Kingambit|fallen3|[silent]\n|\n|upkeep\n|\n|t:|1695178784\n|switch|p2a: Cresselia|Cresselia, F|78/100\n|turn|21\n|\n|t:|1695178789\n|move|p1a: opila bird|Play Rough|p2a: Cresselia\n|-damage|p2a: Cresselia|36/100\n|move|p2a: Cresselia|Trick Room|p2a: Cresselia\n|-fieldstart|move: Trick Room|[of] p2a: Cresselia\n|\n|upkeep\n|turn|22\n|\n|t:|1695178795\n|move|p2a: Cresselia|Lunar Dance|p2a: Cresselia\n|faint|p2a: Cresselia\n|move|p1a: opila bird|Play Rough|p2: Cresselia|[notarget]\n|-fail|p1a: opila bird\n|\n|upkeep\n|\n|t:|1695178800\n|switch|p2a: Azumarill|Azumarill, F|17/100\n|-heal|p2a: Azumarill|100/100|[from] move: Lunar Dance\n|turn|23\n|\n|t:|1695178809\n|move|p2a: Azumarill|Play Rough|p1a: opila bird\n|-resisted|p1a: opila bird\n|-damage|p1a: opila bird|23/100\n|move|p1a: opila bird|Play Rough|p2a: Azumarill\n|-damage|p2a: Azumarill|44/100\n|-status|p2a: Azumarill|tox|[from] ability: Toxic Chain|[of] p1a: opila bird\n|\n|-damage|p2a: Azumarill|38/100 tox|[from] psn\n|upkeep\n|turn|24\n|\n|t:|1695178821\n|move|p2a: Azumarill|Aqua Jet|p1a: opila bird\n|-crit|p1a: opila bird\n|-damage|p1a: opila bird|0 fnt\n|faint|p1a: opila bird\n|\n|win|grappleman\n|raw|AWEkwardness's rating: 1000 &rarr; <strong>1000</strong><br />(+0 for losing)\n|raw|grappleman's rating: 1065 &rarr; <strong>1090</strong><br />(+25 for winning)\n", "uploadtime": 1695178830, "views": 4, "p1id": "awekwardness", "p2id": "grappleman", "formatid": "gen9ou", "rating": 1000, "private": 0, "password": ""}