{"id": "gen9ou-1947552696", "p1": "LiveLaughLanzhu", "p2": "notudei", "format": "gen9ou", "log": "|j|\u2606LiveLaughLanzhu\n|j|\u2606notudei\n|t:|1695171875\n|gametype|singles\n|player|p1|LiveLaughLanzhu|iono|\n|player|p2|notudei|cynthia-gen4|\n|teamsize|p1|6\n|teamsize|p2|6\n|gen|9\n|tier|[Gen 9] OU\n|rule|Sleep Clause Mod: Limit one foe put to sleep\n|rule|Species Clause: Limit one of each Pok\u00e9mon\n|rule|OHKO Clause: OHKO moves are banned\n|rule|Evasion Items Clause: Evasion items are banned\n|rule|Evasion Moves Clause: Evasion moves are banned\n|rule|Endless Battle Clause: Forcing endless battles is banned\n|rule|HP Percentage Mod: HP is shown in percentages\n|clearpoke\n|poke|p1|Dipplin, F|\n|poke|p1|Greninja-*, M|\n|poke|p1|Dondozo, F|\n|poke|p1|Dragonite, F|\n|poke|p1|Glimmora, F|\n|poke|p1|Ursaluna-Bloodmoon, M|\n|poke|p2|Samurott-Hisui, M|\n|poke|p2|Iron Valiant|\n|poke|p2|Gliscor, M|\n|poke|p2|Hatterene, F|\n|poke|p2|Zapdos|\n|poke|p2|Ogerpon-Wellspring, F|\n|teampreview\n|c|\u2606notudei|Memo is the worst!\n|c|\u2606notudei|oh you were not here\n|j| Memicchu\n|\n|t:|1695171907\n|start\n|switch|p1a: Dragonite|Dragonite, F|100/100\n|switch|p2a: Samurott|Samurott-Hisui, M, shiny|100/100\n|turn|1\n|c|\u2606notudei|I'll repeat\n|c|\u2606notudei|Memo is the worst!\n|\n|t:|1695171916\n|move|p2a: Samurott|Taunt|p1a: Dragonite\n|-start|p1a: Dragonite|move: Taunt\n|cant|p1a: Dragonite|move: Taunt|Dragon Dance\n|\n|upkeep\n|turn|2\n|\n|t:|1695171924\n|switch|p1a: Dipplin|Dipplin, F|100/100\n|move|p2a: Samurott|Ceaseless Edge|p1a: Dipplin\n|-damage|p1a: Dipplin|74/100\n|-sidestart|p1: LiveLaughLanzhu|Spikes\n|\n|upkeep\n|turn|3\n|\n|t:|1695171939\n|move|p2a: Samurott|Ceaseless Edge|p1a: Dipplin\n|-damage|p1a: Dipplin|49/100\n|-sidestart|p1: LiveLaughLanzhu|Spikes\n|move|p1a: Dipplin|Energy Ball|p2a: Samurott\n|-supereffective|p2a: Samurott\n|-damage|p2a: Samurott|14/100\n|\n|upkeep\n|turn|4\n|\n|t:|1695171947\n|move|p2a: Samurott|Ceaseless Edge|p1a: Dipplin\n|-damage|p1a: Dipplin|26/100\n|-sidestart|p1: LiveLaughLanzhu|Spikes\n|move|p1a: Dipplin|Recover|p1a: Dipplin\n|-heal|p1a: Dipplin|76/100\n|\n|upkeep\n|turn|5\n|\n|t:|1695171954\n|move|p2a: Samurott|Ceaseless Edge|p1a: Dipplin\n|-damage|p1a: Dipplin|51/100\n|move|p1a: Dipplin|Energy Ball|p2a: Samurott\n|-supereffective|p2a: Samurott\n|-damage|p2a: Samurott|0 fnt\n|faint|p2a: Samurott\n|\n|upkeep\n|c|\u2606notudei|I mean not wrong lmao\n|\n|t:|1695171978\n|switch|p2a: Hatterene|Hatterene, F|100/100\n|turn|6\n|\n|t:|1695171998\n|switch|p1a: Ursaluna|Ursaluna-Bloodmoon, M|100/100\n|-damage|p1a: Ursaluna|76/100|[from] Spikes\n|move|p2a: Hatterene|Psyshock|p1a: Ursaluna\n|-damage|p1a: Ursaluna|42/100\n|\n|upkeep\n|turn|7\n|\n|t:|1695172006\n|move|p1a: Ursaluna|Blood Moon|p2a: Hatterene\n|-damage|p2a: Hatterene|8/100\n|-enditem|p2a: Hatterene|Eject Button\n|\n|t:|1695172020\n|switch|p2a: Iron Valiant|Iron Valiant|100/100\n|\n|upkeep\n|turn|8\n|\n|t:|1695172033\n|move|p2a: Iron Valiant|Aura Sphere|p1a: Ursaluna\n|-supereffective|p1a: Ursaluna\n|-damage|p1a: Ursaluna|0 fnt\n|faint|p1a: Ursaluna\n|\n|upkeep\n|\n|t:|1695172075\n|switch|p1a: Dragonite|Dragonite, F|100/100\n|turn|9\n|\n|t:|1695172082\n|-end|p2a: Iron Valiant|Quark Drive|[silent]\n|switch|p2a: Zapdos|Zapdos|100/100\n|move|p1a: Dragonite|Dragon Dance|p1a: Dragonite\n|-boost|p1a: Dragonite|atk|1\n|-boost|p1a: Dragonite|spe|1\n|\n|upkeep\n|turn|10\n|\n|t:|1695172087\n|move|p1a: Dragonite|Ice Spinner|p2a: Zapdos\n|-supereffective|p2a: Zapdos\n|-damage|p2a: Zapdos|0 fnt\n|-status|p1a: Dragonite|par|[from] ability: Static|[of] p2a: Zapdos\n|faint|p2a: Zapdos\n|\n|upkeep\n|\n|t:|1695172099\n|switch|p2a: Iron Valiant|Iron Valiant|100/100\n|turn|11\n|\n|t:|1695172103\n|move|p1a: Dragonite|Extreme Speed|p2a: Iron Valiant\n|-damage|p2a: Iron Valiant|41/100\n|move|p2a: Iron Valiant|Moonblast|p1a: Dragonite\n|-supereffective|p1a: Dragonite\n|-damage|p1a: Dragonite|24/100 par\n|-enditem|p1a: Dragonite|Weakness Policy\n|-boost|p1a: Dragonite|atk|2|[from] item: Weakness Policy\n|-boost|p1a: Dragonite|spa|2|[from] item: Weakness Policy\n|\n|upkeep\n|turn|12\n|\n|t:|1695172109\n|-end|p2a: Iron Valiant|Quark Drive|[silent]\n|switch|p2a: Hatterene|Hatterene, F|8/100\n|move|p1a: Dragonite|Extreme Speed|p2a: Hatterene\n|-damage|p2a: Hatterene|0 fnt\n|faint|p2a: Hatterene\n|\n|upkeep\n|\n|t:|1695172117\n|switch|p2a: Ogerpon|Ogerpon-Wellspring, F|100/100\n|turn|13\n|\n|t:|1695172120\n|-terastallize|p2a: Ogerpon|Water\n|detailschange|p2a: Ogerpon|Ogerpon-Wellspring-Tera, F, tera:Water\n|-ability|p2a: Ogerpon|Embody Aspect (Wellspring)|boost\n|-boost|p2a: Ogerpon|spd|1\n|move|p1a: Dragonite|Extreme Speed|p2a: Ogerpon\n|-damage|p2a: Ogerpon|0 fnt\n|faint|p2a: Ogerpon\n|\n|upkeep\n|\n|t:|1695172128\n|switch|p2a: Gliscor|Gliscor, M, shiny|100/100\n|turn|14\n|\n|t:|1695172131\n|cant|p1a: Dragonite|par\n|move|p2a: Gliscor|Knock Off|p1a: Dragonite\n|-damage|p1a: Dragonite|8/100 par\n|\n|-status|p2a: Gliscor|tox|[from] item: Toxic Orb\n|upkeep\n|turn|15\n|\n|t:|1695172136\n|move|p2a: Gliscor|Protect|p2a: Gliscor\n|-singleturn|p2a: Gliscor|Protect\n|cant|p1a: Dragonite|par\n|\n|upkeep\n|turn|16\n|\n|t:|1695172140\n|move|p1a: Dragonite|Extreme Speed|p2a: Gliscor\n|-damage|p2a: Gliscor|53/100 tox\n|move|p2a: Gliscor|Earthquake|p1a: Dragonite\n|-immune|p1a: Dragonite\n|\n|-heal|p2a: Gliscor|66/100 tox|[from] ability: Poison Heal\n|upkeep\n|turn|17\n|\n|t:|1695172152\n|-terastallize|p1a: Dragonite|Normal\n|move|p1a: Dragonite|Extreme Speed|p2a: Gliscor\n|-damage|p2a: Gliscor|0 fnt\n|faint|p2a: Gliscor\n|\n|upkeep\n|c|\u2606notudei|shhhhhhhhhhh\n|\n|t:|1695172156\n|switch|p2a: Iron Valiant|Iron Valiant|41/100\n|turn|18\n|\n|t:|1695172159\n|move|p1a: Dragonite|Extreme Speed|p2a: Iron Valiant\n|-damage|p2a: Iron Valiant|0 fnt\n|faint|p2a: Iron Valiant\n|-end|p2a: Iron Valiant|Quark Drive|[silent]\n|\n|win|LiveLaughLanzhu\n", "uploadtime": 1695172168, "views": 6, "p1id": "livelaughlanzhu", "p2id": "notudei", "formatid": "gen9ou", "rating": 0, "private": 0, "password": ""}