{"id": "gen9ou-1947694275", "p1": "Versalius", "p2": "Originalfake", "format": "gen9ou", "log": "|j|\u2606Versalius\n|j|\u2606Originalfake\n|t:|1695188195\n|gametype|singles\n|player|p1|Versalius|2|1205\n|player|p2|Originalfake|burglar|1145\n|teamsize|p1|6\n|teamsize|p2|6\n|gen|9\n|tier|[Gen 9] OU\n|rated|\n|rule|Sleep Clause Mod: Limit one foe put to sleep\n|rule|Species Clause: Limit one of each Pok\u00e9mon\n|rule|OHKO Clause: OHKO moves are banned\n|rule|Evasion Items Clause: Evasion items are banned\n|rule|Evasion Moves Clause: Evasion moves are banned\n|rule|Endless Battle Clause: Forcing endless battles is banned\n|rule|HP Percentage Mod: HP is shown in percentages\n|clearpoke\n|poke|p1|Pelipper, M|\n|poke|p1|Zapdos|\n|poke|p1|Volcanion|\n|poke|p1|Iron Treads|\n|poke|p1|Basculegion, M|\n|poke|p1|Milotic, F|\n|poke|p2|Heracross, F|\n|poke|p2|Blissey, F|\n|poke|p2|Tyranitar, M|\n|poke|p2|Weezing, F|\n|poke|p2|Forretress, F|\n|poke|p2|Dusclops, F|\n|teampreview\n|inactive|Battle timer is ON: inactive players will automatically lose when time's up. (requested by Versalius)\n|c|\u2606Versalius|Interesting... Stall?\n|inactive|Originalfake has 120 seconds left.\n|c|\u2606Versalius|Cmon let's go\n|\n|t:|1695188246\n|start\n|switch|p1a: Pelipper|Pelipper, M|100/100\n|switch|p2a: Dusclops|Dusclops, F|100/100\n|-weather|RainDance|[from] ability: Drizzle|[of] p1a: Pelipper\n|-ability|p2a: Dusclops|Pressure\n|turn|1\n|\n|t:|1695188255\n|move|p2a: Dusclops|Protect|p2a: Dusclops\n|-singleturn|p2a: Dusclops|Protect\n|move|p1a: Pelipper|U-turn|p2a: Dusclops\n|-activate|p2a: Dusclops|move: Protect\n|\n|-weather|RainDance|[upkeep]\n|upkeep\n|turn|2\n|\n|t:|1695188262\n|move|p1a: Pelipper|U-turn|p2a: Dusclops\n|-resisted|p2a: Dusclops\n|-damage|p2a: Dusclops|97/100\n|\n|t:|1695188265\n|switch|p1a: Volcanion|Volcanion|100/100|[from] U-turn\n|move|p2a: Dusclops|Curse|p1a: Volcanion\n|-start|p1a: Volcanion|Curse|[of] p2a: Dusclops\n|-damage|p2a: Dusclops|47/100\n|\n|-weather|RainDance|[upkeep]\n|-heal|p2a: Dusclops|53/100|[from] item: Leftovers\n|-damage|p1a: Volcanion|76/100|[from] Curse\n|upkeep\n|turn|3\n|\n|t:|1695188275\n|move|p2a: Dusclops|Protect|p2a: Dusclops\n|-singleturn|p2a: Dusclops|Protect\n|move|p1a: Volcanion|Steam Eruption|p2a: Dusclops\n|-activate|p2a: Dusclops|move: Protect\n|\n|-weather|RainDance|[upkeep]\n|-heal|p2a: Dusclops|59/100|[from] item: Leftovers\n|-damage|p1a: Volcanion|51/100|[from] Curse\n|upkeep\n|turn|4\n|\n|t:|1695188287\n|switch|p2a: Blissey|Blissey, F|100/100\n|move|p1a: Volcanion|Steam Eruption|p2a: Blissey\n|-damage|p2a: Blissey|41/100\n|\n|-weather|RainDance|[upkeep]\n|-heal|p2a: Blissey|47/100|[from] item: Leftovers\n|-damage|p1a: Volcanion|26/100|[from] Curse\n|upkeep\n|turn|5\n|\n|t:|1695188298\n|move|p1a: Volcanion|Steam Eruption|p2a: Blissey\n|-damage|p2a: Blissey|0 fnt\n|faint|p2a: Blissey\n|\n|-weather|RainDance|[upkeep]\n|-damage|p1a: Volcanion|1/100|[from] Curse\n|upkeep\n|\n|t:|1695188314\n|switch|p2a: Dusclops|Dusclops, F|59/100\n|-ability|p2a: Dusclops|Pressure\n|turn|6\n|\n|t:|1695188324\n|switch|p1a: Zapdos|Zapdos|100/100\n|move|p2a: Dusclops|Protect||[still]\n|-fail|p2a: Dusclops\n|\n|-weather|RainDance|[upkeep]\n|-heal|p2a: Dusclops|65/100|[from] item: Leftovers\n|upkeep\n|turn|7\n|\n|t:|1695188330\n|move|p1a: Zapdos|Thunder|p2a: Dusclops\n|-damage|p2a: Dusclops|12/100\n|move|p2a: Dusclops|Pain Split|p1a: Zapdos\n|-sethp|p1a: Zapdos|56/100|[from] move: Pain Split|[silent]\n|-sethp|p2a: Dusclops|63/100|[from] move: Pain Split\n|\n|-weather|RainDance|[upkeep]\n|-heal|p2a: Dusclops|69/100|[from] item: Leftovers\n|upkeep\n|turn|8\n|\n|t:|1695188339\n|move|p2a: Dusclops|Protect|p2a: Dusclops\n|-singleturn|p2a: Dusclops|Protect\n|move|p1a: Zapdos|Roost|p1a: Zapdos\n|-heal|p1a: Zapdos|100/100\n|-singleturn|p1a: Zapdos|move: Roost\n|\n|-weather|none\n|-heal|p2a: Dusclops|75/100|[from] item: Leftovers\n|upkeep\n|turn|9\n|\n|t:|1695188347\n|move|p1a: Zapdos|Volt Switch|p2a: Dusclops\n|-damage|p2a: Dusclops|43/100\n|\n|t:|1695188350\n|switch|p1a: Pelipper|Pelipper, M|100/100|[from] Volt Switch\n|-weather|RainDance|[from] ability: Drizzle|[of] p1a: Pelipper\n|move|p2a: Dusclops|Pain Split|p1a: Pelipper\n|-sethp|p1a: Pelipper|69/100|[from] move: Pain Split|[silent]\n|-sethp|p2a: Dusclops|78/100|[from] move: Pain Split\n|\n|-weather|RainDance|[upkeep]\n|-heal|p2a: Dusclops|84/100|[from] item: Leftovers\n|upkeep\n|turn|10\n|\n|t:|1695188361\n|move|p2a: Dusclops|Protect|p2a: Dusclops\n|-singleturn|p2a: Dusclops|Protect\n|move|p1a: Pelipper|U-turn|p2a: Dusclops\n|-activate|p2a: Dusclops|move: Protect\n|\n|-weather|RainDance|[upkeep]\n|-heal|p2a: Dusclops|90/100|[from] item: Leftovers\n|upkeep\n|turn|11\n|\n|t:|1695188384\n|switch|p2a: Tyranitar|Tyranitar, M|100/100\n|-weather|Sandstorm|[from] ability: Sand Stream|[of] p2a: Tyranitar\n|move|p1a: Pelipper|U-turn|p2a: Tyranitar\n|-supereffective|p2a: Tyranitar\n|-damage|p2a: Tyranitar|85/100\n|\n|t:|1695188392\n|switch|p1a: Basculegion|Basculegion, M|100/100|[from] U-turn\n|\n|-weather|Sandstorm|[upkeep]\n|-damage|p1a: Basculegion|94/100|[from] Sandstorm\n|-heal|p2a: Tyranitar|91/100|[from] item: Leftovers\n|upkeep\n|turn|12\n|\n|t:|1695188401\n|switch|p2a: Weezing|Weezing, F|100/100\n|move|p1a: Basculegion|Flip Turn|p2a: Weezing\n|-damage|p2a: Weezing|69/100\n|\n|t:|1695188406\n|switch|p1a: Pelipper|Pelipper, M|69/100|[from] Flip Turn\n|-weather|RainDance|[from] ability: Drizzle|[of] p1a: Pelipper\n|\n|-weather|RainDance|[upkeep]\n|-heal|p2a: Weezing|75/100|[from] item: Black Sludge\n|upkeep\n|turn|13\n|\n|t:|1695188419\n|move|p1a: Pelipper|U-turn|p2a: Weezing\n|-resisted|p2a: Weezing\n|-damage|p2a: Weezing|72/100\n|\n|t:|1695188427\n|switch|p1a: Iron Treads|Iron Treads|100/100|[from] U-turn\n|move|p2a: Weezing|Will-O-Wisp|p1a: Iron Treads\n|-status|p1a: Iron Treads|brn\n|\n|-weather|RainDance|[upkeep]\n|-heal|p2a: Weezing|78/100|[from] item: Black Sludge\n|-damage|p1a: Iron Treads|94/100 brn|[from] brn\n|upkeep\n|turn|14\n|\n|t:|1695188440\n|switch|p2a: Forretress|Forretress, F|100/100\n|move|p1a: Iron Treads|Stealth Rock|p2a: Forretress\n|-sidestart|p2: Originalfake|move: Stealth Rock\n|\n|-weather|RainDance|[upkeep]\n|-heal|p1a: Iron Treads|100/100 brn|[from] item: Leftovers\n|-damage|p1a: Iron Treads|94/100 brn|[from] brn\n|upkeep\n|turn|15\n|\n|t:|1695188445\n|-end|p1a: Iron Treads|Quark Drive|[silent]\n|switch|p1a: Basculegion|Basculegion, M|94/100\n|move|p2a: Forretress|Spikes|p1a: Basculegion\n|-sidestart|p1: Versalius|Spikes\n|\n|-weather|RainDance|[upkeep]\n|upkeep\n|turn|16\n|inactive|Originalfake has 120 seconds left.\n|\n|t:|1695188475\n|-terastallize|p1a: Basculegion|Water\n|move|p1a: Basculegion|Wave Crash|p2a: Forretress\n|-ability|p2a: Forretress|Sturdy\n|-damage|p2a: Forretress|1/100\n|-damage|p1a: Basculegion|67/100|[from] Recoil\n|move|p2a: Forretress|Earthquake|p1a: Basculegion\n|-damage|p1a: Basculegion|32/100\n|\n|-weather|RainDance|[upkeep]\n|-heal|p2a: Forretress|7/100|[from] item: Leftovers\n|upkeep\n|turn|17\n|inactive|Originalfake has 120 seconds left.\n|\n|t:|1695188488\n|move|p1a: Basculegion|Wave Crash|p2a: Forretress\n|-damage|p2a: Forretress|0 fnt\n|faint|p2a: Forretress\n|-damage|p1a: Basculegion|30/100|[from] Recoil\n|\n|-weather|RainDance|[upkeep]\n|upkeep\n|inactive|Originalfake has 120 seconds left.\n|\n|t:|1695188510\n|switch|p2a: Dusclops|Dusclops, F|90/100\n|-damage|p2a: Dusclops|78/100|[from] Stealth Rock\n|-ability|p2a: Dusclops|Pressure\n|turn|18\n|\n|t:|1695188521\n|move|p2a: Dusclops|Protect|p2a: Dusclops\n|-singleturn|p2a: Dusclops|Protect\n|move|p1a: Basculegion|Wave Crash|p2a: Dusclops\n|-activate|p2a: Dusclops|move: Protect\n|\n|-weather|RainDance|[upkeep]\n|-heal|p2a: Dusclops|84/100|[from] item: Leftovers\n|upkeep\n|turn|19\n|inactive|Originalfake has 120 seconds left.\n|\n|t:|1695188528\n|move|p1a: Basculegion|Wave Crash|p2a: Dusclops\n|-damage|p2a: Dusclops|0 fnt\n|faint|p2a: Dusclops\n|-damage|p1a: Basculegion|9/100|[from] Recoil\n|\n|-weather|none\n|upkeep\n|inactive|Originalfake has 120 seconds left.\n|\n|t:|1695188540\n|switch|p2a: Weezing|Weezing, F|78/100\n|-damage|p2a: Weezing|66/100|[from] Stealth Rock\n|turn|20\n|\n|t:|1695188545\n|switch|p1a: Pelipper|Pelipper, M|69/100\n|-weather|RainDance|[from] ability: Drizzle|[of] p1a: Pelipper\n|move|p2a: Weezing|Sludge Bomb|p1a: Pelipper\n|-damage|p1a: Pelipper|34/100\n|-status|p1a: Pelipper|psn\n|\n|-weather|RainDance|[upkeep]\n|-heal|p2a: Weezing|72/100|[from] item: Black Sludge\n|-damage|p1a: Pelipper|21/100 psn|[from] psn\n|upkeep\n|turn|21\n|\n|t:|1695188556\n|switch|p2a: Heracross|Heracross, F|100/100\n|-damage|p2a: Heracross|88/100|[from] Stealth Rock\n|move|p1a: Pelipper|Roost|p1a: Pelipper\n|-heal|p1a: Pelipper|71/100 psn\n|-singleturn|p1a: Pelipper|move: Roost\n|\n|-weather|RainDance|[upkeep]\n|-damage|p1a: Pelipper|59/100 psn|[from] psn\n|upkeep\n|turn|22\n|\n|t:|1695188562\n|move|p2a: Heracross|Substitute|p2a: Heracross\n|-start|p2a: Heracross|Substitute\n|-damage|p2a: Heracross|63/100\n|move|p1a: Pelipper|Hurricane|p2a: Heracross\n|-supereffective|p2a: Heracross\n|-end|p2a: Heracross|Substitute\n|\n|-weather|RainDance|[upkeep]\n|-damage|p1a: Pelipper|47/100 psn|[from] psn\n|upkeep\n|turn|23\n|\n|t:|1695188580\n|switch|p2a: Tyranitar|Tyranitar, M|91/100\n|-damage|p2a: Tyranitar|79/100|[from] Stealth Rock\n|-weather|Sandstorm|[from] ability: Sand Stream|[of] p2a: Tyranitar\n|move|p1a: Pelipper|Hurricane|p2a: Tyranitar\n|-resisted|p2a: Tyranitar\n|-damage|p2a: Tyranitar|67/100\n|\n|-weather|Sandstorm|[upkeep]\n|-damage|p1a: Pelipper|40/100 psn|[from] Sandstorm\n|-heal|p2a: Tyranitar|73/100|[from] item: Leftovers\n|-damage|p1a: Pelipper|28/100 psn|[from] psn\n|upkeep\n|turn|24\n|\n|t:|1695188595\n|switch|p1a: Iron Treads|Iron Treads|94/100 brn\n|-damage|p1a: Iron Treads|82/100 brn|[from] Spikes\n|move|p2a: Tyranitar|Substitute|p2a: Tyranitar\n|-start|p2a: Tyranitar|Substitute\n|-damage|p2a: Tyranitar|48/100\n|\n|-weather|Sandstorm|[upkeep]\n|-heal|p1a: Iron Treads|88/100 brn|[from] item: Leftovers\n|-heal|p2a: Tyranitar|54/100|[from] item: Leftovers\n|-damage|p1a: Iron Treads|82/100 brn|[from] brn\n|upkeep\n|turn|25\n|\n|t:|1695188607\n|move|p1a: Iron Treads|Rapid Spin|p2a: Tyranitar\n|-resisted|p2a: Tyranitar\n|-activate|p2a: Tyranitar|move: Substitute|[damage]\n|-sideend|p1: Versalius|Spikes|[from] move: Rapid Spin|[of] p1a: Iron Treads\n|-boost|p1a: Iron Treads|spe|1\n|move|p2a: Tyranitar|Dragon Dance|p2a: Tyranitar\n|-boost|p2a: Tyranitar|atk|1\n|-boost|p2a: Tyranitar|spe|1\n|\n|-weather|Sandstorm|[upkeep]\n|-heal|p1a: Iron Treads|88/100 brn|[from] item: Leftovers\n|-heal|p2a: Tyranitar|60/100|[from] item: Leftovers\n|-damage|p1a: Iron Treads|82/100 brn|[from] brn\n|upkeep\n|turn|26\n|\n|t:|1695188612\n|-end|p1a: Iron Treads|Quark Drive|[silent]\n|switch|p1a: Pelipper|Pelipper, M|28/100 psn\n|-weather|RainDance|[from] ability: Drizzle|[of] p1a: Pelipper\n|move|p2a: Tyranitar|Dragon Dance|p2a: Tyranitar\n|-boost|p2a: Tyranitar|atk|1\n|-boost|p2a: Tyranitar|spe|1\n|\n|-weather|RainDance|[upkeep]\n|-heal|p2a: Tyranitar|67/100|[from] item: Leftovers\n|-damage|p1a: Pelipper|16/100 psn|[from] psn\n|upkeep\n|turn|27\n|\n|t:|1695188620\n|move|p2a: Tyranitar|Dragon Dance|p2a: Tyranitar\n|-boost|p2a: Tyranitar|atk|1\n|-boost|p2a: Tyranitar|spe|1\n|move|p1a: Pelipper|U-turn|p2a: Tyranitar\n|-supereffective|p2a: Tyranitar\n|-activate|p2a: Tyranitar|move: Substitute|[damage]\n|\n|t:|1695188635\n|switch|p1a: Basculegion|Basculegion, M, tera:Water|9/100|[from] U-turn\n|\n|-weather|RainDance|[upkeep]\n|-heal|p2a: Tyranitar|73/100|[from] item: Leftovers\n|upkeep\n|turn|28\n|\n|t:|1695188641\n|move|p2a: Tyranitar|Earthquake|p1a: Basculegion\n|-damage|p1a: Basculegion|0 fnt\n|faint|p1a: Basculegion\n|\n|-weather|RainDance|[upkeep]\n|-heal|p2a: Tyranitar|79/100|[from] item: Leftovers\n|upkeep\n|inactive|Versalius has 120 seconds left.\n|inactive|Versalius has 90 seconds left.\n|c|\u2606Originalfake|Stall where?\n|inactive|Versalius has 60 seconds left.\n|-message|Versalius forfeited.\n|\n|win|Originalfake\n|raw|Versalius's rating: 1173 &rarr; <strong>1146</strong><br />(-27 for losing)\n|raw|Originalfake's rating: 1145 &rarr; <strong>1172</strong><br />(+27 for winning)\n|l|\u2606Versalius\n", "uploadtime": 1695188812, "views": 6, "p1id": "versalius", "p2id": "originalfake", "formatid": "gen9ou", "rating": 1146, "private": 0, "password": ""}