{"id": "gen9ou-1947486450", "p1": "kingCR0C", "p2": "Semi101", "format": "gen9ou", "log": "|j|\u2606kingCR0C\n|j|\u2606Semi101\n|t:|1695165358\n|gametype|singles\n|player|p1|kingCR0C|pokemaniac|1067\n|player|p2|Semi101|bellelba|1142\n|teamsize|p1|6\n|teamsize|p2|6\n|gen|9\n|tier|[Gen 9] OU\n|rated|\n|rule|Sleep Clause Mod: Limit one foe put to sleep\n|rule|Species Clause: Limit one of each Pok\u00e9mon\n|rule|OHKO Clause: OHKO moves are banned\n|rule|Evasion Items Clause: Evasion items are banned\n|rule|Evasion Moves Clause: Evasion moves are banned\n|rule|Endless Battle Clause: Forcing endless battles is banned\n|rule|HP Percentage Mod: HP is shown in percentages\n|clearpoke\n|poke|p1|Gholdengo|\n|poke|p1|Great Tusk|\n|poke|p1|Dragapult, M|\n|poke|p1|Yanmega, M|\n|poke|p1|Sneasler, F|\n|poke|p1|Illumise, F|\n|poke|p2|Sinistcha-Masterpiece|\n|poke|p2|Ursaluna-Bloodmoon, M|\n|poke|p2|Glimmora, F|\n|poke|p2|Great Tusk|\n|poke|p2|Ogerpon-Hearthflame, F|\n|poke|p2|Mew|\n|teampreview\n|inactive|Battle timer is ON: inactive players will automatically lose when time's up. (requested by Semi101)\n|\n|t:|1695165361\n|start\n|switch|p1a: Yup|Illumise, F|100/100\n|switch|p2a: Mew|Mew|100/100\n|turn|1\n|\n|t:|1695165369\n|move|p1a: Yup|Substitute|p1a: Yup\n|-start|p1a: Yup|Substitute\n|-damage|p1a: Yup|76/100\n|move|p2a: Mew|Swords Dance|p2a: Mew\n|-boost|p2a: Mew|atk|2\n|\n|-heal|p1a: Yup|82/100|[from] item: Leftovers\n|upkeep\n|turn|2\n|\n|t:|1695165378\n|move|p2a: Mew|Scale Shot|p1a: Yup\n|-activate|p1a: Yup|move: Substitute|[damage]\n|-end|p1a: Yup|Substitute\n|-damage|p1a: Yup|59/100\n|-damage|p1a: Yup|37/100\n|-damage|p1a: Yup|12/100\n|-hitcount|p1a: Yup|5\n|-unboost|p2a: Mew|def|1\n|-boost|p2a: Mew|spe|1\n|move|p1a: Yup|Bug Buzz|p2a: Mew\n|-supereffective|p2a: Mew\n|-damage|p2a: Mew|35/100\n|\n|-heal|p1a: Yup|18/100|[from] item: Leftovers\n|upkeep\n|turn|3\n|\n|t:|1695165406\n|move|p1a: Yup|Metronome|p1a: Yup\n|move|p1a: Yup|Coaching|null|[from]move: Metronome|[notarget]\n|-fail|p1a: Yup\n|move|p2a: Mew|Scale Shot|p1a: Yup\n|-damage|p1a: Yup|0 fnt\n|faint|p1a: Yup\n|-hitcount|p1: Yup|1\n|-unboost|p2a: Mew|def|1\n|-boost|p2a: Mew|spe|1\n|\n|upkeep\n|inactive|kingCR0C has 120 seconds left.\n|\n|t:|1695165429\n|switch|p1a: Nu uh|Dragapult, M|100/100\n|turn|4\n|\n|t:|1695165438\n|-terastallize|p1a: Nu uh|Steel\n|move|p2a: Mew|Scale Shot|p1a: Nu uh\n|-resisted|p1a: Nu uh\n|-damage|p1a: Nu uh|92/100\n|-resisted|p1a: Nu uh\n|-crit|p1a: Nu uh\n|-damage|p1a: Nu uh|77/100\n|-resisted|p1a: Nu uh\n|-damage|p1a: Nu uh|68/100\n|-start|p2a: Mew|Disable|Scale Shot|[from] ability: Cursed Body|[of] p1a: Nu uh\n|-resisted|p1a: Nu uh\n|-damage|p1a: Nu uh|59/100\n|-resisted|p1a: Nu uh\n|-damage|p1a: Nu uh|50/100\n|-hitcount|p1a: Nu uh|5\n|-unboost|p2a: Mew|def|1\n|-boost|p2a: Mew|spe|1\n|move|p1a: Nu uh|Dragon Darts|p2a: Mew\n|-damage|p2a: Mew|0 fnt\n|faint|p2a: Mew\n|\n|upkeep\n|l|\u2606Semi101\n|inactive|Semi101 disconnected and has a minute to reconnect!\n|player|p2|\n|j|\u2606Semi101\n|inactive|Semi101 reconnected and has 125 seconds left.\n|player|p2|Semi101|bellelba\n|inactive|Semi101 has 120 seconds left.\n|\n|t:|1695165481\n|switch|p2a: Ogerpon|Ogerpon-Hearthflame, F, shiny|100/100\n|-ability|p2a: Ogerpon|Mold Breaker\n|turn|5\n|\n|t:|1695165487\n|move|p1a: Nu uh|Reflect|p1a: Nu uh\n|-sidestart|p1: kingCR0C|Reflect\n|move|p2a: Ogerpon|Swords Dance|p2a: Ogerpon\n|-boost|p2a: Ogerpon|atk|2\n|\n|upkeep\n|turn|6\n|\n|t:|1695165493\n|move|p1a: Nu uh|Dragon Darts|p2a: Ogerpon\n|-damage|p2a: Ogerpon|70/100\n|-anim|p1a: Nu uh|Dragon Darts|p2a: Ogerpon\n|-damage|p2a: Ogerpon|41/100\n|move|p2a: Ogerpon|Ivy Cudgel|p1a: Nu uh\n|-supereffective|p1a: Nu uh\n|-damage|p1a: Nu uh|0 fnt\n|faint|p1a: Nu uh\n|\n|upkeep\n|\n|t:|1695165517\n|switch|p1a: Buhmburghur|Great Tusk|100/100\n|-enditem|p1a: Buhmburghur|Booster Energy\n|-activate|p1a: Buhmburghur|ability: Protosynthesis|[fromitem]\n|-start|p1a: Buhmburghur|protosynthesisatk\n|turn|7\n|\n|t:|1695165523\n|move|p2a: Ogerpon|Power Whip|p1a: Buhmburghur\n|-supereffective|p1a: Buhmburghur\n|-damage|p1a: Buhmburghur|0 fnt\n|faint|p1a: Buhmburghur\n|-end|p1a: Buhmburghur|Protosynthesis|[silent]\n|\n|upkeep\n|\n|t:|1695165530\n|switch|p1a: Cool bug|Yanmega, M, shiny|100/100\n|turn|8\n|\n|t:|1695165534\n|move|p2a: Ogerpon|Ivy Cudgel|p1a: Cool bug\n|-supereffective|p1a: Cool bug\n|-damage|p1a: Cool bug|0 fnt\n|faint|p1a: Cool bug\n|\n|upkeep\n|-message|kingCR0C forfeited.\n|\n|win|Semi101\n|raw|kingCR0C's rating: 1067 &rarr; <strong>1051</strong><br />(-16 for losing)\n|raw|Semi101's rating: 1142 &rarr; <strong>1162</strong><br />(+20 for winning)\n|l|\u2606kingCR0C\n", "uploadtime": 1695165551, "views": 3, "p1id": "kingcr0c", "p2id": "semi101", "formatid": "gen9ou", "rating": 1051, "private": 0, "password": ""}