{"id": "gen9ou-1947696556", "p1": "hollowfrog11", "p2": "blazin benny", "format": "gen9ou", "log": "|j|\u2606hollowfrog11\n|j|\u203dblazin benny\n|t:|1695188546\n|gametype|singles\n|player|p1|hollowfrog11|102|1576\n|player|p2|blazin benny|ghetsis|1527\n|teamsize|p1|6\n|teamsize|p2|6\n|gen|9\n|tier|[Gen 9] OU\n|rated|\n|rule|Sleep Clause Mod: Limit one foe put to sleep\n|rule|Species Clause: Limit one of each Pok\u00e9mon\n|rule|OHKO Clause: OHKO moves are banned\n|rule|Evasion Items Clause: Evasion items are banned\n|rule|Evasion Moves Clause: Evasion moves are banned\n|rule|Endless Battle Clause: Forcing endless battles is banned\n|rule|HP Percentage Mod: HP is shown in percentages\n|clearpoke\n|poke|p1|Kingambit, M|\n|poke|p1|Glimmora, F|\n|poke|p1|Zamazenta-*|\n|poke|p1|Iron Valiant|\n|poke|p1|Iron Moth|\n|poke|p1|Ogerpon-Wellspring, F|\n|poke|p2|Torterra, F|\n|poke|p2|Walking Wake|\n|poke|p2|Ursaluna-Bloodmoon, M|\n|poke|p2|Cinderace, F|\n|poke|p2|Kingambit, M|\n|poke|p2|Iron Valiant|\n|teampreview\n|inactive|Battle timer is ON: inactive players will automatically lose when time's up. (requested by hollowfrog11)\n|\n|t:|1695188578\n|start\n|switch|p1a: Glimmora|Glimmora, F|100/100\n|switch|p2a: Ursaluna|Ursaluna-Bloodmoon, M|100/100\n|turn|1\n|\n|t:|1695188582\n|move|p1a: Glimmora|Stealth Rock|p2a: Ursaluna\n|-sidestart|p2: blazin benny|move: Stealth Rock\n|move|p2a: Ursaluna|Earth Power|p1a: Glimmora\n|-supereffective|p1a: Glimmora\n|-enditem|p1a: Glimmora|Focus Sash\n|-damage|p1a: Glimmora|1/100\n|\n|upkeep\n|turn|2\n|\n|t:|1695188587\n|move|p1a: Glimmora|Mortal Spin|p2a: Ursaluna\n|-resisted|p2a: Ursaluna\n|-damage|p2a: Ursaluna|98/100\n|-status|p2a: Ursaluna|psn\n|move|p2a: Ursaluna|Calm Mind|p2a: Ursaluna\n|-boost|p2a: Ursaluna|spa|1\n|-boost|p2a: Ursaluna|spd|1\n|\n|-heal|p2a: Ursaluna|100/100 psn|[from] item: Leftovers\n|-damage|p2a: Ursaluna|88/100 psn|[from] psn\n|upkeep\n|turn|3\n|\n|t:|1695188594\n|move|p2a: Ursaluna|Vacuum Wave|p1a: Glimmora\n|-damage|p1a: Glimmora|0 fnt\n|faint|p1a: Glimmora\n|\n|-heal|p2a: Ursaluna|94/100 psn|[from] item: Leftovers\n|-damage|p2a: Ursaluna|82/100 psn|[from] psn\n|upkeep\n|\n|t:|1695188603\n|switch|p1a: Ogerpon|Ogerpon-Wellspring, F|100/100\n|turn|4\n|\n|t:|1695188606\n|-terastallize|p2a: Ursaluna|Fighting\n|move|p1a: Ogerpon|Ivy Cudgel|p2a: Ursaluna\n|-damage|p2a: Ursaluna|43/100 psn\n|move|p2a: Ursaluna|Blood Moon|p1a: Ogerpon\n|-damage|p1a: Ogerpon|0 fnt\n|faint|p1a: Ogerpon\n|\n|-heal|p2a: Ursaluna|49/100 psn|[from] item: Leftovers\n|-damage|p2a: Ursaluna|37/100 psn|[from] psn\n|upkeep\n|\n|t:|1695188614\n|switch|p1a: Iron Moth|Iron Moth|100/100\n|-enditem|p1a: Iron Moth|Booster Energy\n|-activate|p1a: Iron Moth|ability: Quark Drive|[fromitem]\n|-start|p1a: Iron Moth|quarkdrivespe\n|turn|5\n|\n|t:|1695188624\n|move|p1a: Iron Moth|Fiery Dance|p2a: Ursaluna\n|-damage|p2a: Ursaluna|4/100 psn\n|move|p2a: Ursaluna|Earth Power|p1a: Iron Moth\n|-supereffective|p1a: Iron Moth\n|-damage|p1a: Iron Moth|0 fnt\n|faint|p1a: Iron Moth\n|-end|p1a: Iron Moth|Quark Drive|[silent]\n|\n|-heal|p2a: Ursaluna|10/100 psn|[from] item: Leftovers\n|-damage|p2a: Ursaluna|0 fnt|[from] psn\n|faint|p2a: Ursaluna\n|upkeep\n|-message|hollowfrog11 forfeited.\n|\n|win|blazin benny\n|raw|hollowfrog11's rating: 1576 &rarr; <strong>1553</strong><br />(-23 for losing)\n|raw|blazin benny's rating: 1527 &rarr; <strong>1550</strong><br />(+23 for winning)\n|l|\u2606hollowfrog11\n", "uploadtime": 1695188638, "views": 6, "p1id": "hollowfrog11", "p2id": "blazinbenny", "formatid": "gen9ou", "rating": 1550, "private": 0, "password": ""}