{"id": "gen9ou-1947637715", "p1": "AWEkwardness", "p2": "GreatDanal", "format": "gen9ou", "log": "|j|\u2606AWEkwardness\n|j|\u2606GreatDanal\n|t:|1695180570\n|gametype|singles\n|player|p1|AWEkwardness|depotagent|1000\n|player|p2|GreatDanal|169|1004\n|teamsize|p1|6\n|teamsize|p2|6\n|gen|9\n|tier|[Gen 9] OU\n|rated|\n|rule|Sleep Clause Mod: Limit one foe put to sleep\n|rule|Species Clause: Limit one of each Pok\u00e9mon\n|rule|OHKO Clause: OHKO moves are banned\n|rule|Evasion Items Clause: Evasion items are banned\n|rule|Evasion Moves Clause: Evasion moves are banned\n|rule|Endless Battle Clause: Forcing endless battles is banned\n|rule|HP Percentage Mod: HP is shown in percentages\n|clearpoke\n|poke|p1|Rillaboom, M|\n|poke|p1|Scizor, M|\n|poke|p1|Enamorus, F|\n|poke|p1|Fezandipiti, M|\n|poke|p1|Magcargo, M|\n|poke|p1|Breloom, M|\n|poke|p2|Ariados, M|\n|poke|p2|Dragapult, F|\n|poke|p2|Donphan, F|\n|poke|p2|Mienshao, F|\n|poke|p2|Shiftry, M|\n|poke|p2|Cresselia, F|\n|teampreview\n|inactive|Battle timer is ON: inactive players will automatically lose when time's up. (requested by AWEkwardness)\n|j| Cyberan\n|inactive|AWEkwardness has 120 seconds left.\n|\n|t:|1695180601\n|start\n|switch|p1a: slow seline|Magcargo, M|100/100\n|switch|p2a: Cresselia|Cresselia, F, shiny|100/100\n|turn|1\n|\n|t:|1695180610\n|move|p2a: Cresselia|Light Screen|p2a: Cresselia\n|-sidestart|p2: GreatDanal|move: Light Screen\n|move|p1a: slow seline|Fire Blast|p2a: Cresselia\n|-damage|p2a: Cresselia|86/100\n|\n|-heal|p2a: Cresselia|92/100|[from] item: Leftovers\n|upkeep\n|turn|2\n|\n|t:|1695180619\n|switch|p1a: jumbo josh|Rillaboom, M|100/100\n|-fieldstart|move: Grassy Terrain|[from] ability: Grassy Surge|[of] p1a: jumbo josh\n|-enditem|p1a: jumbo josh|Grassy Seed\n|-boost|p1a: jumbo josh|def|1|[from] item: Grassy Seed\n|move|p2a: Cresselia|Future Sight|p1a: jumbo josh\n|-start|p2a: Cresselia|move: Future Sight\n|\n|-heal|p2a: Cresselia|98/100|[from] item: Leftovers\n|upkeep\n|turn|3\n|\n|t:|1695180633\n|switch|p2a: Mienshao|Mienshao, F|100/100\n|move|p1a: jumbo josh|Knock Off|p2a: Mienshao\n|-resisted|p2a: Mienshao\n|-damage|p2a: Mienshao|67/100\n|-enditem|p2a: Mienshao|Life Orb|[from] move: Knock Off|[of] p1a: jumbo josh\n|\n|-heal|p2a: Mienshao|73/100|[from] Grassy Terrain\n|upkeep\n|turn|4\n|\n|t:|1695180643\n|move|p2a: Mienshao|Fake Out|p1a: jumbo josh\n|-damage|p1a: jumbo josh|91/100\n|cant|p1a: jumbo josh|flinch\n|\n|-end|p1a: jumbo josh|move: Future Sight\n|-damage|p1a: jumbo josh|40/100\n|-heal|p2a: Mienshao|79/100|[from] Grassy Terrain\n|-heal|p1a: jumbo josh|46/100|[from] Grassy Terrain\n|upkeep\n|turn|5\n|\n|t:|1695180662\n|switch|p1a: opila bird|Fezandipiti, M|100/100\n|-terastallize|p2a: Mienshao|Ice\n|move|p2a: Mienshao|Ice Spinner|p1a: opila bird\n|-damage|p1a: opila bird|51/100\n|-fieldend|move: Grassy Terrain\n|\n|-sideend|p2: GreatDanal|move: Light Screen\n|upkeep\n|turn|6\n|\n|t:|1695180680\n|move|p2a: Mienshao|U-turn|p1a: opila bird\n|-resisted|p1a: opila bird\n|-damage|p1a: opila bird|44/100\n|\n|t:|1695180685\n|switch|p2a: Donphan|Donphan, F|100/100|[from] U-turn\n|move|p1a: opila bird|U-turn|p2a: Donphan\n|-damage|p2a: Donphan|84/100\n|\n|t:|1695180688\n|switch|p1a: jumbo josh|Rillaboom, M|46/100|[from] U-turn\n|-fieldstart|move: Grassy Terrain|[from] ability: Grassy Surge|[of] p1a: jumbo josh\n|\n|-heal|p1a: jumbo josh|52/100|[from] Grassy Terrain\n|-heal|p2a: Donphan|90/100|[from] Grassy Terrain\n|upkeep\n|turn|7\n|\n|t:|1695180703\n|switch|p2a: Mienshao|Mienshao, F, tera:Ice|100/100\n|move|p1a: jumbo josh|Grassy Glide|p2a: Mienshao\n|-damage|p2a: Mienshao|34/100\n|\n|-heal|p2a: Mienshao|41/100|[from] Grassy Terrain\n|-heal|p1a: jumbo josh|58/100|[from] Grassy Terrain\n|upkeep\n|turn|8\n|\n|t:|1695180710\n|move|p1a: jumbo josh|Grassy Glide|p2a: Mienshao\n|-damage|p2a: Mienshao|0 fnt\n|faint|p2a: Mienshao\n|\n|-heal|p1a: jumbo josh|64/100|[from] Grassy Terrain\n|upkeep\n|\n|t:|1695180719\n|switch|p2a: Dragapult|Dragapult, F|100/100\n|turn|9\n|\n|t:|1695180725\n|switch|p1a: banbaleena|Enamorus, F|100/100\n|move|p2a: Dragapult|Dragon Darts|p1a: banbaleena\n|-immune|p1a: banbaleena\n|\n|upkeep\n|turn|10\n|\n|t:|1695180731\n|move|p2a: Dragapult|Shadow Ball|p1a: banbaleena\n|-damage|p1a: banbaleena|64/100\n|move|p1a: banbaleena|Superpower|p2a: Dragapult\n|-immune|p2a: Dragapult\n|\n|-fieldend|move: Grassy Terrain\n|upkeep\n|turn|11\n|\n|t:|1695180745\n|move|p2a: Dragapult|Dragon Darts|p1a: banbaleena\n|-immune|p1a: banbaleena\n|move|p1a: banbaleena|Play Rough|p2a: Dragapult\n|-supereffective|p2a: Dragapult\n|-crit|p2a: Dragapult\n|-damage|p2a: Dragapult|0 fnt\n|faint|p2a: Dragapult\n|\n|upkeep\n|\n|t:|1695180760\n|switch|p2a: Ariados|Ariados, M|100/100\n|turn|12\n|\n|t:|1695180772\n|switch|p1a: slow seline|Magcargo, M|100/100\n|move|p2a: Ariados|Poison Jab|p1a: slow seline\n|-resisted|p1a: slow seline\n|-damage|p1a: slow seline|86/100\n|-status|p1a: slow seline|psn\n|\n|-damage|p1a: slow seline|73/100 psn|[from] psn\n|upkeep\n|turn|13\n|\n|t:|1695180779\n|move|p2a: Ariados|Sticky Web|p1a: slow seline\n|-sidestart|p1: AWEkwardness|move: Sticky Web\n|move|p1a: slow seline|Power Gem|p2a: Ariados\n|-supereffective|p2a: Ariados\n|-enditem|p2a: Ariados|Focus Sash\n|-damage|p2a: Ariados|1/100\n|\n|-damage|p1a: slow seline|61/100 psn|[from] psn\n|upkeep\n|turn|14\n|\n|t:|1695180788\n|move|p2a: Ariados|Toxic Spikes|p1a: slow seline\n|-sidestart|p1: AWEkwardness|move: Toxic Spikes\n|move|p1a: slow seline|Power Gem|p2a: Ariados\n|-supereffective|p2a: Ariados\n|-crit|p2a: Ariados\n|-damage|p2a: Ariados|0 fnt\n|faint|p2a: Ariados\n|\n|-damage|p1a: slow seline|48/100 psn|[from] psn\n|upkeep\n|\n|t:|1695180803\n|switch|p2a: Donphan|Donphan, F|90/100\n|turn|15\n|\n|t:|1695180810\n|move|p2a: Donphan|Rapid Spin|p1a: slow seline\n|-resisted|p1a: slow seline\n|-damage|p1a: slow seline|43/100 psn\n|-boost|p2a: Donphan|spe|1\n|move|p1a: slow seline|Fire Blast|p2a: Donphan\n|-damage|p2a: Donphan|27/100\n|\n|-damage|p1a: slow seline|30/100 psn|[from] psn\n|upkeep\n|turn|16\n|\n|t:|1695180822\n|move|p2a: Donphan|Earthquake|p1a: slow seline\n|-supereffective|p1a: slow seline\n|-damage|p1a: slow seline|0 fnt\n|faint|p1a: slow seline\n|\n|upkeep\n|\n|t:|1695180833\n|switch|p1a: ban ban|Scizor, M|100/100\n|-activate|p1a: ban ban|move: Sticky Web\n|-unboost|p1a: ban ban|spe|1\n|turn|17\n|\n|t:|1695180841\n|move|p1a: ban ban|Bullet Punch|p2a: Donphan\n|-damage|p2a: Donphan|0 fnt\n|faint|p2a: Donphan\n|\n|upkeep\n|\n|t:|1695180846\n|switch|p2a: Shiftry|Shiftry, M|100/100\n|turn|18\n|\n|t:|1695180863\n|switch|p1a: opila bird|Fezandipiti, M|44/100\n|-activate|p1a: opila bird|move: Sticky Web\n|-unboost|p1a: opila bird|spe|1\n|-sideend|p1: AWEkwardness|move: Toxic Spikes|[of] p1a: opila bird\n|move|p2a: Shiftry|Nasty Plot|p2a: Shiftry\n|-boost|p2a: Shiftry|spa|2\n|\n|upkeep\n|turn|19\n|\n|t:|1695180875\n|move|p2a: Shiftry|Heat Wave|p1a: opila bird\n|-damage|p1a: opila bird|0 fnt\n|faint|p1a: opila bird\n|\n|upkeep\n|\n|t:|1695180884\n|switch|p1a: banbaleena|Enamorus, F|64/100\n|turn|20\n|\n|t:|1695180894\n|move|p1a: banbaleena|Superpower|p2a: Shiftry\n|-supereffective|p2a: Shiftry\n|-damage|p2a: Shiftry|0 fnt\n|-boost|p1a: banbaleena|atk|1\n|-boost|p1a: banbaleena|def|1\n|faint|p2a: Shiftry\n|\n|upkeep\n|\n|t:|1695180897\n|switch|p2a: Cresselia|Cresselia, F, shiny|98/100\n|turn|21\n|-message|GreatDanal forfeited.\n|\n|win|AWEkwardness\n|raw|AWEkwardness's rating: 1000 &rarr; <strong>1040</strong><br />(+40 for winning)\n|raw|GreatDanal's rating: 1004 &rarr; <strong>1000</strong><br />(-4 for losing)\n|l|\u2606GreatDanal\n|l| Cyberan\n", "uploadtime": 1695180910, "views": 2, "p1id": "awekwardness", "p2id": "greatdanal", "formatid": "gen9ou", "rating": 1000, "private": 0, "password": ""}