{"id": "gen9ou-1947645745", "p1": "HelloHelloHollow", "p2": "Cinny69", "format": "gen9ou", "log": "|j|\u2606HelloHelloHollow\n|j|\u2606Cinny69\n|t:|1695181499\n|gametype|singles\n|player|p1|HelloHelloHollow|102|1081\n|player|p2|Cinny69|skyla|1145\n|teamsize|p1|6\n|teamsize|p2|6\n|gen|9\n|tier|[Gen 9] OU\n|rated|\n|rule|Sleep Clause Mod: Limit one foe put to sleep\n|rule|Species Clause: Limit one of each Pok\u00e9mon\n|rule|OHKO Clause: OHKO moves are banned\n|rule|Evasion Items Clause: Evasion items are banned\n|rule|Evasion Moves Clause: Evasion moves are banned\n|rule|Endless Battle Clause: Forcing endless battles is banned\n|rule|HP Percentage Mod: HP is shown in percentages\n|clearpoke\n|poke|p1|Clefable, F|\n|poke|p1|Zapdos|\n|poke|p1|Chandelure, M|\n|poke|p1|Ninetales-Alola, M|\n|poke|p1|Garchomp, M|\n|poke|p1|Great Tusk|\n|poke|p2|Revavroom, F|\n|poke|p2|Hydreigon, M|\n|poke|p2|Chandelure, M|\n|poke|p2|Great Tusk|\n|poke|p2|Iron Valiant|\n|poke|p2|Milotic, F|\n|teampreview\n|inactive|Battle timer is ON: inactive players will automatically lose when time's up. (requested by Cinny69)\n|\n|t:|1695181508\n|start\n|switch|p1a: Ninetales|Ninetales-Alola, M|100/100\n|switch|p2a: Chandelure|Chandelure, M|100/100\n|-weather|Snow|[from] ability: Snow Warning|[of] p1a: Ninetales\n|turn|1\n|\n|t:|1695181527\n|move|p2a: Chandelure|Shadow Ball|p1a: Ninetales\n|-damage|p1a: Ninetales|48/100\n|-unboost|p1a: Ninetales|spd|1\n|move|p1a: Ninetales|Aurora Veil|p1a: Ninetales\n|-sidestart|p1: HelloHelloHollow|move: Aurora Veil\n|\n|-weather|Snow|[upkeep]\n|upkeep\n|turn|2\n|\n|t:|1695181534\n|switch|p1a: Clefable|Clefable, F|100/100\n|move|p2a: Chandelure|Shadow Ball|p1a: Clefable\n|-damage|p1a: Clefable|60/100\n|\n|-weather|Snow|[upkeep]\n|-heal|p1a: Clefable|66/100|[from] item: Leftovers\n|upkeep\n|turn|3\n|\n|t:|1695181543\n|switch|p2a: Milotic|Milotic, F, shiny|100/100\n|move|p1a: Clefable|Thunder Wave|p2a: Milotic\n|-status|p2a: Milotic|par\n|\n|-weather|Snow|[upkeep]\n|-heal|p1a: Clefable|72/100|[from] item: Leftovers\n|upkeep\n|turn|4\n|\n|t:|1695181552\n|switch|p1a: Zapdos|Zapdos|100/100\n|switch|p2a: Revavroom|Revavroom, F|100/100\n|\n|-weather|Snow|[upkeep]\n|upkeep\n|turn|5\n|\n|t:|1695181562\n|switch|p2a: Great Tusk|Great Tusk|100/100\n|move|p1a: Zapdos|Discharge|p2a: Great Tusk\n|-immune|p2a: Great Tusk\n|\n|-weather|none\n|upkeep\n|turn|6\n|\n|t:|1695181570\n|move|p1a: Zapdos|Hurricane|p2a: Great Tusk\n|-supereffective|p2a: Great Tusk\n|-damage|p2a: Great Tusk|27/100\n|-start|p2a: Great Tusk|confusion\n|-activate|p2a: Great Tusk|confusion\n|move|p2a: Great Tusk|Ice Spinner|p1a: Zapdos\n|-supereffective|p1a: Zapdos\n|-damage|p1a: Zapdos|78/100\n|\n|upkeep\n|turn|7\n|\n|t:|1695181579\n|move|p1a: Zapdos|Hurricane|p2a: Great Tusk\n|-supereffective|p2a: Great Tusk\n|-damage|p2a: Great Tusk|0 fnt\n|faint|p2a: Great Tusk\n|-end|p2a: Great Tusk|Protosynthesis|[silent]\n|\n|upkeep\n|\n|t:|1695181585\n|switch|p2a: Chandelure|Chandelure, M|100/100\n|turn|8\n|\n|t:|1695181593\n|move|p2a: Chandelure|Shadow Ball|p1a: Zapdos\n|-damage|p1a: Zapdos|38/100\n|move|p1a: Zapdos|Discharge|p2a: Chandelure\n|-damage|p2a: Chandelure|35/100\n|\n|-sideend|p1: HelloHelloHollow|move: Aurora Veil\n|upkeep\n|turn|9\n|\n|t:|1695181601\n|switch|p1a: Clefable|Clefable, F|72/100\n|move|p2a: Chandelure|Shadow Ball|p1a: Clefable\n|-damage|p1a: Clefable|28/100\n|\n|-heal|p1a: Clefable|34/100|[from] item: Leftovers\n|upkeep\n|turn|10\n|\n|t:|1695181609\n|move|p2a: Chandelure|Shadow Ball|p1a: Clefable\n|-crit|p1a: Clefable\n|-damage|p1a: Clefable|0 fnt\n|faint|p1a: Clefable\n|\n|upkeep\n|\n|t:|1695181613\n|switch|p1a: Ninetales|Ninetales-Alola, M|48/100\n|-weather|Snow|[from] ability: Snow Warning|[of] p1a: Ninetales\n|turn|11\n|\n|t:|1695181618\n|move|p2a: Chandelure|Shadow Ball|p1a: Ninetales\n|-crit|p1a: Ninetales\n|-damage|p1a: Ninetales|0 fnt\n|faint|p1a: Ninetales\n|\n|-weather|Snow|[upkeep]\n|upkeep\n|\n|t:|1695181625\n|switch|p1a: Garchomp|Garchomp, M|100/100\n|turn|12\n|\n|t:|1695181632\n|switch|p2a: Iron Valiant|Iron Valiant|100/100\n|-enditem|p2a: Iron Valiant|Booster Energy\n|-activate|p2a: Iron Valiant|ability: Quark Drive|[fromitem]\n|-start|p2a: Iron Valiant|quarkdrivespe\n|move|p1a: Garchomp|Scale Shot|p2a: Iron Valiant\n|-immune|p2a: Iron Valiant\n|\n|-weather|Snow|[upkeep]\n|upkeep\n|turn|13\n|\n|t:|1695181648\n|switch|p1a: Chandelure|Chandelure, M|100/100\n|move|p2a: Iron Valiant|Moonblast|p1a: Chandelure\n|-resisted|p1a: Chandelure\n|-damage|p1a: Chandelure|82/100\n|\n|-weather|Snow|[upkeep]\n|upkeep\n|turn|14\n|\n|t:|1695181657\n|move|p2a: Iron Valiant|Knock Off|p1a: Chandelure\n|-supereffective|p1a: Chandelure\n|-damage|p1a: Chandelure|0 fnt\n|-enditem|p1a: Chandelure|Assault Vest|[from] move: Knock Off|[of] p2a: Iron Valiant\n|faint|p1a: Chandelure\n|\n|-weather|Snow|[upkeep]\n|upkeep\n|-message|HelloHelloHollow forfeited.\n|\n|win|Cinny69\n|raw|HelloHelloHollow's rating: 1081 &rarr; <strong>1063</strong><br />(-18 for losing)\n|raw|Cinny69's rating: 1145 &rarr; <strong>1165</strong><br />(+20 for winning)\n|l|\u2606HelloHelloHollow\n", "uploadtime": 1695181668, "views": 3, "p1id": "hellohellohollow", "p2id": "cinny69", "formatid": "gen9ou", "rating": 1063, "private": 0, "password": ""}