{"id": "gen9ou-1947667494", "p1": "4war4e", "p2": "chompsupremacy", "format": "gen9ou", "log": "|j|\u26064war4e\n|j|\u2606chompsupremacy\n|t:|1695184313\n|gametype|singles\n|player|p1|4war4e|1|1604\n|player|p2|chompsupremacy|102|1696\n|teamsize|p1|6\n|teamsize|p2|6\n|gen|9\n|tier|[Gen 9] OU\n|rated|\n|rule|Sleep Clause Mod: Limit one foe put to sleep\n|rule|Species Clause: Limit one of each Pok\u00e9mon\n|rule|OHKO Clause: OHKO moves are banned\n|rule|Evasion Items Clause: Evasion items are banned\n|rule|Evasion Moves Clause: Evasion moves are banned\n|rule|Endless Battle Clause: Forcing endless battles is banned\n|rule|HP Percentage Mod: HP is shown in percentages\n|clearpoke\n|poke|p1|Mew|\n|poke|p1|Ursaluna-Bloodmoon, M|\n|poke|p1|Ogerpon-Hearthflame, F|\n|poke|p1|Walking Wake|\n|poke|p1|Ninetales, F|\n|poke|p1|Great Tusk|\n|poke|p2|Ursaluna-Bloodmoon, M|\n|poke|p2|Ninetales-Alola, M|\n|poke|p2|Iron Moth|\n|poke|p2|Zamazenta-*|\n|poke|p2|Hatterene, F|\n|poke|p2|Ogerpon-Hearthflame, F|\n|teampreview\n|inactive|Battle timer is ON: inactive players will automatically lose when time's up. (requested by chompsupremacy)\n|j| jarvisim0_\n|\n|t:|1695184334\n|start\n|switch|p1a: Ogerpon|Ogerpon-Hearthflame, F|100/100\n|switch|p2a: Ogerpon|Ogerpon-Hearthflame, F|100/100\n|-ability|p1a: Ogerpon|Mold Breaker\n|-ability|p2a: Ogerpon|Mold Breaker\n|turn|1\n|\n|t:|1695184339\n|-terastallize|p2a: Ogerpon|Fire\n|detailschange|p2a: Ogerpon|Ogerpon-Hearthflame-Tera, F, tera:Fire\n|-ability|p2a: Ogerpon|Embody Aspect (Hearthflame)|boost\n|-boost|p2a: Ogerpon|atk|1\n|move|p2a: Ogerpon|Trailblaze|p1a: Ogerpon\n|-resisted|p1a: Ogerpon\n|-damage|p1a: Ogerpon|87/100\n|-boost|p2a: Ogerpon|spe|1\n|move|p1a: Ogerpon|Ivy Cudgel|p2a: Ogerpon\n|-resisted|p2a: Ogerpon\n|-damage|p2a: Ogerpon|59/100\n|\n|upkeep\n|turn|2\n|\n|t:|1695184346\n|switch|p1a: Ninetales|Ninetales, F|100/100\n|-weather|SunnyDay|[from] ability: Drought|[of] p1a: Ninetales\n|move|p2a: Ogerpon|Ivy Cudgel|p1a: Ninetales\n|-resisted|p1a: Ninetales\n|-damage|p1a: Ninetales|0 fnt\n|faint|p1a: Ninetales\n|\n|-weather|SunnyDay|[upkeep]\n|upkeep\n|\n|t:|1695184347\n|switch|p1a: Great Tusk|Great Tusk|100/100\n|-activate|p1a: Great Tusk|ability: Protosynthesis\n|-start|p1a: Great Tusk|protosynthesisdef\n|turn|3\n|\n|t:|1695184354\n|switch|p2a: Ninetales|Ninetales-Alola, M|100/100\n|-weather|Snow|[from] ability: Snow Warning|[of] p2a: Ninetales\n|-end|p1a: Great Tusk|Protosynthesis\n|move|p1a: Great Tusk|Earthquake|p2a: Ninetales\n|-damage|p2a: Ninetales|66/100\n|\n|-weather|Snow|[upkeep]\n|upkeep\n|turn|4\n|\n|t:|1695184361\n|-end|p1a: Great Tusk|Protosynthesis|[silent]\n|switch|p1a: Ogerpon|Ogerpon-Hearthflame, F|87/100\n|-ability|p1a: Ogerpon|Mold Breaker\n|move|p2a: Ninetales|Aurora Veil|p2a: Ninetales\n|-sidestart|p2: chompsupremacy|move: Aurora Veil\n|\n|-weather|Snow|[upkeep]\n|upkeep\n|turn|5\n|\n|t:|1695184364\n|move|p1a: Ogerpon|Ivy Cudgel|p2a: Ninetales\n|-supereffective|p2a: Ninetales\n|-damage|p2a: Ninetales|19/100\n|move|p2a: Ninetales|Encore|p1a: Ogerpon\n|-start|p1a: Ogerpon|Encore\n|\n|-weather|Snow|[upkeep]\n|upkeep\n|turn|6\n|inactive|chompsupremacy has 120 seconds left.\n|\n|t:|1695184397\n|switch|p2a: Zamazenta|Zamazenta|100/100\n|-ability|p2a: Zamazenta|Dauntless Shield|boost\n|-boost|p2a: Zamazenta|def|1\n|move|p1a: Ogerpon|Ivy Cudgel|p2a: Zamazenta\n|-damage|p2a: Zamazenta|86/100\n|\n|-weather|Snow|[upkeep]\n|-heal|p2a: Zamazenta|92/100|[from] item: Leftovers\n|upkeep\n|turn|7\n|\n|t:|1695184401\n|switch|p1a: Mew|Mew|100/100\n|move|p2a: Zamazenta|Iron Defense|p2a: Zamazenta\n|-boost|p2a: Zamazenta|def|2\n|\n|-weather|none\n|-heal|p2a: Zamazenta|98/100|[from] item: Leftovers\n|upkeep\n|turn|8\n|\n|t:|1695184403\n|move|p2a: Zamazenta|Body Press|p1a: Mew\n|-resisted|p1a: Mew\n|-damage|p1a: Mew|76/100\n|move|p1a: Mew|Imprison|p1a: Mew\n|-start|p1a: Mew|move: Imprison\n|\n|-heal|p2a: Zamazenta|100/100|[from] item: Leftovers\n|-heal|p1a: Mew|82/100|[from] item: Leftovers\n|upkeep\n|turn|9\n|\n|t:|1695184410\n|move|p2a: Zamazenta|Iron Defense|p2a: Zamazenta\n|-boost|p2a: Zamazenta|def|2\n|move|p1a: Mew|Transform|p2a: Zamazenta\n|-transform|p1a: Mew|p2a: Zamazenta\n|-ability|p1a: Mew|Dauntless Shield|boost\n|-boost|p1a: Mew|def|1\n|\n|-heal|p1a: Mew|89/100|[from] item: Leftovers\n|upkeep\n|turn|10\n|\n|t:|1695184439\n|switch|p2a: Ninetales|Ninetales-Alola, M|19/100\n|-weather|Snow|[from] ability: Snow Warning|[of] p2a: Ninetales\n|move|p1a: Mew|Substitute|p1a: Mew\n|-start|p1a: Mew|Substitute\n|-damage|p1a: Mew|64/100\n|\n|-weather|Snow|[upkeep]\n|-heal|p1a: Mew|70/100|[from] item: Leftovers\n|upkeep\n|turn|11\n|\n|t:|1695184443\n|move|p1a: Mew|Body Press|p2a: Ninetales\n|-damage|p2a: Ninetales|0 fnt\n|faint|p2a: Ninetales\n|\n|-weather|Snow|[upkeep]\n|-heal|p1a: Mew|76/100|[from] item: Leftovers\n|-sideend|p2: chompsupremacy|move: Aurora Veil\n|upkeep\n|\n|t:|1695184448\n|switch|p2a: Hatterene|Hatterene, F|100/100\n|turn|12\n|\n|t:|1695184455\n|move|p1a: Mew|Body Press|p2a: Hatterene\n|-resisted|p2a: Hatterene\n|-damage|p2a: Hatterene|72/100\n|move|p2a: Hatterene|Draining Kiss|p1a: Mew\n|-supereffective|p1a: Mew\n|-end|p1a: Mew|Substitute\n|-heal|p2a: Hatterene|96/100|[from] drain|[of] p1a: Mew\n|\n|-weather|Snow|[upkeep]\n|-heal|p1a: Mew|82/100|[from] item: Leftovers\n|-heal|p2a: Hatterene|100/100|[from] item: Leftovers\n|upkeep\n|turn|13\n|\n|t:|1695184476\n|switch|p1a: Ogerpon|Ogerpon-Hearthflame, F|87/100\n|-ability|p1a: Ogerpon|Mold Breaker\n|move|p2a: Hatterene|Draining Kiss|p1a: Ogerpon\n|-resisted|p1a: Ogerpon\n|-damage|p1a: Ogerpon|73/100\n|\n|-weather|Snow|[upkeep]\n|upkeep\n|turn|14\n|\n|t:|1695184479\n|move|p1a: Ogerpon|Swords Dance|p1a: Ogerpon\n|-boost|p1a: Ogerpon|atk|2\n|move|p2a: Hatterene|Draining Kiss|p1a: Ogerpon\n|-resisted|p1a: Ogerpon\n|-damage|p1a: Ogerpon|59/100\n|\n|-weather|none\n|upkeep\n|turn|15\n|\n|t:|1695184482\n|move|p1a: Ogerpon|Horn Leech|p2a: Hatterene\n|-crit|p2a: Hatterene\n|-damage|p2a: Hatterene|0 fnt\n|-heal|p1a: Ogerpon|100/100|[from] drain|[of] p2a: Hatterene\n|faint|p2a: Hatterene\n|\n|upkeep\n|\n|t:|1695184488\n|switch|p2a: Zamazenta|Zamazenta|100/100\n|turn|16\n|\n|t:|1695184496\n|move|p2a: Zamazenta|Iron Defense|p2a: Zamazenta\n|-boost|p2a: Zamazenta|def|2\n|move|p1a: Ogerpon|Ivy Cudgel|p2a: Zamazenta\n|-damage|p2a: Zamazenta|61/100\n|\n|-heal|p2a: Zamazenta|68/100|[from] item: Leftovers\n|upkeep\n|turn|17\n|\n|t:|1695184501\n|move|p2a: Zamazenta|Body Press|p1a: Ogerpon\n|-damage|p1a: Ogerpon|7/100\n|move|p1a: Ogerpon|Ivy Cudgel|p2a: Zamazenta\n|-damage|p2a: Zamazenta|27/100\n|\n|-heal|p2a: Zamazenta|33/100|[from] item: Leftovers\n|upkeep\n|turn|18\n|\n|t:|1695184505\n|move|p2a: Zamazenta|Body Press|p1a: Ogerpon\n|-damage|p1a: Ogerpon|0 fnt\n|faint|p1a: Ogerpon\n|\n|-heal|p2a: Zamazenta|40/100|[from] item: Leftovers\n|upkeep\n|\n|t:|1695184507\n|switch|p1a: Ursaluna|Ursaluna-Bloodmoon, M|100/100\n|turn|19\n|\n|t:|1695184511\n|-terastallize|p1a: Ursaluna|Fighting\n|move|p2a: Zamazenta|Body Press|p1a: Ursaluna\n|-damage|p1a: Ursaluna|58/100\n|move|p1a: Ursaluna|Blood Moon|p2a: Zamazenta\n|-damage|p2a: Zamazenta|0 fnt\n|faint|p2a: Zamazenta\n|\n|upkeep\n|\n|t:|1695184527\n|switch|p2a: Ursaluna|Ursaluna-Bloodmoon, M|100/100\n|turn|20\n|\n|t:|1695184531\n|move|p2a: Ursaluna|Blood Moon|p1a: Ursaluna\n|-damage|p1a: Ursaluna|0 fnt\n|faint|p1a: Ursaluna\n|\n|upkeep\n|\n|t:|1695184533\n|switch|p1a: Walking Wake|Walking Wake|100/100\n|turn|21\n|\n|t:|1695184543\n|move|p1a: Walking Wake|Hydro Steam|p2a: Ursaluna\n|-supereffective|p2a: Ursaluna\n|-damage|p2a: Ursaluna|0 fnt\n|faint|p2a: Ursaluna\n|\n|upkeep\n|l| jarvisim0_\n|\n|t:|1695184558\n|switch|p2a: Iron Moth|Iron Moth|100/100\n|-enditem|p2a: Iron Moth|Booster Energy\n|-activate|p2a: Iron Moth|ability: Quark Drive|[fromitem]\n|-start|p2a: Iron Moth|quarkdrivespe\n|turn|22\n|\n|t:|1695184561\n|move|p2a: Iron Moth|Dazzling Gleam|p1a: Walking Wake\n|-supereffective|p1a: Walking Wake\n|-damage|p1a: Walking Wake|39/100\n|move|p1a: Walking Wake|Hydro Steam|p2a: Iron Moth\n|-supereffective|p2a: Iron Moth\n|-damage|p2a: Iron Moth|0 fnt\n|faint|p2a: Iron Moth\n|-end|p2a: Iron Moth|Quark Drive|[silent]\n|\n|upkeep\n|\n|t:|1695184563\n|switch|p2a: Ogerpon|Ogerpon-Hearthflame-Tera, F, tera:Fire|59/100\n|-ability|p2a: Ogerpon|Embody Aspect (Hearthflame)|boost\n|-boost|p2a: Ogerpon|atk|1\n|turn|23\n|\n|t:|1695184567\n|move|p2a: Ogerpon|Play Rough|p1a: Walking Wake|[miss]\n|-miss|p2a: Ogerpon|p1a: Walking Wake\n|move|p1a: Walking Wake|Hydro Steam|p2a: Ogerpon\n|-supereffective|p2a: Ogerpon\n|-damage|p2a: Ogerpon|0 fnt\n|faint|p2a: Ogerpon\n|\n|win|4war4e\n|raw|4war4e's rating: 1604 &rarr; <strong>1629</strong><br />(+25 for winning)\n|raw|chompsupremacy's rating: 1696 &rarr; <strong>1671</strong><br />(-25 for losing)\n|l|\u2606chompsupremacy\n", "uploadtime": 1695184570, "views": 12, "p1id": "4war4e", "p2id": "chompsupremacy", "formatid": "gen9ou", "rating": 1629, "private": 0, "password": ""}