{"id": "gen9ou-1947609479", "p1": "BolasTruther10076", "p2": "KatySimp", "format": "gen9ou", "log": "|j|\u2606BolasTruther10076\n|j|\u2606KatySimp\n|t:|1695177533\n|gametype|singles\n|player|p1|BolasTruther10076|101|1017\n|player|p2|KatySimp|266|1000\n|teamsize|p1|6\n|teamsize|p2|6\n|gen|9\n|tier|[Gen 9] OU\n|rated|\n|rule|Sleep Clause Mod: Limit one foe put to sleep\n|rule|Species Clause: Limit one of each Pok\u00e9mon\n|rule|OHKO Clause: OHKO moves are banned\n|rule|Evasion Items Clause: Evasion items are banned\n|rule|Evasion Moves Clause: Evasion moves are banned\n|rule|Endless Battle Clause: Forcing endless battles is banned\n|rule|HP Percentage Mod: HP is shown in percentages\n|clearpoke\n|poke|p1|Gholdengo|\n|poke|p1|Garchomp, F|\n|poke|p1|Gengar, M|\n|poke|p1|Grimmsnarl, M|\n|poke|p1|Ogerpon-Wellspring, F|\n|poke|p1|Iron Treads|\n|poke|p2|Empoleon, F|\n|poke|p2|Torterra, F|\n|poke|p2|Infernape, F|\n|poke|p2|Ursaluna-Bloodmoon, M|\n|poke|p2|Clefable, F|\n|poke|p2|Mandibuzz, F|\n|teampreview\n|\n|t:|1695177545\n|start\n|switch|p1a: Grimmsnarl|Grimmsnarl, M|100/100\n|switch|p2a: good girl|Clefable, F|100/100\n|turn|1\n|\n|t:|1695177581\n|move|p1a: Grimmsnarl|Taunt|p2a: good girl\n|-start|p2a: good girl|move: Taunt\n|cant|p2a: good girl|move: Taunt|Calm Mind\n|\n|upkeep\n|turn|2\n|\n|t:|1695177587\n|move|p1a: Grimmsnarl|Parting Shot|p2a: good girl\n|-unboost|p2a: good girl|atk|1\n|-unboost|p2a: good girl|spa|1\n|\n|t:|1695177593\n|switch|p1a: Garchomp|Garchomp, F|100/100|[from] Parting Shot\n|move|p2a: good girl|Moonblast|p1a: Garchomp\n|-supereffective|p1a: Garchomp\n|-damage|p1a: Garchomp|38/100\n|\n|-heal|p1a: Garchomp|45/100|[from] item: Leftovers\n|upkeep\n|turn|3\n|\n|t:|1695177607\n|switch|p2a: freddy fazbear|Ursaluna-Bloodmoon, M|100/100\n|move|p1a: Garchomp|Swords Dance|p1a: Garchomp\n|-boost|p1a: Garchomp|atk|2\n|\n|-heal|p1a: Garchomp|51/100|[from] item: Leftovers\n|upkeep\n|turn|4\n|\n|t:|1695177623\n|move|p1a: Garchomp|Scale Shot|p2a: freddy fazbear\n|-damage|p2a: freddy fazbear|83/100\n|-damage|p2a: freddy fazbear|66/100\n|-damage|p2a: freddy fazbear|50/100\n|-damage|p2a: freddy fazbear|32/100\n|-hitcount|p2a: freddy fazbear|4\n|-unboost|p1a: Garchomp|def|1\n|-boost|p1a: Garchomp|spe|1\n|move|p2a: freddy fazbear|Blood Moon|p1a: Garchomp\n|-crit|p1a: Garchomp\n|-damage|p1a: Garchomp|0 fnt\n|faint|p1a: Garchomp\n|\n|upkeep\n|\n|t:|1695177646\n|switch|p1a: Grimmsnarl|Grimmsnarl, M|100/100\n|turn|5\n|\n|t:|1695177659\n|switch|p2a: goku from fortnite|Infernape, F|100/100\n|move|p1a: Grimmsnarl|Reflect|p1a: Grimmsnarl\n|-sidestart|p1: BolasTruther10076|Reflect\n|\n|upkeep\n|turn|6\n|\n|t:|1695177670\n|move|p1a: Grimmsnarl|Parting Shot|p2a: goku from fortnite\n|-unboost|p2a: goku from fortnite|atk|1\n|-unboost|p2a: goku from fortnite|spa|1\n|\n|t:|1695177678\n|switch|p1a: Ogerpon|Ogerpon-Wellspring, F|100/100|[from] Parting Shot\n|move|p2a: goku from fortnite|Swords Dance|p2a: goku from fortnite\n|-boost|p2a: goku from fortnite|atk|2\n|\n|upkeep\n|turn|7\n|\n|t:|1695177693\n|-terastallize|p2a: goku from fortnite|Fire\n|move|p2a: goku from fortnite|Raging Fury|p1a: Ogerpon\n|-damage|p1a: Ogerpon|15/100\n|-damage|p2a: goku from fortnite|91/100|[from] item: Life Orb\n|move|p1a: Ogerpon|Swords Dance|p1a: Ogerpon\n|-boost|p1a: Ogerpon|atk|2\n|\n|upkeep\n|turn|8\n|\n|t:|1695177707\n|-terastallize|p1a: Ogerpon|Water\n|detailschange|p1a: Ogerpon|Ogerpon-Wellspring-Tera, F, tera:Water\n|-ability|p1a: Ogerpon|Embody Aspect (Wellspring)|boost\n|-boost|p1a: Ogerpon|spd|1\n|move|p2a: goku from fortnite|Raging Fury|p1a: Ogerpon|[from]lockedmove\n|-resisted|p1a: Ogerpon\n|-damage|p1a: Ogerpon|0 fnt\n|faint|p1a: Ogerpon\n|-damage|p2a: goku from fortnite|81/100|[from] item: Life Orb\n|-start|p2a: goku from fortnite|confusion|[fatigue]\n|\n|upkeep\n|-message|BolasTruther10076 forfeited.\n|\n|win|KatySimp\n|raw|BolasTruther10076's rating: 1017 &rarr; <strong>1004</strong><br />(-13 for losing)\n|raw|KatySimp's rating: 1000 &rarr; <strong>1042</strong><br />(+42 for winning)\n|l|\u2606BolasTruther10076\n", "uploadtime": 1695177723, "views": 3, "p1id": "bolastruther10076", "p2id": "katysimp", "formatid": "gen9ou", "rating": 1004, "private": 0, "password": ""}