{"id": "gen9ou-1947618841", "p1": "updog_haha", "p2": "Yobo Blue", "format": "gen9ou", "log": "|j|\u2606updog_haha\n|j|\u2606Yobo Blue\n|t:|1695178502\n|gametype|singles\n|player|p1|updog_haha|169|1492\n|player|p2|Yobo Blue|lucas|1435\n|teamsize|p1|6\n|teamsize|p2|6\n|gen|9\n|tier|[Gen 9] OU\n|rated|\n|rule|Sleep Clause Mod: Limit one foe put to sleep\n|rule|Species Clause: Limit one of each Pok\u00e9mon\n|rule|OHKO Clause: OHKO moves are banned\n|rule|Evasion Items Clause: Evasion items are banned\n|rule|Evasion Moves Clause: Evasion moves are banned\n|rule|Endless Battle Clause: Forcing endless battles is banned\n|rule|HP Percentage Mod: HP is shown in percentages\n|clearpoke\n|poke|p1|Rillaboom, F|\n|poke|p1|Ogerpon-Hearthflame, F|\n|poke|p1|Toxapex, F|\n|poke|p1|Sandy Shocks|\n|poke|p1|Corviknight, F|\n|poke|p1|Great Tusk|\n|poke|p2|Gholdengo|\n|poke|p2|Clefable, F|\n|poke|p2|Gliscor, M|\n|poke|p2|Ursaluna-Bloodmoon, M|\n|poke|p2|Ogerpon-Wellspring, F|\n|poke|p2|Glimmora, F|\n|teampreview\n|inactive|Battle timer is ON: inactive players will automatically lose when time's up. (requested by updog_haha)\n|inactive|Yobo Blue also wants the timer to be on.\n|\n|t:|1695178511\n|start\n|switch|p1a: Sandy Shocks|Sandy Shocks|100/100\n|switch|p2a: Glimmora|Glimmora, F|100/100\n|turn|1\n|\n|t:|1695178517\n|move|p2a: Glimmora|Spiky Shield|p2a: Glimmora\n|-singleturn|p2a: Glimmora|move: Protect\n|move|p1a: Sandy Shocks|Earth Power|p2a: Glimmora\n|-activate|p2a: Glimmora|move: Protect\n|\n|upkeep\n|turn|2\n|\n|t:|1695178523\n|-terastallize|p2a: Glimmora|Ground\n|move|p1a: Sandy Shocks|Earth Power|p2a: Glimmora\n|-damage|p2a: Glimmora|45/100\n|move|p2a: Glimmora|Earth Power|p1a: Sandy Shocks\n|-supereffective|p1a: Sandy Shocks\n|-damage|p1a: Sandy Shocks|0 fnt\n|faint|p1a: Sandy Shocks\n|-end|p1a: Sandy Shocks|Protosynthesis|[silent]\n|\n|upkeep\n|\n|t:|1695178529\n|switch|p1a: Rillaboom|Rillaboom, F|100/100\n|-fieldstart|move: Grassy Terrain|[from] ability: Grassy Surge|[of] p1a: Rillaboom\n|turn|3\n|\n|t:|1695178535\n|move|p2a: Glimmora|Spiky Shield|p2a: Glimmora\n|-singleturn|p2a: Glimmora|move: Protect\n|move|p1a: Rillaboom|U-turn|p2a: Glimmora\n|-activate|p2a: Glimmora|move: Protect\n|-damage|p1a: Rillaboom|88/100|[from] Spiky Shield|[of] p2a: Glimmora\n|\n|-heal|p2a: Glimmora|51/100|[from] Grassy Terrain\n|-heal|p1a: Rillaboom|94/100|[from] Grassy Terrain\n|upkeep\n|turn|4\n|\n|t:|1695178544\n|move|p1a: Rillaboom|Grassy Glide|p2a: Glimmora\n|-supereffective|p2a: Glimmora\n|-damage|p2a: Glimmora|0 fnt\n|-activate|p2a: Glimmora|ability: Toxic Debris\n|-sidestart|p1: updog_haha|move: Toxic Spikes\n|faint|p2a: Glimmora\n|\n|-heal|p1a: Rillaboom|99/100|[from] Grassy Terrain\n|upkeep\n|\n|t:|1695178564\n|switch|p2a: Gliscor|Gliscor, M|100/100\n|turn|5\n|\n|t:|1695178568\n|move|p2a: Gliscor|Toxic|p1a: Rillaboom\n|-status|p1a: Rillaboom|tox\n|move|p1a: Rillaboom|Knock Off|p2a: Gliscor\n|-damage|p2a: Gliscor|72/100\n|-enditem|p2a: Gliscor|Toxic Orb|[from] move: Knock Off|[of] p1a: Rillaboom\n|\n|-heal|p1a: Rillaboom|100/100 tox|[from] Grassy Terrain\n|-damage|p1a: Rillaboom|94/100 tox|[from] psn\n|upkeep\n|turn|6\n|\n|t:|1695178577\n|move|p2a: Gliscor|Fire Fang|p1a: Rillaboom\n|-supereffective|p1a: Rillaboom\n|-damage|p1a: Rillaboom|56/100 tox\n|move|p1a: Rillaboom|U-turn|p2a: Gliscor\n|-resisted|p2a: Gliscor\n|-damage|p2a: Gliscor|61/100\n|\n|t:|1695178580\n|switch|p1a: Toxapex|Toxapex, F, shiny|100/100|[from] U-turn\n|-sideend|p1: updog_haha|move: Toxic Spikes|[of] p1a: Toxapex\n|\n|upkeep\n|turn|7\n|\n|t:|1695178586\n|move|p2a: Gliscor|Earthquake|p1a: Toxapex\n|-supereffective|p1a: Toxapex\n|-damage|p1a: Toxapex|71/100\n|move|p1a: Toxapex|Surf|p2a: Gliscor\n|-supereffective|p2a: Gliscor\n|-damage|p2a: Gliscor|18/100\n|\n|-heal|p1a: Toxapex|77/100|[from] Grassy Terrain\n|-heal|p1a: Toxapex|83/100|[from] item: Leftovers\n|upkeep\n|turn|8\n|\n|t:|1695178594\n|move|p2a: Gliscor|Earthquake|p1a: Toxapex\n|-supereffective|p1a: Toxapex\n|-damage|p1a: Toxapex|52/100\n|move|p1a: Toxapex|Surf|p2a: Gliscor\n|-supereffective|p2a: Gliscor\n|-damage|p2a: Gliscor|0 fnt\n|faint|p2a: Gliscor\n|\n|-heal|p1a: Toxapex|58/100|[from] Grassy Terrain\n|-heal|p1a: Toxapex|64/100|[from] item: Leftovers\n|upkeep\n|\n|t:|1695178604\n|switch|p2a: Ogerpon|Ogerpon-Wellspring, F|100/100\n|turn|9\n|\n|t:|1695178609\n|move|p2a: Ogerpon|Swords Dance|p2a: Ogerpon\n|-boost|p2a: Ogerpon|atk|2\n|move|p1a: Toxapex|Infestation|p2a: Ogerpon\n|-supereffective|p2a: Ogerpon\n|-damage|p2a: Ogerpon|94/100\n|-activate|p2a: Ogerpon|move: Infestation|[of] p1a: Toxapex\n|\n|-heal|p2a: Ogerpon|99/100|[from] Grassy Terrain\n|-heal|p1a: Toxapex|71/100|[from] Grassy Terrain\n|-heal|p1a: Toxapex|77/100|[from] item: Leftovers\n|-damage|p2a: Ogerpon|88/100|[from] move: Infestation|[partiallytrapped]\n|upkeep\n|turn|10\n|\n|t:|1695178620\n|move|p2a: Ogerpon|Trailblaze|p1a: Toxapex\n|-damage|p1a: Toxapex|32/100\n|-boost|p2a: Ogerpon|spe|1\n|move|p1a: Toxapex|Haze|p1a: Toxapex\n|-clearallboost\n|\n|-heal|p2a: Ogerpon|94/100|[from] Grassy Terrain\n|-heal|p1a: Toxapex|38/100|[from] Grassy Terrain\n|-heal|p1a: Toxapex|45/100|[from] item: Leftovers\n|-damage|p2a: Ogerpon|81/100|[from] move: Infestation|[partiallytrapped]\n|-fieldend|move: Grassy Terrain\n|upkeep\n|turn|11\n|\n|t:|1695178631\n|move|p2a: Ogerpon|Swords Dance|p2a: Ogerpon\n|-boost|p2a: Ogerpon|atk|2\n|move|p1a: Toxapex|Recover|p1a: Toxapex\n|-heal|p1a: Toxapex|95/100\n|\n|-heal|p1a: Toxapex|100/100|[from] item: Leftovers\n|-damage|p2a: Ogerpon|69/100|[from] move: Infestation|[partiallytrapped]\n|upkeep\n|turn|12\n|\n|t:|1695178638\n|move|p2a: Ogerpon|Horn Leech|p1a: Toxapex\n|-damage|p1a: Toxapex|41/100\n|-heal|p2a: Ogerpon|99/100|[from] drain|[of] p1a: Toxapex\n|move|p1a: Toxapex|Haze|p1a: Toxapex\n|-clearallboost\n|\n|-heal|p1a: Toxapex|48/100|[from] item: Leftovers\n|-damage|p2a: Ogerpon|87/100|[from] move: Infestation|[partiallytrapped]\n|upkeep\n|turn|13\n|\n|t:|1695178648\n|switch|p1a: Corviknight|Corviknight, F|100/100\n|-ability|p1a: Corviknight|Pressure\n|move|p2a: Ogerpon|Swords Dance|p2a: Ogerpon\n|-boost|p2a: Ogerpon|atk|2\n|\n|-end|p2a: Ogerpon|Infestation|[partiallytrapped]\n|upkeep\n|turn|14\n|\n|t:|1695178658\n|move|p2a: Ogerpon|Ivy Cudgel|p1a: Corviknight\n|-damage|p1a: Corviknight|25/100\n|move|p1a: Corviknight|Iron Defense|p1a: Corviknight\n|-boost|p1a: Corviknight|def|2\n|\n|-heal|p1a: Corviknight|31/100|[from] item: Leftovers\n|upkeep\n|turn|15\n|\n|t:|1695178677\n|move|p2a: Ogerpon|Ivy Cudgel|p1a: Corviknight\n|-damage|p1a: Corviknight|0 fnt\n|faint|p1a: Corviknight\n|\n|upkeep\n|\n|t:|1695178679\n|switch|p1a: Rillaboom|Rillaboom, F|56/100 tox\n|-fieldstart|move: Grassy Terrain|[from] ability: Grassy Surge|[of] p1a: Rillaboom\n|turn|16\n|\n|t:|1695178688\n|move|p2a: Ogerpon|Horn Leech|p1a: Rillaboom\n|-resisted|p1a: Rillaboom\n|-damage|p1a: Rillaboom|0 fnt\n|-heal|p2a: Ogerpon|100/100|[from] drain|[of] p1a: Rillaboom\n|faint|p1a: Rillaboom\n|\n|upkeep\n|\n|t:|1695178691\n|switch|p1a: Ogerpon|Ogerpon-Hearthflame, F|100/100\n|-ability|p1a: Ogerpon|Mold Breaker\n|turn|17\n|\n|t:|1695178698\n|-terastallize|p1a: Ogerpon|Fire\n|detailschange|p1a: Ogerpon|Ogerpon-Hearthflame-Tera, F, tera:Fire\n|-ability|p1a: Ogerpon|Embody Aspect (Hearthflame)|boost\n|-boost|p1a: Ogerpon|atk|1\n|move|p1a: Ogerpon|Ivy Cudgel|p2a: Ogerpon\n|-damage|p2a: Ogerpon|0 fnt\n|faint|p2a: Ogerpon\n|\n|upkeep\n|c|\u2606updog_haha|ayy\n|\n|t:|1695178708\n|switch|p2a: Clefable|Clefable, F|100/100\n|turn|18\n|\n|t:|1695178716\n|move|p1a: Ogerpon|Swords Dance|p1a: Ogerpon\n|-boost|p1a: Ogerpon|atk|2\n|move|p2a: Clefable|Cosmic Power|p2a: Clefable\n|-boost|p2a: Clefable|def|1\n|-boost|p2a: Clefable|spd|1\n|\n|upkeep\n|turn|19\n|\n|t:|1695178721\n|move|p1a: Ogerpon|Ivy Cudgel|p2a: Clefable\n|-crit|p2a: Clefable\n|-damage|p2a: Clefable|0 fnt\n|faint|p2a: Clefable\n|\n|upkeep\n|\n|t:|1695178726\n|switch|p2a: Ursaluna|Ursaluna-Bloodmoon, M|100/100\n|turn|20\n|\n|t:|1695178729\n|move|p1a: Ogerpon|Grassy Glide|p2a: Ursaluna\n|-supereffective|p2a: Ursaluna\n|-damage|p2a: Ursaluna|0 fnt\n|faint|p2a: Ursaluna\n|\n|upkeep\n|-message|Yobo Blue forfeited.\n|\n|win|updog_haha\n|raw|updog_haha's rating: 1492 &rarr; <strong>1509</strong><br />(+17 for winning)\n|raw|Yobo Blue's rating: 1435 &rarr; <strong>1418</strong><br />(-17 for losing)\n|l|\u2606Yobo Blue\n", "uploadtime": 1695178751, "views": 6, "p1id": "updoghaha", "p2id": "yoboblue", "formatid": "gen9ou", "rating": 1418, "private": 0, "password": ""}