{"id": "gen9ou-1947684649", "p1": "humourme", "p2": "royalaegis1234", "format": "gen9ou", "log": "|j|\u2606humourme\n|j|\u2606royalaegis1234\n|t:|1695186730\n|gametype|singles\n|player|p1|humourme|pokemonranger|1466\n|player|p2|royalaegis1234|bellelba|1370\n|teamsize|p1|6\n|teamsize|p2|6\n|gen|9\n|tier|[Gen 9] OU\n|rated|\n|rule|Sleep Clause Mod: Limit one foe put to sleep\n|rule|Species Clause: Limit one of each Pok\u00e9mon\n|rule|OHKO Clause: OHKO moves are banned\n|rule|Evasion Items Clause: Evasion items are banned\n|rule|Evasion Moves Clause: Evasion moves are banned\n|rule|Endless Battle Clause: Forcing endless battles is banned\n|rule|HP Percentage Mod: HP is shown in percentages\n|clearpoke\n|poke|p1|Munkidori, M|\n|poke|p1|Mamoswine, F|\n|poke|p1|Iron Treads|\n|poke|p1|Samurott-Hisui, F|\n|poke|p1|Trevenant, M|\n|poke|p1|Okidogi, M|\n|poke|p2|Gliscor, F|\n|poke|p2|Ninetales-Alola, F|\n|poke|p2|Dragonite, M|\n|poke|p2|Manaphy|\n|poke|p2|Ogerpon-Hearthflame, F|\n|poke|p2|Glimmora, M|\n|teampreview\n|\n|t:|1695186737\n|start\n|switch|p1a: Iron Treads|Iron Treads|100/100\n|switch|p2a: Glimmora|Glimmora, M|100/100\n|-enditem|p1a: Iron Treads|Booster Energy\n|-activate|p1a: Iron Treads|ability: Quark Drive|[fromitem]\n|-start|p1a: Iron Treads|quarkdrivespe\n|turn|1\n|\n|t:|1695186752\n|switch|p2a: Gliscor|Gliscor, F|100/100\n|move|p1a: Iron Treads|Earth Power|p2a: Gliscor\n|-immune|p2a: Gliscor\n|\n|-status|p2a: Gliscor|tox|[from] item: Toxic Orb\n|upkeep\n|turn|2\n|\n|t:|1695186768\n|move|p1a: Iron Treads|Knock Off|p2a: Gliscor\n|-damage|p2a: Gliscor|75/100 tox\n|-enditem|p2a: Gliscor|Toxic Orb|[from] move: Knock Off|[of] p1a: Iron Treads\n|move|p2a: Gliscor|Swords Dance|p2a: Gliscor\n|-boost|p2a: Gliscor|atk|2\n|\n|-heal|p2a: Gliscor|88/100 tox|[from] ability: Poison Heal\n|upkeep\n|turn|3\n|\n|t:|1695186778\n|move|p1a: Iron Treads|Steel Beam|p2a: Gliscor\n|-damage|p2a: Gliscor|1/100 tox\n|-damage|p1a: Iron Treads|50/100|[from] steelbeam\n|move|p2a: Gliscor|Earthquake|p1a: Iron Treads\n|-supereffective|p1a: Iron Treads\n|-damage|p1a: Iron Treads|0 fnt\n|faint|p1a: Iron Treads\n|-end|p1a: Iron Treads|Quark Drive|[silent]\n|\n|-heal|p2a: Gliscor|13/100 tox|[from] ability: Poison Heal\n|upkeep\n|\n|t:|1695186797\n|switch|p1a: Mamoswine|Mamoswine, F|100/100\n|turn|4\n|\n|t:|1695186838\n|switch|p2a: Glimmora|Glimmora, M|100/100\n|move|p1a: Mamoswine|Stealth Rock|p2a: Glimmora\n|-sidestart|p2: royalaegis1234|move: Stealth Rock\n|\n|upkeep\n|turn|5\n|inactive|Battle timer is ON: inactive players will automatically lose when time's up. (requested by royalaegis1234)\n|\n|t:|1695186846\n|move|p2a: Glimmora|Mortal Spin|p1a: Mamoswine\n|-resisted|p1a: Mamoswine\n|-crit|p1a: Mamoswine\n|-damage|p1a: Mamoswine|95/100\n|-status|p1a: Mamoswine|psn\n|-sideend|p2: royalaegis1234|Stealth Rock|[from] move: Mortal Spin|[of] p2a: Glimmora\n|move|p1a: Mamoswine|Earthquake|p2a: Glimmora\n|-supereffective|p2a: Glimmora\n|-enditem|p2a: Glimmora|Focus Sash\n|-damage|p2a: Glimmora|1/100\n|-activate|p2a: Glimmora|ability: Toxic Debris\n|-sidestart|p1: humourme|move: Toxic Spikes\n|\n|-damage|p1a: Mamoswine|83/100 psn|[from] psn\n|upkeep\n|turn|6\n|\n|t:|1695186871\n|move|p1a: Mamoswine|Ice Shard|p2a: Glimmora\n|-damage|p2a: Glimmora|0 fnt\n|-activate|p2a: Glimmora|ability: Toxic Debris\n|-sidestart|p1: humourme|move: Toxic Spikes\n|faint|p2a: Glimmora\n|\n|-damage|p1a: Mamoswine|70/100 psn|[from] psn\n|upkeep\n|inactive|royalaegis1234 has 120 seconds left.\n|\n|t:|1695186886\n|switch|p2a: Ogerpon|Ogerpon-Hearthflame, F|100/100\n|-ability|p2a: Ogerpon|Mold Breaker\n|turn|7\n|\n|t:|1695186896\n|switch|p1a: Okidogi|Okidogi, M|100/100\n|-sideend|p1: humourme|move: Toxic Spikes|[of] p1a: Okidogi\n|move|p2a: Ogerpon|Ivy Cudgel|p1a: Okidogi\n|-damage|p1a: Okidogi|66/100\n|\n|-heal|p1a: Okidogi|72/100|[from] item: Leftovers\n|upkeep\n|turn|8\n|inactive|royalaegis1234 has 120 seconds left.\n|\n|t:|1695186912\n|move|p2a: Ogerpon|U-turn|p1a: Okidogi\n|-resisted|p1a: Okidogi\n|-damage|p1a: Okidogi|68/100\n|inactive|royalaegis1234 has 120 seconds left.\n|\n|t:|1695186919\n|switch|p2a: Ninetales|Ninetales-Alola, F|100/100|[from] U-turn\n|-weather|Snow|[from] ability: Snow Warning|[of] p2a: Ninetales\n|move|p1a: Okidogi|Bulk Up|p1a: Okidogi\n|-boost|p1a: Okidogi|atk|1\n|-boost|p1a: Okidogi|def|1\n|\n|-weather|Snow|[upkeep]\n|-heal|p1a: Okidogi|74/100|[from] item: Leftovers\n|upkeep\n|turn|9\n|inactive|royalaegis1234 has 120 seconds left.\n|\n|t:|1695186933\n|move|p2a: Ninetales|Aurora Veil|p2a: Ninetales\n|-sidestart|p2: royalaegis1234|move: Aurora Veil\n|move|p1a: Okidogi|Drain Punch|p2a: Ninetales\n|-damage|p2a: Ninetales|82/100\n|-heal|p1a: Okidogi|83/100|[from] drain|[of] p2a: Ninetales\n|-status|p2a: Ninetales|tox|[from] ability: Toxic Chain|[of] p1a: Okidogi\n|\n|-weather|Snow|[upkeep]\n|-heal|p1a: Okidogi|89/100|[from] item: Leftovers\n|-damage|p2a: Ninetales|76/100 tox|[from] psn\n|upkeep\n|turn|10\n|inactive|royalaegis1234 has 120 seconds left.\n|\n|t:|1695186944\n|move|p2a: Ninetales|Hypnosis|p1a: Okidogi\n|-status|p1a: Okidogi|slp|[from] move: Hypnosis\n|cant|p1a: Okidogi|slp\n|\n|-weather|Snow|[upkeep]\n|-heal|p1a: Okidogi|95/100 slp|[from] item: Leftovers\n|-damage|p2a: Ninetales|64/100 tox|[from] psn\n|upkeep\n|turn|11\n|inactive|royalaegis1234 has 120 seconds left.\n|\n|t:|1695186971\n|switch|p2a: Manaphy|Manaphy|100/100\n|cant|p1a: Okidogi|slp\n|\n|-weather|Snow|[upkeep]\n|-heal|p1a: Okidogi|100/100 slp|[from] item: Leftovers\n|upkeep\n|turn|12\n|\n|t:|1695186976\n|switch|p1a: Samurott|Samurott-Hisui, F|100/100\n|move|p2a: Manaphy|Tail Glow|p2a: Manaphy\n|-boost|p2a: Manaphy|spa|3\n|\n|-weather|none\n|upkeep\n|turn|13\n|\n|t:|1695186988\n|move|p2a: Manaphy|Energy Ball|p1a: Samurott\n|-supereffective|p1a: Samurott\n|-damage|p1a: Samurott|27/100\n|move|p1a: Samurott|Ceaseless Edge|p2a: Manaphy\n|-damage|p2a: Manaphy|85/100\n|-sidestart|p2: royalaegis1234|Spikes\n|\n|-heal|p2a: Manaphy|91/100|[from] item: Leftovers\n|upkeep\n|turn|14\n|\n|t:|1695187003\n|move|p2a: Manaphy|Energy Ball|p1a: Samurott\n|-supereffective|p1a: Samurott\n|-damage|p1a: Samurott|0 fnt\n|faint|p1a: Samurott\n|\n|-heal|p2a: Manaphy|97/100|[from] item: Leftovers\n|upkeep\n|\n|t:|1695187021\n|switch|p1a: Trevenant|Trevenant, M|100/100\n|turn|15\n|\n|t:|1695187027\n|-terastallize|p2a: Manaphy|Fairy\n|move|p2a: Manaphy|Ice Beam|p1a: Trevenant\n|-supereffective|p1a: Trevenant\n|-damage|p1a: Trevenant|0 fnt\n|faint|p1a: Trevenant\n|\n|-heal|p2a: Manaphy|100/100|[from] item: Leftovers\n|upkeep\n|\n|t:|1695187037\n|switch|p1a: Mamoswine|Mamoswine, F|70/100 psn\n|turn|16\n|\n|t:|1695187041\n|move|p1a: Mamoswine|Earthquake|p2a: Manaphy\n|-damage|p2a: Manaphy|77/100\n|move|p2a: Manaphy|Surf|p1a: Mamoswine\n|-supereffective|p1a: Mamoswine\n|-damage|p1a: Mamoswine|0 fnt\n|faint|p1a: Mamoswine\n|\n|-heal|p2a: Manaphy|83/100|[from] item: Leftovers\n|-sideend|p2: royalaegis1234|move: Aurora Veil\n|upkeep\n|\n|t:|1695187045\n|switch|p1a: Munkidori|Munkidori, M|100/100\n|turn|17\n|inactive|royalaegis1234 has 120 seconds left.\n|\n|t:|1695187072\n|move|p1a: Munkidori|Sludge Wave|p2a: Manaphy\n|-supereffective|p2a: Manaphy\n|-damage|p2a: Manaphy|2/100\n|-status|p2a: Manaphy|tox|[from] ability: Toxic Chain|[of] p1a: Munkidori\n|move|p2a: Manaphy|Surf|p1a: Munkidori\n|-damage|p1a: Munkidori|0 fnt\n|faint|p1a: Munkidori\n|\n|-heal|p2a: Manaphy|8/100 tox|[from] item: Leftovers\n|-damage|p2a: Manaphy|2/100 tox|[from] psn\n|upkeep\n|\n|t:|1695187076\n|switch|p1a: Okidogi|Okidogi, M|100/100 slp\n|turn|18\n|\n|t:|1695187087\n|move|p2a: Manaphy|Surf|p1a: Okidogi\n|-damage|p1a: Okidogi|0 fnt\n|faint|p1a: Okidogi\n|\n|win|royalaegis1234\n|raw|humourme's rating: 1466 &rarr; <strong>1441</strong><br />(-25 for losing)\n|raw|royalaegis1234's rating: 1370 &rarr; <strong>1395</strong><br />(+25 for winning)\n|l|\u2606humourme\n|c|\u2606royalaegis1234|Manaphiesnuts\n", "uploadtime": 1695187114, "views": 5, "p1id": "humourme", "p2id": "royalaegis1234", "formatid": "gen9ou", "rating": 1395, "private": 0, "password": ""}