{"id": "gen9ou-1947695568", "p1": "opopqwe", "p2": "Ladder Lady Janie", "format": "gen9ou", "log": "|j|\u2606opopqwe\n|j|\u2606Ladder Lady Janie\n|t:|1695188399\n|gametype|singles\n|player|p1|opopqwe|preschoolerf|1000\n|player|p2|Ladder Lady Janie|lady-gen4|1059\n|teamsize|p1|6\n|teamsize|p2|6\n|gen|9\n|tier|[Gen 9] OU\n|rated|\n|rule|Sleep Clause Mod: Limit one foe put to sleep\n|rule|Species Clause: Limit one of each Pok\u00e9mon\n|rule|OHKO Clause: OHKO moves are banned\n|rule|Evasion Items Clause: Evasion items are banned\n|rule|Evasion Moves Clause: Evasion moves are banned\n|rule|Endless Battle Clause: Forcing endless battles is banned\n|rule|HP Percentage Mod: HP is shown in percentages\n|clearpoke\n|poke|p1|Dondozo, F|\n|poke|p1|Dragonite, F|\n|poke|p1|Gliscor, M|\n|poke|p1|Torkoal, M|\n|poke|p1|Heatran, F|\n|poke|p1|Tyranitar, M|\n|poke|p2|Arbok, M|\n|poke|p2|Garganacl, F|\n|poke|p2|Tyranitar, M|\n|poke|p2|Corviknight, F|\n|poke|p2|Sandslash, M|\n|poke|p2|Rotom-Mow|\n|teampreview\n|c|\u2606Ladder Lady Janie|glhf\n|\n|t:|1695188421\n|start\n|switch|p1a: Tyranitar|Tyranitar, M|100/100\n|switch|p2a: Rotom|Rotom-Mow|100/100\n|-weather|Sandstorm|[from] ability: Sand Stream|[of] p1a: Tyranitar\n|turn|1\n|\n|t:|1695188430\n|move|p2a: Rotom|Volt Switch|p1a: Tyranitar\n|-damage|p1a: Tyranitar|82/100\n|\n|t:|1695188446\n|switch|p2a: Arbok|Arbok, M|100/100|[from] Volt Switch\n|-ability|p2a: Arbok|Intimidate|boost\n|-unboost|p1a: Tyranitar|atk|1\n|move|p1a: Tyranitar|Dragon Dance|p1a: Tyranitar\n|-boost|p1a: Tyranitar|atk|1\n|-boost|p1a: Tyranitar|spe|1\n|\n|-weather|Sandstorm|[upkeep]\n|-damage|p2a: Arbok|94/100|[from] Sandstorm\n|upkeep\n|turn|2\n|\n|t:|1695188458\n|move|p1a: Tyranitar|Earthquake|p2a: Arbok\n|-supereffective|p2a: Arbok\n|-enditem|p2a: Arbok|Shuca Berry|[eat]\n|-enditem|p2a: Arbok|Shuca Berry|[weaken]\n|-damage|p2a: Arbok|39/100\n|move|p2a: Arbok|Toxic|p1a: Tyranitar\n|-status|p1a: Tyranitar|tox\n|\n|-weather|Sandstorm|[upkeep]\n|-damage|p2a: Arbok|33/100|[from] Sandstorm\n|-damage|p1a: Tyranitar|75/100 tox|[from] psn\n|upkeep\n|turn|3\n|\n|t:|1695188465\n|switch|p2a: Rotom|Rotom-Mow|100/100\n|move|p1a: Tyranitar|Stone Edge|p2a: Rotom\n|-damage|p2a: Rotom|28/100\n|\n|-weather|Sandstorm|[upkeep]\n|-damage|p2a: Rotom|22/100|[from] Sandstorm\n|-damage|p1a: Tyranitar|63/100 tox|[from] psn\n|upkeep\n|turn|4\n|\n|t:|1695188475\n|move|p2a: Rotom|Leaf Storm|p1a: Tyranitar\n|-supereffective|p1a: Tyranitar\n|-damage|p1a: Tyranitar|0 fnt\n|-unboost|p2a: Rotom|spa|2\n|faint|p1a: Tyranitar\n|\n|-weather|Sandstorm|[upkeep]\n|-damage|p2a: Rotom|15/100|[from] Sandstorm\n|upkeep\n|\n|t:|1695188483\n|switch|p1a: Gliscor|Gliscor, M|100/100\n|turn|5\n|\n|t:|1695188493\n|switch|p2a: Tyranitar|Tyranitar, M|100/100\n|move|p1a: Gliscor|Swords Dance|p1a: Gliscor\n|-boost|p1a: Gliscor|atk|2\n|\n|-weather|none\n|-status|p1a: Gliscor|tox|[from] item: Toxic Orb\n|upkeep\n|turn|6\n|\n|t:|1695188515\n|-terastallize|p1a: Gliscor|Water\n|-terastallize|p2a: Tyranitar|Rock\n|move|p1a: Gliscor|Swords Dance|p1a: Gliscor\n|-boost|p1a: Gliscor|atk|2\n|move|p2a: Tyranitar|Ice Punch|p1a: Gliscor\n|-resisted|p1a: Gliscor\n|-damage|p1a: Gliscor|86/100 tox\n|\n|-heal|p1a: Gliscor|99/100 tox|[from] ability: Poison Heal\n|upkeep\n|turn|7\n|\n|t:|1695188529\n|move|p1a: Gliscor|Swords Dance|p1a: Gliscor\n|-boost|p1a: Gliscor|atk|2\n|move|p2a: Tyranitar|Thunder Punch|p1a: Gliscor\n|-supereffective|p1a: Gliscor\n|-damage|p1a: Gliscor|42/100 tox\n|\n|-heal|p1a: Gliscor|55/100 tox|[from] ability: Poison Heal\n|upkeep\n|turn|8\n|\n|t:|1695188536\n|move|p1a: Gliscor|Stone Edge|p2a: Tyranitar\n|-damage|p2a: Tyranitar|2/100\n|move|p2a: Tyranitar|Thunder Punch|p1a: Gliscor\n|-supereffective|p1a: Gliscor\n|-damage|p1a: Gliscor|0 fnt\n|faint|p1a: Gliscor\n|\n|upkeep\n|\n|t:|1695188541\n|switch|p1a: Dragonite|Dragonite, F, shiny|100/100\n|turn|9\n|\n|t:|1695188545\n|switch|p2a: Rotom|Rotom-Mow|15/100\n|move|p1a: Dragonite|Extreme Speed|p2a: Rotom\n|-damage|p2a: Rotom|0 fnt\n|faint|p2a: Rotom\n|-damage|p1a: Dragonite|91/100|[from] item: Life Orb\n|\n|upkeep\n|\n|t:|1695188555\n|switch|p2a: Garganacl|Garganacl, F|100/100\n|turn|10\n|\n|t:|1695188563\n|move|p1a: Dragonite|Dragon Dance|p1a: Dragonite\n|-boost|p1a: Dragonite|atk|1\n|-boost|p1a: Dragonite|spe|1\n|move|p2a: Garganacl|Salt Cure|p1a: Dragonite\n|-supereffective|p1a: Dragonite\n|-damage|p1a: Dragonite|60/100\n|-start|p1a: Dragonite|Salt Cure\n|\n|-damage|p1a: Dragonite|48/100|[from] Salt Cure\n|upkeep\n|turn|11\n|\n|t:|1695188573\n|switch|p2a: Arbok|Arbok, M|33/100\n|-ability|p2a: Arbok|Intimidate|boost\n|-fail|p1a: Dragonite|unboost|Attack|[from] ability: Inner Focus|[of] p1a: Dragonite\n|move|p1a: Dragonite|Draco Meteor|p2a: Arbok\n|-damage|p2a: Arbok|0 fnt\n|-unboost|p1a: Dragonite|spa|2\n|faint|p2a: Arbok\n|-damage|p1a: Dragonite|38/100|[from] item: Life Orb\n|\n|-damage|p1a: Dragonite|26/100|[from] Salt Cure\n|upkeep\n|\n|t:|1695188582\n|switch|p2a: Tyranitar|Tyranitar, M, tera:Rock|2/100\n|-weather|Sandstorm|[from] ability: Sand Stream|[of] p2a: Tyranitar\n|turn|12\n|\n|t:|1695188588\n|switch|p2a: Corviknight|Corviknight, F|100/100\n|move|p1a: Dragonite|Extreme Speed|p2a: Corviknight\n|-resisted|p2a: Corviknight\n|-damage|p2a: Corviknight|78/100\n|-damage|p1a: Dragonite|16/100|[from] item: Life Orb\n|\n|-weather|Sandstorm|[upkeep]\n|-damage|p1a: Dragonite|9/100|[from] Sandstorm\n|-heal|p2a: Corviknight|85/100|[from] item: Leftovers\n|-damage|p1a: Dragonite|0 fnt|[from] Salt Cure\n|faint|p1a: Dragonite\n|upkeep\n|\n|t:|1695188598\n|switch|p1a: Heatran|Heatran, F, shiny|100/100\n|turn|13\n|\n|t:|1695188605\n|move|p1a: Heatran|Magma Storm|p2a: Corviknight\n|-supereffective|p2a: Corviknight\n|-damage|p2a: Corviknight|0 fnt\n|faint|p2a: Corviknight\n|\n|-weather|Sandstorm|[upkeep]\n|upkeep\n|\n|t:|1695188608\n|switch|p2a: Sandslash|Sandslash, M|100/100\n|turn|14\n|\n|t:|1695188615\n|move|p2a: Sandslash|Earthquake|p1a: Heatran\n|-supereffective|p1a: Heatran\n|-damage|p1a: Heatran|0 fnt\n|faint|p1a: Heatran\n|\n|-weather|Sandstorm|[upkeep]\n|upkeep\n|\n|t:|1695188621\n|switch|p1a: Dondozo|Dondozo, F, shiny|100/100\n|turn|15\n|\n|t:|1695188628\n|move|p2a: Sandslash|Earthquake|p1a: Dondozo\n|-damage|p1a: Dondozo|59/100\n|move|p1a: Dondozo|Earthquake|p2a: Sandslash\n|-damage|p2a: Sandslash|70/100\n|\n|-weather|Sandstorm|[upkeep]\n|-damage|p1a: Dondozo|53/100|[from] Sandstorm\n|-heal|p1a: Dondozo|59/100|[from] item: Leftovers\n|upkeep\n|turn|16\n|\n|t:|1695188634\n|move|p2a: Sandslash|Earthquake|p1a: Dondozo\n|-damage|p1a: Dondozo|16/100\n|move|p1a: Dondozo|Outrage|p2a: Sandslash\n|-damage|p2a: Sandslash|30/100\n|\n|-weather|Sandstorm|[upkeep]\n|-damage|p1a: Dondozo|10/100|[from] Sandstorm\n|-heal|p1a: Dondozo|16/100|[from] item: Leftovers\n|upkeep\n|turn|17\n|\n|t:|1695188641\n|move|p2a: Sandslash|Earthquake|p1a: Dondozo\n|-damage|p1a: Dondozo|0 fnt\n|faint|p1a: Dondozo\n|\n|-weather|Sandstorm|[upkeep]\n|upkeep\n|\n|t:|1695188644\n|switch|p1a: Torkoal|Torkoal, M|100/100\n|turn|18\n|\n|t:|1695188651\n|move|p2a: Sandslash|Earthquake|p1a: Torkoal\n|-supereffective|p1a: Torkoal\n|-damage|p1a: Torkoal|16/100\n|move|p1a: Torkoal|Curse|p1a: Torkoal\n|-unboost|p1a: Torkoal|spe|1\n|-boost|p1a: Torkoal|atk|1\n|-boost|p1a: Torkoal|def|1\n|\n|-weather|Sandstorm|[upkeep]\n|-damage|p1a: Torkoal|10/100|[from] Sandstorm\n|-heal|p1a: Torkoal|16/100|[from] item: Leftovers\n|upkeep\n|turn|19\n|\n|t:|1695188654\n|move|p2a: Sandslash|Earthquake|p1a: Torkoal\n|-supereffective|p1a: Torkoal\n|-damage|p1a: Torkoal|0 fnt\n|faint|p1a: Torkoal\n|\n|win|Ladder Lady Janie\n|raw|opopqwe's rating: 1000 &rarr; <strong>1000</strong><br />(+0 for losing)\n|raw|Ladder Lady Janie's rating: 1059 &rarr; <strong>1085</strong><br />(+26 for winning)\n|c|\u2606Ladder Lady Janie|gg\n", "uploadtime": 1695188661, "views": 6, "p1id": "opopqwe", "p2id": "ladderladyjanie", "formatid": "gen9ou", "rating": 1000, "private": 0, "password": ""}