{"id": "gen9ou-1947634142", "p1": "LilBabyJedi", "p2": "MysticOjas", "format": "gen9ou", "log": "|j|\u2606LilBabyJedi\n|j|\u2606MysticOjas\n|t:|1695180168\n|gametype|singles\n|player|p1|LilBabyJedi|102|1096\n|player|p2|MysticOjas|winona|1185\n|teamsize|p1|6\n|teamsize|p2|6\n|gen|9\n|tier|[Gen 9] OU\n|rated|\n|rule|Sleep Clause Mod: Limit one foe put to sleep\n|rule|Species Clause: Limit one of each Pok\u00e9mon\n|rule|OHKO Clause: OHKO moves are banned\n|rule|Evasion Items Clause: Evasion items are banned\n|rule|Evasion Moves Clause: Evasion moves are banned\n|rule|Endless Battle Clause: Forcing endless battles is banned\n|rule|HP Percentage Mod: HP is shown in percentages\n|clearpoke\n|poke|p1|Roaring Moon|\n|poke|p1|Walking Wake|\n|poke|p1|Ninetales, F|\n|poke|p1|Munkidori, M|\n|poke|p1|Ogerpon-Hearthflame, F|\n|poke|p1|Great Tusk|\n|poke|p2|Gholdengo|\n|poke|p2|Azumarill, F|\n|poke|p2|Iron Valiant|\n|poke|p2|Heatran, M|\n|poke|p2|Zapdos|\n|poke|p2|Great Tusk|\n|teampreview\n|inactive|Battle timer is ON: inactive players will automatically lose when time's up. (requested by MysticOjas)\n|inactive|LilBabyJedi has 120 seconds left.\n|inactive|LilBabyJedi has 90 seconds left.\n|\n|t:|1695180243\n|start\n|switch|p1a: Ninetales|Ninetales, F|100/100\n|switch|p2a: Great Tusk|Great Tusk|100/100\n|-weather|SunnyDay|[from] ability: Drought|[of] p1a: Ninetales\n|-activate|p2a: Great Tusk|ability: Protosynthesis\n|-start|p2a: Great Tusk|protosynthesisdef\n|turn|1\n|inactive|MysticOjas has 120 seconds left.\n|\n|t:|1695180285\n|switch|p1a: Walking Wake|Walking Wake|100/100\n|-activate|p1a: Walking Wake|ability: Protosynthesis\n|-start|p1a: Walking Wake|protosynthesisspe\n|move|p2a: Great Tusk|Stealth Rock|p1a: Walking Wake\n|-sidestart|p1: LilBabyJedi|move: Stealth Rock\n|\n|-weather|SunnyDay|[upkeep]\n|upkeep\n|turn|2\n|\n|t:|1695180296\n|-end|p2a: Great Tusk|Protosynthesis|[silent]\n|switch|p2a: Azumarill|Azumarill, F|100/100\n|move|p1a: Walking Wake|Hydro Steam|p2a: Azumarill\n|-resisted|p2a: Azumarill\n|-damage|p2a: Azumarill|73/100\n|-damage|p1a: Walking Wake|91/100|[from] item: Life Orb\n|\n|-weather|SunnyDay|[upkeep]\n|upkeep\n|turn|3\n|\n|t:|1695180310\n|-end|p1a: Walking Wake|Protosynthesis|[silent]\n|switch|p1a: Ogerpon|Ogerpon-Hearthflame, F|100/100\n|-damage|p1a: Ogerpon|76/100|[from] Stealth Rock\n|-ability|p1a: Ogerpon|Mold Breaker\n|move|p2a: Azumarill|Play Rough|p1a: Ogerpon\n|-resisted|p1a: Ogerpon\n|-damage|p1a: Ogerpon|38/100\n|-unboost|p1a: Ogerpon|atk|1\n|\n|-weather|SunnyDay|[upkeep]\n|upkeep\n|turn|4\n|inactive|MysticOjas has 120 seconds left.\n|\n|t:|1695180323\n|switch|p2a: Heatran|Heatran, M|100/100\n|move|p1a: Ogerpon|Horn Leech|p2a: Heatran\n|-resisted|p2a: Heatran\n|-crit|p2a: Heatran\n|-damage|p2a: Heatran|83/100\n|-heal|p1a: Ogerpon|47/100|[from] drain|[of] p2a: Heatran\n|\n|-weather|SunnyDay|[upkeep]\n|-heal|p2a: Heatran|89/100|[from] item: Leftovers\n|upkeep\n|turn|5\n|inactive|MysticOjas has 120 seconds left.\n|\n|t:|1695180337\n|switch|p1a: Great Tusk|Great Tusk|100/100\n|-damage|p1a: Great Tusk|98/100|[from] Stealth Rock\n|-activate|p1a: Great Tusk|ability: Protosynthesis\n|-start|p1a: Great Tusk|protosynthesisdef\n|move|p2a: Heatran|Earth Power|p1a: Great Tusk\n|-damage|p1a: Great Tusk|53/100\n|\n|-weather|SunnyDay|[upkeep]\n|-heal|p2a: Heatran|96/100|[from] item: Leftovers\n|-heal|p1a: Great Tusk|60/100|[from] item: Leftovers\n|upkeep\n|turn|6\n|\n|t:|1695180350\n|move|p2a: Heatran|Magma Storm|p1a: Great Tusk|[miss]\n|-miss|p2a: Heatran|p1a: Great Tusk\n|move|p1a: Great Tusk|Stealth Rock|p2a: Heatran\n|-sidestart|p2: MysticOjas|move: Stealth Rock\n|\n|-weather|SunnyDay|[upkeep]\n|-heal|p2a: Heatran|100/100|[from] item: Leftovers\n|-heal|p1a: Great Tusk|66/100|[from] item: Leftovers\n|upkeep\n|turn|7\n|\n|t:|1695180361\n|move|p2a: Heatran|Magma Storm|p1a: Great Tusk\n|-damage|p1a: Great Tusk|0 fnt\n|faint|p1a: Great Tusk\n|-end|p1a: Great Tusk|Protosynthesis|[silent]\n|\n|-weather|SunnyDay|[upkeep]\n|upkeep\n|\n|t:|1695180374\n|switch|p1a: Roaring Moon|Roaring Moon|100/100\n|-damage|p1a: Roaring Moon|88/100|[from] Stealth Rock\n|-activate|p1a: Roaring Moon|ability: Protosynthesis\n|-start|p1a: Roaring Moon|protosynthesisspe\n|turn|8\n|\n|t:|1695180381\n|move|p2a: Heatran|Protect|p2a: Heatran\n|-singleturn|p2a: Heatran|Protect\n|move|p1a: Roaring Moon|Knock Off|p2a: Heatran\n|-activate|p2a: Heatran|move: Protect\n|\n|-weather|none\n|-end|p1a: Roaring Moon|Protosynthesis\n|upkeep\n|turn|9\n|\n|t:|1695180391\n|move|p1a: Roaring Moon|Knock Off|p2a: Heatran\n|-damage|p2a: Heatran|19/100\n|-enditem|p2a: Heatran|Leftovers|[from] move: Knock Off|[of] p1a: Roaring Moon\n|move|p2a: Heatran|Magma Storm|p1a: Roaring Moon\n|-resisted|p1a: Roaring Moon\n|-damage|p1a: Roaring Moon|63/100\n|-activate|p1a: Roaring Moon|move: Magma Storm|[of] p2a: Heatran\n|\n|-damage|p1a: Roaring Moon|51/100|[from] move: Magma Storm|[partiallytrapped]\n|upkeep\n|turn|10\n|\n|t:|1695180401\n|move|p2a: Heatran|Protect|p2a: Heatran\n|-singleturn|p2a: Heatran|Protect\n|move|p1a: Roaring Moon|Knock Off|p2a: Heatran\n|-activate|p2a: Heatran|move: Protect\n|\n|-damage|p1a: Roaring Moon|39/100|[from] move: Magma Storm|[partiallytrapped]\n|upkeep\n|turn|11\n|\n|t:|1695180414\n|switch|p2a: Iron Valiant|Iron Valiant|100/100\n|-enditem|p2a: Iron Valiant|Booster Energy\n|-activate|p2a: Iron Valiant|ability: Quark Drive|[fromitem]\n|-start|p2a: Iron Valiant|quarkdrivespe\n|-damage|p2a: Iron Valiant|94/100|[from] Stealth Rock\n|move|p1a: Roaring Moon|Knock Off|p2a: Iron Valiant\n|-resisted|p2a: Iron Valiant\n|-damage|p2a: Iron Valiant|75/100\n|\n|-end|p1a: Roaring Moon|Magma Storm|[partiallytrapped]|[silent]\n|upkeep\n|turn|12\n|\n|t:|1695180429\n|-end|p1a: Roaring Moon|Protosynthesis|[silent]\n|switch|p1a: Ninetales|Ninetales, F|100/100\n|-damage|p1a: Ninetales|76/100|[from] Stealth Rock\n|-weather|SunnyDay|[from] ability: Drought|[of] p1a: Ninetales\n|move|p2a: Iron Valiant|Moonblast|p1a: Ninetales\n|-resisted|p1a: Ninetales\n|-damage|p1a: Ninetales|55/100\n|\n|-weather|SunnyDay|[upkeep]\n|upkeep\n|turn|13\n|\n|t:|1695180443\n|move|p2a: Iron Valiant|Close Combat|p1a: Ninetales\n|-damage|p1a: Ninetales|0 fnt\n|-unboost|p2a: Iron Valiant|def|1\n|-unboost|p2a: Iron Valiant|spd|1\n|faint|p1a: Ninetales\n|\n|-weather|SunnyDay|[upkeep]\n|upkeep\n|\n|t:|1695180452\n|switch|p1a: Walking Wake|Walking Wake|91/100\n|-damage|p1a: Walking Wake|78/100|[from] Stealth Rock\n|-activate|p1a: Walking Wake|ability: Protosynthesis\n|-start|p1a: Walking Wake|protosynthesisspe\n|turn|14\n|\n|t:|1695180463\n|-terastallize|p2a: Iron Valiant|Fairy\n|-terastallize|p1a: Walking Wake|Fairy\n|move|p2a: Iron Valiant|Moonblast|p1a: Walking Wake\n|-damage|p1a: Walking Wake|14/100\n|-unboost|p1a: Walking Wake|spa|1\n|move|p1a: Walking Wake|Hydro Steam|p2a: Iron Valiant\n|-damage|p2a: Iron Valiant|0 fnt\n|faint|p2a: Iron Valiant\n|-end|p2a: Iron Valiant|Quark Drive|[silent]\n|-damage|p1a: Walking Wake|4/100|[from] item: Life Orb\n|\n|-weather|SunnyDay|[upkeep]\n|upkeep\n|\n|t:|1695180474\n|switch|p2a: Azumarill|Azumarill, F|73/100\n|-damage|p2a: Azumarill|61/100|[from] Stealth Rock\n|turn|15\n|\n|t:|1695180488\n|-end|p1a: Walking Wake|Protosynthesis|[silent]\n|switch|p1a: Ogerpon|Ogerpon-Hearthflame, F|47/100\n|-damage|p1a: Ogerpon|22/100|[from] Stealth Rock\n|-ability|p1a: Ogerpon|Mold Breaker\n|move|p2a: Azumarill|Aqua Jet|p1a: Ogerpon\n|-damage|p1a: Ogerpon|6/100\n|\n|-weather|SunnyDay|[upkeep]\n|upkeep\n|turn|16\n|\n|t:|1695180502\n|move|p2a: Azumarill|Aqua Jet|p1a: Ogerpon\n|-damage|p1a: Ogerpon|0 fnt\n|faint|p1a: Ogerpon\n|\n|-weather|SunnyDay|[upkeep]\n|upkeep\n|\n|t:|1695180509\n|switch|p1a: Munkidori|Munkidori, M|100/100\n|-damage|p1a: Munkidori|88/100|[from] Stealth Rock\n|turn|17\n|\n|t:|1695180516\n|move|p1a: Munkidori|Focus Blast|p2a: Azumarill|[miss]\n|-miss|p1a: Munkidori|p2a: Azumarill\n|move|p2a: Azumarill|Play Rough|p1a: Munkidori\n|-resisted|p1a: Munkidori\n|-damage|p1a: Munkidori|43/100\n|\n|-weather|SunnyDay|[upkeep]\n|upkeep\n|turn|18\n|-message|LilBabyJedi forfeited.\n|\n|win|MysticOjas\n|raw|LilBabyJedi's rating: 1096 &rarr; <strong>1078</strong><br />(-18 for losing)\n|raw|MysticOjas's rating: 1185 &rarr; <strong>1204</strong><br />(+19 for winning)\n|l|\u2606LilBabyJedi\n", "uploadtime": 1695180564, "views": 3, "p1id": "lilbabyjedi", "p2id": "mysticojas", "formatid": "gen9ou", "rating": 1078, "private": 0, "password": ""}