{"id": "gen9ou-1947691331", "p1": "Feyitomi", "p2": "Masked Lorekeeper", "format": "gen9ou", "log": "|j|\u2606Feyitomi\n|j|\u2606Masked Lorekeeper\n|t:|1695187735\n|gametype|singles\n|player|p1|Feyitomi|102|1572\n|player|p2|Masked Lorekeeper|gambler|1557\n|teamsize|p1|6\n|teamsize|p2|6\n|gen|9\n|tier|[Gen 9] OU\n|rated|\n|rule|Sleep Clause Mod: Limit one foe put to sleep\n|rule|Species Clause: Limit one of each Pok\u00e9mon\n|rule|OHKO Clause: OHKO moves are banned\n|rule|Evasion Items Clause: Evasion items are banned\n|rule|Evasion Moves Clause: Evasion moves are banned\n|rule|Endless Battle Clause: Forcing endless battles is banned\n|rule|HP Percentage Mod: HP is shown in percentages\n|clearpoke\n|poke|p1|Ting-Lu|\n|poke|p1|Zamazenta-*|\n|poke|p1|Dondozo, F|\n|poke|p1|Gholdengo|\n|poke|p1|Tornadus-Therian, M|\n|poke|p1|Clefable, M|\n|poke|p2|Munkidori, M|\n|poke|p2|Kingambit, M|\n|poke|p2|Amoonguss, M|\n|poke|p2|Ogerpon-Hearthflame, F|\n|poke|p2|Great Tusk|\n|poke|p2|Iron Valiant|\n|teampreview\n|\n|t:|1695187765\n|start\n|switch|p1a: Tornadus|Tornadus-Therian, M|100/100\n|switch|p2a: MunkiDLuffy\ud83c\udff4\u200d\u2620\ufe0f|Munkidori, M|100/100\n|turn|1\n|\n|t:|1695187771\n|move|p2a: MunkiDLuffy\ud83c\udff4\u200d\u2620\ufe0f|Fake Out|p1a: Tornadus\n|-damage|p1a: Tornadus|93/100\n|cant|p1a: Tornadus|flinch\n|\n|upkeep\n|turn|2\n|\n|t:|1695187776\n|move|p1a: Tornadus|Knock Off|p2a: MunkiDLuffy\ud83c\udff4\u200d\u2620\ufe0f\n|-supereffective|p2a: MunkiDLuffy\ud83c\udff4\u200d\u2620\ufe0f\n|-damage|p2a: MunkiDLuffy\ud83c\udff4\u200d\u2620\ufe0f|32/100\n|-enditem|p2a: MunkiDLuffy\ud83c\udff4\u200d\u2620\ufe0f|Heavy-Duty Boots|[from] move: Knock Off|[of] p1a: Tornadus\n|move|p2a: MunkiDLuffy\ud83c\udff4\u200d\u2620\ufe0f|U-turn|p1a: Tornadus\n|-resisted|p1a: Tornadus\n|-damage|p1a: Tornadus|86/100\n|\n|t:|1695187783\n|switch|p2a: AlsoDopeondaMike\ud83c\udfa4|Kingambit, M|100/100|[from] U-turn\n|\n|upkeep\n|turn|3\n|\n|t:|1695187789\n|move|p1a: Tornadus|Heat Wave|p2a: AlsoDopeondaMike\ud83c\udfa4\n|-supereffective|p2a: AlsoDopeondaMike\ud83c\udfa4\n|-damage|p2a: AlsoDopeondaMike\ud83c\udfa4|49/100\n|move|p2a: AlsoDopeondaMike\ud83c\udfa4|Kowtow Cleave|p1a: Tornadus\n|-damage|p1a: Tornadus|14/100\n|-damage|p2a: AlsoDopeondaMike\ud83c\udfa4|39/100|[from] item: Life Orb\n|\n|upkeep\n|turn|4\n|\n|t:|1695187798\n|switch|p1a: Dondozo|Dondozo, F|100/100\n|move|p2a: AlsoDopeondaMike\ud83c\udfa4|Sucker Punch||[still]\n|-fail|p2a: AlsoDopeondaMike\ud83c\udfa4\n|\n|upkeep\n|turn|5\n|\n|t:|1695187805\n|-end|p2a: AlsoDopeondaMike\ud83c\udfa4|fallenundefined|[silent]\n|switch|p2a: Sususamogus\ud83d\udcd5|Amoonguss, M|100/100\n|switch|p1a: Tornadus|Tornadus-Therian, M|47/100\n|\n|upkeep\n|turn|6\n|\n|t:|1695187812\n|move|p1a: Tornadus|Bleakwind Storm|p2a: Sususamogus\ud83d\udcd5\n|-supereffective|p2a: Sususamogus\ud83d\udcd5\n|-damage|p2a: Sususamogus\ud83d\udcd5|46/100\n|move|p2a: Sususamogus\ud83d\udcd5|Spore|p1a: Tornadus\n|-status|p1a: Tornadus|slp|[from] move: Spore\n|\n|upkeep\n|turn|7\n|\n|t:|1695187821\n|switch|p2a: AlsoDopeondaMike\ud83c\udfa4|Kingambit, M|39/100\n|cant|p1a: Tornadus|slp\n|\n|upkeep\n|turn|8\n|\n|t:|1695187827\n|switch|p1a: Dondozo|Dondozo, F|100/100\n|move|p2a: AlsoDopeondaMike\ud83c\udfa4|Kowtow Cleave|p1a: Dondozo\n|-damage|p1a: Dondozo|72/100\n|-damage|p2a: AlsoDopeondaMike\ud83c\udfa4|29/100|[from] item: Life Orb\n|\n|upkeep\n|turn|9\n|\n|t:|1695187835\n|-end|p2a: AlsoDopeondaMike\ud83c\udfa4|fallenundefined|[silent]\n|switch|p2a: Sususamogus\ud83d\udcd5|Amoonguss, M|80/100\n|move|p1a: Dondozo|Body Press|p2a: Sususamogus\ud83d\udcd5\n|-resisted|p2a: Sususamogus\ud83d\udcd5\n|-damage|p2a: Sususamogus\ud83d\udcd5|66/100\n|-damage|p1a: Dondozo|55/100|[from] item: Rocky Helmet|[of] p2a: Sususamogus\ud83d\udcd5\n|\n|upkeep\n|turn|10\n|\n|t:|1695187853\n|switch|p1a: Ting-Lu|Ting-Lu|100/100\n|-ability|p1a: Ting-Lu|Vessel of Ruin\n|move|p2a: Sususamogus\ud83d\udcd5|Giga Drain|p1a: Ting-Lu\n|-supereffective|p1a: Ting-Lu\n|-damage|p1a: Ting-Lu|81/100\n|-heal|p2a: Sususamogus\ud83d\udcd5|78/100|[from] drain|[of] p1a: Ting-Lu\n|\n|-heal|p1a: Ting-Lu|87/100|[from] item: Leftovers\n|upkeep\n|turn|11\n|\n|t:|1695187871\n|move|p1a: Ting-Lu|Stealth Rock|p2a: Sususamogus\ud83d\udcd5\n|-sidestart|p2: Masked Lorekeeper|move: Stealth Rock\n|move|p2a: Sususamogus\ud83d\udcd5|Giga Drain|p1a: Ting-Lu\n|-supereffective|p1a: Ting-Lu\n|-damage|p1a: Ting-Lu|69/100\n|-heal|p2a: Sususamogus\ud83d\udcd5|88/100|[from] drain|[of] p1a: Ting-Lu\n|\n|-heal|p1a: Ting-Lu|76/100|[from] item: Leftovers\n|upkeep\n|turn|12\n|\n|t:|1695187880\n|switch|p2a: BigApendix\ud83d\udc18|Great Tusk|100/100\n|-damage|p2a: BigApendix\ud83d\udc18|98/100|[from] Stealth Rock\n|move|p1a: Ting-Lu|Spikes|p2a: BigApendix\ud83d\udc18\n|-sidestart|p2: Masked Lorekeeper|Spikes\n|\n|-heal|p1a: Ting-Lu|82/100|[from] item: Leftovers\n|upkeep\n|turn|13\n|\n|t:|1695187894\n|switch|p1a: Gholdengo|Gholdengo|100/100\n|-item|p1a: Gholdengo|Air Balloon\n|move|p2a: BigApendix\ud83d\udc18|Knock Off|p1a: Gholdengo\n|-supereffective|p1a: Gholdengo\n|-damage|p1a: Gholdengo|57/100\n|-enditem|p1a: Gholdengo|Air Balloon\n|\n|upkeep\n|turn|14\n|\n|t:|1695187903\n|move|p1a: Gholdengo|Make It Rain|p2a: BigApendix\ud83d\udc18\n|-damage|p2a: BigApendix\ud83d\udc18|55/100\n|-unboost|p1a: Gholdengo|spa|1\n|move|p2a: BigApendix\ud83d\udc18|Earthquake|p1a: Gholdengo\n|-supereffective|p1a: Gholdengo\n|-damage|p1a: Gholdengo|0 fnt\n|faint|p1a: Gholdengo\n|\n|upkeep\n|\n|t:|1695187915\n|switch|p1a: Ting-Lu|Ting-Lu|82/100\n|-ability|p1a: Ting-Lu|Vessel of Ruin\n|turn|15\n|\n|t:|1695187921\n|-terastallize|p1a: Ting-Lu|Ghost\n|move|p2a: BigApendix\ud83d\udc18|Body Press|p1a: Ting-Lu\n|-immune|p1a: Ting-Lu\n|move|p1a: Ting-Lu|Spikes|p2a: BigApendix\ud83d\udc18\n|-sidestart|p2: Masked Lorekeeper|Spikes\n|\n|-heal|p1a: Ting-Lu|88/100|[from] item: Leftovers\n|upkeep\n|turn|16\n|\n|t:|1695187941\n|move|p2a: BigApendix\ud83d\udc18|Knock Off|p1a: Ting-Lu\n|-supereffective|p1a: Ting-Lu\n|-damage|p1a: Ting-Lu|59/100\n|-enditem|p1a: Ting-Lu|Leftovers|[from] move: Knock Off|[of] p2a: BigApendix\ud83d\udc18\n|move|p1a: Ting-Lu|Spikes|p2a: BigApendix\ud83d\udc18\n|-sidestart|p2: Masked Lorekeeper|Spikes\n|\n|upkeep\n|turn|17\n|inactive|Battle timer is ON: inactive players will automatically lose when time's up. (requested by Feyitomi)\n|\n|t:|1695187953\n|-end|p2a: BigApendix\ud83d\udc18|Protosynthesis|[silent]\n|switch|p2a: AlsoDopeondaMike\ud83c\udfa4|Kingambit, M|29/100\n|-damage|p2a: AlsoDopeondaMike\ud83c\udfa4|23/100|[from] Stealth Rock\n|-damage|p2a: AlsoDopeondaMike\ud83c\udfa4|0 fnt|[from] Spikes\n|faint|p2a: AlsoDopeondaMike\ud83c\udfa4\n|-end|p2a: AlsoDopeondaMike\ud83c\udfa4|fallenundefined|[silent]\n|move|p1a: Ting-Lu|Whirlwind|p2: AlsoDopeondaMike\ud83c\udfa4|[notarget]\n|-fail|p1a: Ting-Lu\n|\n|upkeep\n|\n|t:|1695187961\n|switch|p2a: IronSimpus\ud83d\udc98|Iron Valiant|100/100\n|-damage|p2a: IronSimpus\ud83d\udc98|94/100|[from] Stealth Rock\n|-damage|p2a: IronSimpus\ud83d\udc98|69/100|[from] Spikes\n|-enditem|p2a: IronSimpus\ud83d\udc98|Booster Energy\n|-activate|p2a: IronSimpus\ud83d\udc98|ability: Quark Drive|[fromitem]\n|-start|p2a: IronSimpus\ud83d\udc98|quarkdrivespe\n|turn|18\n|\n|t:|1695187976\n|switch|p1a: Dondozo|Dondozo, F|55/100\n|move|p2a: IronSimpus\ud83d\udc98|Knock Off|p1a: Dondozo\n|-damage|p1a: Dondozo|41/100\n|-enditem|p1a: Dondozo|Heavy-Duty Boots|[from] move: Knock Off|[of] p2a: IronSimpus\ud83d\udc98\n|\n|upkeep\n|turn|19\n|\n|t:|1695187983\n|move|p2a: IronSimpus\ud83d\udc98|Spirit Break|p1a: Dondozo\n|-damage|p1a: Dondozo|23/100\n|-unboost|p1a: Dondozo|spa|1\n|move|p1a: Dondozo|Rest|p1a: Dondozo\n|-status|p1a: Dondozo|slp|[from] move: Rest\n|-heal|p1a: Dondozo|100/100 slp|[silent]\n|\n|upkeep\n|turn|20\n|\n|t:|1695187991\n|move|p2a: IronSimpus\ud83d\udc98|Spirit Break|p1a: Dondozo\n|-damage|p1a: Dondozo|83/100 slp\n|-unboost|p1a: Dondozo|spa|1\n|cant|p1a: Dondozo|slp\n|move|p1a: Dondozo|Sleep Talk|p1a: Dondozo\n|move|p1a: Dondozo|Body Press|p2a: IronSimpus\ud83d\udc98|[from]move: Sleep Talk\n|-resisted|p2a: IronSimpus\ud83d\udc98\n|-damage|p2a: IronSimpus\ud83d\udc98|52/100\n|\n|upkeep\n|turn|21\n|\n|t:|1695188002\n|move|p2a: IronSimpus\ud83d\udc98|Spirit Break|p1a: Dondozo\n|-damage|p1a: Dondozo|65/100 slp\n|-unboost|p1a: Dondozo|spa|1\n|cant|p1a: Dondozo|slp\n|move|p1a: Dondozo|Sleep Talk|p1a: Dondozo\n|move|p1a: Dondozo|Rest||[from]move: Sleep Talk|[still]\n|-fail|p1a: Dondozo\n|\n|upkeep\n|turn|22\n|\n|t:|1695188012\n|move|p2a: IronSimpus\ud83d\udc98|Spirit Break|p1a: Dondozo\n|-damage|p1a: Dondozo|49/100 slp\n|-unboost|p1a: Dondozo|spa|1\n|-curestatus|p1a: Dondozo|slp|[msg]\n|move|p1a: Dondozo|Rest|p1a: Dondozo\n|-status|p1a: Dondozo|slp|[from] move: Rest\n|-heal|p1a: Dondozo|100/100 slp|[silent]\n|\n|upkeep\n|turn|23\n|inactive|Masked Lorekeeper has 120 seconds left.\n|\n|t:|1695188049\n|move|p2a: IronSimpus\ud83d\udc98|Spirit Break|p1a: Dondozo\n|-damage|p1a: Dondozo|84/100 slp\n|-unboost|p1a: Dondozo|spa|1\n|cant|p1a: Dondozo|slp\n|move|p1a: Dondozo|Sleep Talk|p1a: Dondozo\n|move|p1a: Dondozo|Body Press|p2a: IronSimpus\ud83d\udc98|[from]move: Sleep Talk\n|-resisted|p2a: IronSimpus\ud83d\udc98\n|-damage|p2a: IronSimpus\ud83d\udc98|35/100\n|\n|upkeep\n|turn|24\n|inactive|Masked Lorekeeper has 120 seconds left.\n|\n|t:|1695188060\n|move|p2a: IronSimpus\ud83d\udc98|Spirit Break|p1a: Dondozo\n|-damage|p1a: Dondozo|65/100 slp\n|-unboost|p1a: Dondozo|spa|1\n|cant|p1a: Dondozo|slp\n|move|p1a: Dondozo|Sleep Talk|p1a: Dondozo\n|move|p1a: Dondozo|Rest||[from]move: Sleep Talk|[still]\n|-fail|p1a: Dondozo\n|\n|upkeep\n|turn|25\n|inactive|Masked Lorekeeper has 120 seconds left.\n|\n|t:|1695188087\n|move|p2a: IronSimpus\ud83d\udc98|Spirit Break|p1a: Dondozo\n|-damage|p1a: Dondozo|48/100 slp\n|-curestatus|p1a: Dondozo|slp|[msg]\n|move|p1a: Dondozo|Rest|p1a: Dondozo\n|-status|p1a: Dondozo|slp|[from] move: Rest\n|-heal|p1a: Dondozo|100/100 slp|[silent]\n|\n|upkeep\n|turn|26\n|\n|t:|1695188097\n|move|p2a: IronSimpus\ud83d\udc98|Spirit Break|p1a: Dondozo\n|-damage|p1a: Dondozo|82/100 slp\n|cant|p1a: Dondozo|slp\n|move|p1a: Dondozo|Sleep Talk|p1a: Dondozo\n|move|p1a: Dondozo|Rest||[from]move: Sleep Talk|[still]\n|-fail|p1a: Dondozo\n|\n|upkeep\n|turn|27\n|\n|t:|1695188106\n|move|p2a: IronSimpus\ud83d\udc98|Spirit Break|p1a: Dondozo\n|-damage|p1a: Dondozo|65/100 slp\n|cant|p1a: Dondozo|slp\n|move|p1a: Dondozo|Sleep Talk|p1a: Dondozo\n|move|p1a: Dondozo|Rest||[from]move: Sleep Talk|[still]\n|-fail|p1a: Dondozo\n|\n|upkeep\n|turn|28\n|\n|t:|1695188116\n|move|p2a: IronSimpus\ud83d\udc98|Spirit Break|p1a: Dondozo\n|-damage|p1a: Dondozo|48/100 slp\n|-curestatus|p1a: Dondozo|slp|[msg]\n|move|p1a: Dondozo|Body Press|p2a: IronSimpus\ud83d\udc98\n|-resisted|p2a: IronSimpus\ud83d\udc98\n|-damage|p2a: IronSimpus\ud83d\udc98|18/100\n|\n|upkeep\n|turn|29\n|\n|t:|1695188124\n|move|p2a: IronSimpus\ud83d\udc98|Close Combat|p1a: Dondozo\n|-damage|p1a: Dondozo|19/100\n|-unboost|p2a: IronSimpus\ud83d\udc98|def|1\n|-unboost|p2a: IronSimpus\ud83d\udc98|spd|1\n|move|p1a: Dondozo|Rest|p1a: Dondozo\n|-status|p1a: Dondozo|slp|[from] move: Rest\n|-heal|p1a: Dondozo|100/100 slp|[silent]\n|\n|upkeep\n|turn|30\n|\n|t:|1695188133\n|move|p2a: IronSimpus\ud83d\udc98|Destiny Bond|p2a: IronSimpus\ud83d\udc98\n|-singlemove|p2a: IronSimpus\ud83d\udc98|Destiny Bond\n|cant|p1a: Dondozo|slp\n|move|p1a: Dondozo|Sleep Talk|p1a: Dondozo\n|move|p1a: Dondozo|Body Press|p2a: IronSimpus\ud83d\udc98|[from]move: Sleep Talk\n|-resisted|p2a: IronSimpus\ud83d\udc98\n|-damage|p2a: IronSimpus\ud83d\udc98|0 fnt\n|faint|p2a: IronSimpus\ud83d\udc98\n|-activate|p2a: IronSimpus\ud83d\udc98|move: Destiny Bond\n|-end|p2a: IronSimpus\ud83d\udc98|Quark Drive|[silent]\n|faint|p1a: Dondozo\n|\n|upkeep\n|\n|t:|1695188153\n|switch|p2a: MunkiDLuffy\ud83c\udff4\u200d\u2620\ufe0f|Munkidori, M|32/100\n|switch|p1a: Tornadus|Tornadus-Therian, M|80/100 slp\n|-damage|p2a: MunkiDLuffy\ud83c\udff4\u200d\u2620\ufe0f|20/100|[from] Stealth Rock\n|-damage|p2a: MunkiDLuffy\ud83c\udff4\u200d\u2620\ufe0f|0 fnt|[from] Spikes\n|faint|p2a: MunkiDLuffy\ud83c\udff4\u200d\u2620\ufe0f\n|\n|t:|1695188163\n|switch|p2a: BigApendix\ud83d\udc18|Great Tusk|55/100\n|-damage|p2a: BigApendix\ud83d\udc18|52/100|[from] Stealth Rock\n|-damage|p2a: BigApendix\ud83d\udc18|27/100|[from] Spikes\n|turn|31\n|\n|t:|1695188169\n|switch|p1a: Ting-Lu|Ting-Lu, tera:Ghost|59/100\n|-ability|p1a: Ting-Lu|Vessel of Ruin\n|move|p2a: BigApendix\ud83d\udc18|Rapid Spin|p1a: Ting-Lu\n|-immune|p1a: Ting-Lu\n|\n|upkeep\n|turn|32\n|\n|t:|1695188176\n|move|p2a: BigApendix\ud83d\udc18|Knock Off|p1a: Ting-Lu\n|-supereffective|p1a: Ting-Lu\n|-damage|p1a: Ting-Lu|37/100\n|move|p1a: Ting-Lu|Whirlwind|p2a: BigApendix\ud83d\udc18\n|-end|p2a: BigApendix\ud83d\udc18|Protosynthesis|[silent]\n|drag|p2a: Ugly\ud83d\ude14|Ogerpon-Hearthflame, F|100/100\n|-damage|p2a: Ugly\ud83d\ude14|76/100|[from] Stealth Rock\n|-damage|p2a: Ugly\ud83d\ude14|51/100|[from] Spikes\n|-ability|p2a: Ugly\ud83d\ude14|Mold Breaker\n|\n|upkeep\n|turn|33\n|\n|t:|1695188189\n|-terastallize|p2a: Ugly\ud83d\ude14|Fire\n|detailschange|p2a: Ugly\ud83d\ude14|Ogerpon-Hearthflame-Tera, F, tera:Fire\n|-ability|p2a: Ugly\ud83d\ude14|Embody Aspect (Hearthflame)|boost\n|-boost|p2a: Ugly\ud83d\ude14|atk|1\n|move|p2a: Ugly\ud83d\ude14|Ivy Cudgel|p1a: Ting-Lu\n|-damage|p1a: Ting-Lu|0 fnt\n|faint|p1a: Ting-Lu\n|\n|upkeep\n|\n|t:|1695188197\n|switch|p1a: Zamazenta|Zamazenta|100/100\n|-ability|p1a: Zamazenta|Dauntless Shield|boost\n|-boost|p1a: Zamazenta|def|1\n|turn|34\n|\n|t:|1695188203\n|move|p1a: Zamazenta|Close Combat|p2a: Ugly\ud83d\ude14\n|-damage|p2a: Ugly\ud83d\ude14|0 fnt\n|-unboost|p1a: Zamazenta|def|1\n|-unboost|p1a: Zamazenta|spd|1\n|faint|p2a: Ugly\ud83d\ude14\n|\n|upkeep\n|\n|t:|1695188210\n|switch|p2a: Sususamogus\ud83d\udcd5|Amoonguss, M|100/100\n|-damage|p2a: Sususamogus\ud83d\udcd5|88/100|[from] Stealth Rock\n|-damage|p2a: Sususamogus\ud83d\udcd5|63/100|[from] Spikes\n|turn|35\n|\n|t:|1695188225\n|move|p1a: Zamazenta|Heavy Slam|p2a: Sususamogus\ud83d\udcd5\n|-damage|p2a: Sususamogus\ud83d\udcd5|16/100\n|-damage|p1a: Zamazenta|84/100|[from] item: Rocky Helmet|[of] p2a: Sususamogus\ud83d\udcd5\n|move|p2a: Sususamogus\ud83d\udcd5|Synthesis|p2a: Sususamogus\ud83d\udcd5\n|-heal|p2a: Sususamogus\ud83d\udcd5|66/100\n|\n|upkeep\n|turn|36\n|\n|t:|1695188234\n|switch|p1a: Clefable|Clefable, M|100/100\n|move|p2a: Sususamogus\ud83d\udcd5|Synthesis|p2a: Sususamogus\ud83d\udcd5\n|-heal|p2a: Sususamogus\ud83d\udcd5|100/100\n|\n|upkeep\n|turn|37\n|\n|t:|1695188241\n|move|p1a: Clefable|Calm Mind|p1a: Clefable\n|-boost|p1a: Clefable|spa|1\n|-boost|p1a: Clefable|spd|1\n|move|p2a: Sususamogus\ud83d\udcd5|Sludge Bomb|p1a: Clefable\n|-supereffective|p1a: Clefable\n|-damage|p1a: Clefable|67/100\n|-status|p1a: Clefable|psn\n|\n|-damage|p1a: Clefable|55/100 psn|[from] psn\n|upkeep\n|turn|38\n|\n|t:|1695188250\n|move|p1a: Clefable|Wish|p1a: Clefable\n|move|p2a: Sususamogus\ud83d\udcd5|Sludge Bomb|p1a: Clefable\n|-supereffective|p1a: Clefable\n|-damage|p1a: Clefable|22/100 psn\n|\n|-damage|p1a: Clefable|10/100 psn|[from] psn\n|upkeep\n|turn|39\n|\n|t:|1695188258\n|move|p1a: Clefable|Protect|p1a: Clefable\n|-singleturn|p1a: Clefable|Protect\n|move|p2a: Sususamogus\ud83d\udcd5|Sludge Bomb|p1a: Clefable\n|-activate|p1a: Clefable|move: Protect\n|\n|-heal|p1a: Clefable|60/100 psn|[from] move: Wish|[wisher] Clefable\n|-damage|p1a: Clefable|47/100 psn|[from] psn\n|upkeep\n|turn|40\n|\n|t:|1695188270\n|move|p1a: Clefable|Wish|p1a: Clefable\n|move|p2a: Sususamogus\ud83d\udcd5|Sludge Bomb|p1a: Clefable\n|-supereffective|p1a: Clefable\n|-damage|p1a: Clefable|12/100 psn\n|\n|-damage|p1a: Clefable|0 fnt|[from] psn\n|faint|p1a: Clefable\n|upkeep\n|\n|t:|1695188278\n|switch|p1a: Tornadus|Tornadus-Therian, M|100/100 slp\n|turn|41\n|\n|t:|1695188286\n|cant|p1a: Tornadus|slp\n|move|p2a: Sususamogus\ud83d\udcd5|Sludge Bomb|p1a: Tornadus\n|-damage|p1a: Tornadus|72/100 slp\n|\n|-heal|p1a: Tornadus|100/100 slp|[from] move: Wish|[wisher] Clefable\n|upkeep\n|turn|42\n|\n|t:|1695188294\n|cant|p1a: Tornadus|slp\n|move|p2a: Sususamogus\ud83d\udcd5|Spore|p1a: Tornadus\n|-fail|p1a: Tornadus|slp\n|\n|upkeep\n|turn|43\n|\n|t:|1695188301\n|-curestatus|p1a: Tornadus|slp|[msg]\n|move|p1a: Tornadus|Knock Off|p2a: Sususamogus\ud83d\udcd5\n|-damage|p2a: Sususamogus\ud83d\udcd5|81/100\n|-damage|p1a: Tornadus|84/100|[from] item: Rocky Helmet|[of] p2a: Sususamogus\ud83d\udcd5\n|-enditem|p2a: Sususamogus\ud83d\udcd5|Rocky Helmet|[from] move: Knock Off|[of] p1a: Tornadus\n|move|p2a: Sususamogus\ud83d\udcd5|Spore|p1a: Tornadus\n|-status|p1a: Tornadus|slp|[from] move: Spore\n|\n|upkeep\n|turn|44\n|\n|t:|1695188311\n|cant|p1a: Tornadus|slp\n|move|p2a: Sususamogus\ud83d\udcd5|Sludge Bomb|p1a: Tornadus\n|-damage|p1a: Tornadus|57/100 slp\n|\n|upkeep\n|turn|45\n|\n|t:|1695188317\n|-curestatus|p1a: Tornadus|slp|[msg]\n|move|p1a: Tornadus|Bleakwind Storm|p2a: Sususamogus\ud83d\udcd5|[miss]\n|-miss|p1a: Tornadus|p2a: Sususamogus\ud83d\udcd5\n|move|p2a: Sususamogus\ud83d\udcd5|Sludge Bomb|p1a: Tornadus\n|-damage|p1a: Tornadus|31/100\n|-status|p1a: Tornadus|psn\n|\n|-damage|p1a: Tornadus|18/100 psn|[from] psn\n|upkeep\n|turn|46\n|\n|t:|1695188334\n|move|p1a: Tornadus|Bleakwind Storm|p2a: Sususamogus\ud83d\udcd5\n|-supereffective|p2a: Sususamogus\ud83d\udcd5\n|-damage|p2a: Sususamogus\ud83d\udcd5|33/100\n|move|p2a: Sususamogus\ud83d\udcd5|Synthesis|p2a: Sususamogus\ud83d\udcd5\n|-heal|p2a: Sususamogus\ud83d\udcd5|83/100\n|\n|-damage|p1a: Tornadus|6/100 psn|[from] psn\n|upkeep\n|turn|47\n|\n|t:|1695188345\n|move|p1a: Tornadus|Bleakwind Storm|p2a: Sususamogus\ud83d\udcd5|[miss]\n|-miss|p1a: Tornadus|p2a: Sususamogus\ud83d\udcd5\n|move|p2a: Sususamogus\ud83d\udcd5|Synthesis|p2a: Sususamogus\ud83d\udcd5\n|-heal|p2a: Sususamogus\ud83d\udcd5|100/100\n|\n|-damage|p1a: Tornadus|0 fnt|[from] psn\n|faint|p1a: Tornadus\n|upkeep\n|\n|t:|1695188354\n|switch|p1a: Zamazenta|Zamazenta|84/100\n|turn|48\n|\n|t:|1695188360\n|move|p1a: Zamazenta|Heavy Slam|p2a: Sususamogus\ud83d\udcd5\n|-damage|p2a: Sususamogus\ud83d\udcd5|56/100\n|move|p2a: Sususamogus\ud83d\udcd5|Spore|p1a: Zamazenta\n|-status|p1a: Zamazenta|slp|[from] move: Spore\n|\n|upkeep\n|turn|49\n|\n|t:|1695188368\n|cant|p1a: Zamazenta|slp\n|move|p2a: Sususamogus\ud83d\udcd5|Giga Drain|p1a: Zamazenta\n|-damage|p1a: Zamazenta|61/100 slp\n|-heal|p2a: Sususamogus\ud83d\udcd5|64/100|[from] drain|[of] p1a: Zamazenta\n|\n|upkeep\n|turn|50\n|\n|t:|1695188375\n|-curestatus|p1a: Zamazenta|slp|[msg]\n|move|p1a: Zamazenta|Heavy Slam|p2a: Sususamogus\ud83d\udcd5\n|-damage|p2a: Sususamogus\ud83d\udcd5|24/100\n|move|p2a: Sususamogus\ud83d\udcd5|Synthesis|p2a: Sususamogus\ud83d\udcd5\n|-heal|p2a: Sususamogus\ud83d\udcd5|74/100\n|\n|upkeep\n|turn|51\n|\n|t:|1695188383\n|move|p1a: Zamazenta|Heavy Slam|p2a: Sususamogus\ud83d\udcd5\n|-damage|p2a: Sususamogus\ud83d\udcd5|30/100\n|move|p2a: Sususamogus\ud83d\udcd5|Spore|p1a: Zamazenta\n|-status|p1a: Zamazenta|slp|[from] move: Spore\n|\n|upkeep\n|turn|52\n|\n|t:|1695188390\n|cant|p1a: Zamazenta|slp\n|move|p2a: Sususamogus\ud83d\udcd5|Synthesis|p2a: Sususamogus\ud83d\udcd5\n|-heal|p2a: Sususamogus\ud83d\udcd5|80/100\n|\n|upkeep\n|turn|53\n|\n|t:|1695188396\n|cant|p1a: Zamazenta|slp\n|move|p2a: Sususamogus\ud83d\udcd5|Giga Drain|p1a: Zamazenta\n|-damage|p1a: Zamazenta|40/100 slp\n|-heal|p2a: Sususamogus\ud83d\udcd5|88/100|[from] drain|[of] p1a: Zamazenta\n|\n|upkeep\n|turn|54\n|\n|t:|1695188402\n|-curestatus|p1a: Zamazenta|slp|[msg]\n|move|p1a: Zamazenta|Heavy Slam|p2a: Sususamogus\ud83d\udcd5\n|-damage|p2a: Sususamogus\ud83d\udcd5|45/100\n|move|p2a: Sususamogus\ud83d\udcd5|Spore|p1a: Zamazenta\n|-status|p1a: Zamazenta|slp|[from] move: Spore\n|\n|upkeep\n|turn|55\n|\n|t:|1695188411\n|cant|p1a: Zamazenta|slp\n|move|p2a: Sususamogus\ud83d\udcd5|Giga Drain|p1a: Zamazenta\n|-damage|p1a: Zamazenta|21/100 slp\n|-heal|p2a: Sususamogus\ud83d\udcd5|52/100|[from] drain|[of] p1a: Zamazenta\n|\n|upkeep\n|turn|56\n|\n|t:|1695188419\n|cant|p1a: Zamazenta|slp\n|move|p2a: Sususamogus\ud83d\udcd5|Synthesis|p2a: Sususamogus\ud83d\udcd5\n|-heal|p2a: Sususamogus\ud83d\udcd5|100/100\n|\n|upkeep\n|turn|57\n|\n|t:|1695188425\n|-curestatus|p1a: Zamazenta|slp|[msg]\n|move|p1a: Zamazenta|Heavy Slam|p2a: Sususamogus\ud83d\udcd5\n|-damage|p2a: Sususamogus\ud83d\udcd5|56/100\n|move|p2a: Sususamogus\ud83d\udcd5|Spore|p1a: Zamazenta\n|-status|p1a: Zamazenta|slp|[from] move: Spore\n|\n|upkeep\n|turn|58\n|\n|t:|1695188433\n|cant|p1a: Zamazenta|slp\n|move|p2a: Sususamogus\ud83d\udcd5|Giga Drain|p1a: Zamazenta\n|-damage|p1a: Zamazenta|0 fnt\n|-heal|p2a: Sususamogus\ud83d\udcd5|64/100|[from] drain|[of] p1a: Zamazenta\n|faint|p1a: Zamazenta\n|\n|win|Masked Lorekeeper\n|raw|Feyitomi's rating: 1572 &rarr; <strong>1551</strong><br />(-21 for losing)\n|raw|Masked Lorekeeper's rating: 1557 &rarr; <strong>1578</strong><br />(+21 for winning)\n|l|\u2606Feyitomi\n", "uploadtime": 1695188446, "views": 8, "p1id": "feyitomi", "p2id": "maskedlorekeeper", "formatid": "gen9ou", "rating": 1551, "private": 0, "password": ""}