{"id": "gen9ou-1947606199", "p1": "Hikaryu-chan", "p2": "Cosmos Creator", "format": "gen9ou", "log": "|j|\u2606Hikaryu-chan\n|j|\u2606Cosmos Creator\n|t:|1695177196\n|gametype|singles\n|player|p1|Hikaryu-chan|cynthia|1261\n|player|p2|Cosmos Creator|101|1338\n|teamsize|p1|6\n|teamsize|p2|6\n|gen|9\n|tier|[Gen 9] OU\n|rated|\n|rule|Sleep Clause Mod: Limit one foe put to sleep\n|rule|Species Clause: Limit one of each Pok\u00e9mon\n|rule|OHKO Clause: OHKO moves are banned\n|rule|Evasion Items Clause: Evasion items are banned\n|rule|Evasion Moves Clause: Evasion moves are banned\n|rule|Endless Battle Clause: Forcing endless battles is banned\n|rule|HP Percentage Mod: HP is shown in percentages\n|clearpoke\n|poke|p1|Roaring Moon|\n|poke|p1|Walking Wake|\n|poke|p1|Great Tusk|\n|poke|p1|Ninetales, F|\n|poke|p1|Leafeon, M|\n|poke|p1|Weezing-Galar, M|\n|poke|p2|Ogerpon-Hearthflame, F|\n|poke|p2|Torkoal, F|\n|poke|p2|Walking Wake|\n|poke|p2|Great Tusk|\n|poke|p2|Fezandipiti, M|\n|poke|p2|Rotom-Wash|\n|teampreview\n|\n|t:|1695177218\n|start\n|switch|p1a: Weezing|Weezing-Galar, M|100/100\n|switch|p2a: Fezandipiti|Fezandipiti, M|100/100\n|turn|1\n|\n|t:|1695177228\n|move|p1a: Weezing|Protect|p1a: Weezing\n|-singleturn|p1a: Weezing|Protect\n|move|p2a: Fezandipiti|U-turn|p1a: Weezing\n|-activate|p1a: Weezing|move: Protect\n|\n|upkeep\n|turn|2\n|\n|t:|1695177241\n|switch|p1a: Anarian|Ninetales, F|100/100\n|-weather|SunnyDay|[from] ability: Drought|[of] p1a: Anarian\n|move|p2a: Fezandipiti|U-turn|p1a: Anarian\n|-resisted|p1a: Anarian\n|-damage|p1a: Anarian|91/100\n|\n|t:|1695177247\n|switch|p2a: Walking Wake|Walking Wake|100/100|[from] U-turn\n|-activate|p2a: Walking Wake|ability: Protosynthesis\n|-start|p2a: Walking Wake|protosynthesisspa\n|\n|-weather|SunnyDay|[upkeep]\n|upkeep\n|turn|3\n|\n|t:|1695177261\n|switch|p1a: Suicune Park|Walking Wake|100/100\n|-activate|p1a: Suicune Park|ability: Protosynthesis\n|-start|p1a: Suicune Park|protosynthesisspe\n|move|p2a: Walking Wake|Draco Meteor|p1a: Suicune Park\n|-supereffective|p1a: Suicune Park\n|-damage|p1a: Suicune Park|0 fnt\n|-unboost|p2a: Walking Wake|spa|2\n|faint|p1a: Suicune Park\n|-end|p1a: Suicune Park|Protosynthesis|[silent]\n|\n|-weather|SunnyDay|[upkeep]\n|upkeep\n|\n|t:|1695177274\n|switch|p1a: Weezing|Weezing-Galar, M|100/100\n|turn|4\n|\n|t:|1695177281\n|-end|p2a: Walking Wake|Protosynthesis|[silent]\n|switch|p2a: Great Tusk|Great Tusk|100/100\n|-activate|p2a: Great Tusk|ability: Protosynthesis\n|-start|p2a: Great Tusk|protosynthesisdef\n|move|p1a: Weezing|Strange Steam|p2a: Great Tusk\n|-supereffective|p2a: Great Tusk\n|-damage|p2a: Great Tusk|27/100\n|\n|-weather|SunnyDay|[upkeep]\n|-heal|p2a: Great Tusk|33/100|[from] item: Leftovers\n|upkeep\n|turn|5\n|\n|t:|1695177290\n|move|p2a: Great Tusk|Earthquake|p1a: Weezing\n|-immune|p1a: Weezing|[from] ability: Levitate\n|move|p1a: Weezing|Strange Steam|p2a: Great Tusk\n|-supereffective|p2a: Great Tusk\n|-damage|p2a: Great Tusk|0 fnt\n|faint|p2a: Great Tusk\n|-end|p2a: Great Tusk|Protosynthesis|[silent]\n|\n|-weather|SunnyDay|[upkeep]\n|upkeep\n|\n|t:|1695177301\n|switch|p2a: Walking Wake|Walking Wake|100/100\n|-activate|p2a: Walking Wake|ability: Protosynthesis\n|-start|p2a: Walking Wake|protosynthesisspa\n|turn|6\n|\n|t:|1695177306\n|-terastallize|p2a: Walking Wake|Water\n|move|p1a: Weezing|Protect|p1a: Weezing\n|-singleturn|p1a: Weezing|Protect\n|move|p2a: Walking Wake|Hydro Steam|p1a: Weezing\n|-activate|p1a: Weezing|move: Protect\n|\n|-weather|SunnyDay|[upkeep]\n|upkeep\n|turn|7\n|\n|t:|1695177340\n|move|p2a: Walking Wake|Hydro Steam|p1a: Weezing\n|-damage|p1a: Weezing|0 fnt\n|faint|p1a: Weezing\n|\n|-weather|SunnyDay|[upkeep]\n|upkeep\n|\n|t:|1695177345\n|switch|p1a: Roaring Moon|Roaring Moon|100/100\n|-activate|p1a: Roaring Moon|ability: Protosynthesis\n|-start|p1a: Roaring Moon|protosynthesisatk\n|turn|8\n|\n|t:|1695177366\n|-end|p2a: Walking Wake|Protosynthesis|[silent]\n|switch|p2a: Fezandipiti|Fezandipiti, M|100/100\n|move|p1a: Roaring Moon|Knock Off|p2a: Fezandipiti\n|-resisted|p2a: Fezandipiti\n|-damage|p2a: Fezandipiti|63/100\n|-enditem|p2a: Fezandipiti|Leftovers|[from] move: Knock Off|[of] p1a: Roaring Moon\n|\n|-weather|SunnyDay|[upkeep]\n|upkeep\n|turn|9\n|\n|t:|1695177380\n|-end|p1a: Roaring Moon|Protosynthesis|[silent]\n|switch|p1a: Abuelo|Great Tusk|100/100\n|-activate|p1a: Abuelo|ability: Protosynthesis\n|-start|p1a: Abuelo|protosynthesisdef\n|move|p2a: Fezandipiti|U-turn|p1a: Abuelo\n|-resisted|p1a: Abuelo\n|-damage|p1a: Abuelo|98/100\n|\n|t:|1695177424\n|switch|p2a: Walking Wake|Walking Wake, tera:Water|100/100|[from] U-turn\n|-activate|p2a: Walking Wake|ability: Protosynthesis\n|-start|p2a: Walking Wake|protosynthesisspa\n|\n|-weather|none\n|-end|p2a: Walking Wake|Protosynthesis\n|-end|p1a: Abuelo|Protosynthesis\n|upkeep\n|turn|10\n|inactive|Battle timer is ON: inactive players will automatically lose when time's up. (requested by Hikaryu-chan)\n|\n|t:|1695177447\n|move|p2a: Walking Wake|Draco Meteor|p1a: Abuelo\n|-damage|p1a: Abuelo|0 fnt\n|-unboost|p2a: Walking Wake|spa|2\n|faint|p1a: Abuelo\n|-end|p1a: Abuelo|Protosynthesis|[silent]\n|\n|upkeep\n|\n|t:|1695177452\n|switch|p1a: Leafeon|Leafeon, M|100/100\n|turn|11\n|\n|t:|1695177460\n|-end|p2a: Walking Wake|Protosynthesis|[silent]\n|switch|p2a: Torkoal|Torkoal, F|100/100\n|-weather|SunnyDay|[from] ability: Drought|[of] p2a: Torkoal\n|move|p1a: Leafeon|Swords Dance|p1a: Leafeon\n|-boost|p1a: Leafeon|atk|2\n|\n|-weather|SunnyDay|[upkeep]\n|upkeep\n|turn|12\n|\n|t:|1695177472\n|-terastallize|p1a: Leafeon|Fire\n|move|p1a: Leafeon|Knock Off|p2a: Torkoal\n|-damage|p2a: Torkoal|54/100\n|-enditem|p2a: Torkoal|Heat Rock|[from] move: Knock Off|[of] p1a: Leafeon\n|move|p2a: Torkoal|Will-O-Wisp|p1a: Leafeon\n|-immune|p1a: Leafeon\n|\n|-weather|SunnyDay|[upkeep]\n|upkeep\n|turn|13\n|\n|t:|1695177483\n|move|p1a: Leafeon|Knock Off|p2a: Torkoal\n|-damage|p2a: Torkoal|23/100\n|move|p2a: Torkoal|Stealth Rock|p1a: Leafeon\n|-sidestart|p1: Hikaryu-chan|move: Stealth Rock\n|\n|-weather|SunnyDay|[upkeep]\n|upkeep\n|turn|14\n|inactive|Cosmos Creator has 120 seconds left.\n|\n|t:|1695177531\n|move|p1a: Leafeon|Knock Off|p2a: Torkoal\n|-damage|p2a: Torkoal|0 fnt\n|faint|p2a: Torkoal\n|\n|-weather|SunnyDay|[upkeep]\n|upkeep\n|\n|t:|1695177534\n|switch|p2a: Walking Wake|Walking Wake, tera:Water|100/100\n|-activate|p2a: Walking Wake|ability: Protosynthesis\n|-start|p2a: Walking Wake|protosynthesisspa\n|turn|15\n|\n|t:|1695177543\n|move|p1a: Leafeon|Solar Blade||[still]\n|-prepare|p1a: Leafeon|Solar Blade\n|-anim|p1a: Leafeon|Solar Blade|p2a: Walking Wake\n|-supereffective|p2a: Walking Wake\n|-damage|p2a: Walking Wake|0 fnt\n|faint|p2a: Walking Wake\n|-end|p2a: Walking Wake|Protosynthesis|[silent]\n|\n|-weather|SunnyDay|[upkeep]\n|upkeep\n|inactive|Cosmos Creator has 120 seconds left.\n|\n|t:|1695177558\n|switch|p2a: Ogerpon|Ogerpon-Hearthflame, F|100/100\n|-ability|p2a: Ogerpon|Mold Breaker\n|turn|16\n|\n|t:|1695177564\n|move|p1a: Leafeon|Knock Off|p2a: Ogerpon\n|-damage|p2a: Ogerpon|46/100\n|move|p2a: Ogerpon|Knock Off|p1a: Leafeon\n|-crit|p1a: Leafeon\n|-damage|p1a: Leafeon|37/100\n|-enditem|p1a: Leafeon|Power Herb|[from] move: Knock Off|[of] p2a: Ogerpon\n|\n|-weather|SunnyDay|[upkeep]\n|upkeep\n|turn|17\n|inactive|Cosmos Creator has 120 seconds left.\n|\n|t:|1695177592\n|move|p1a: Leafeon|Knock Off|p2a: Ogerpon\n|-crit|p2a: Ogerpon\n|-damage|p2a: Ogerpon|0 fnt\n|faint|p2a: Ogerpon\n|\n|-weather|SunnyDay|[upkeep]\n|upkeep\n|\n|t:|1695177595\n|switch|p2a: Rotom|Rotom-Wash|100/100\n|turn|18\n|\n|t:|1695177599\n|move|p1a: Leafeon|Solar Blade||[still]\n|-prepare|p1a: Leafeon|Solar Blade\n|-anim|p1a: Leafeon|Solar Blade|p2a: Rotom\n|-supereffective|p2a: Rotom\n|-damage|p2a: Rotom|0 fnt\n|faint|p2a: Rotom\n|\n|-weather|none\n|upkeep\n|inactive|Cosmos Creator has 120 seconds left.\n|\n|t:|1695177604\n|switch|p2a: Fezandipiti|Fezandipiti, M|63/100\n|turn|19\n|\n|t:|1695177614\n|move|p1a: Leafeon|Knock Off|p2a: Fezandipiti\n|-resisted|p2a: Fezandipiti\n|-damage|p2a: Fezandipiti|39/100\n|move|p2a: Fezandipiti|Toxic|p1a: Leafeon\n|-status|p1a: Leafeon|tox\n|\n|-damage|p1a: Leafeon|31/100 tox|[from] psn\n|upkeep\n|turn|20\n|c|\u2606Hikaryu-chan|wp\n|inactive|Cosmos Creator has 120 seconds left.\n|inactive|Cosmos Creator has 90 seconds left.\n|inactive|Cosmos Creator has 60 seconds left.\n|inactive|Cosmos Creator has 30 seconds left.\n|inactive|Cosmos Creator has 20 seconds left.\n|inactive|Cosmos Creator has 15 seconds left.\n|inactive|Cosmos Creator has 10 seconds left.\n|inactive|Cosmos Creator has 5 seconds left.\n|-message|Cosmos Creator lost due to inactivity.\n|\n|win|Hikaryu-chan\n|raw|Hikaryu-chan's rating: 1261 &rarr; <strong>1291</strong><br />(+30 for winning)\n|raw|Cosmos Creator's rating: 1338 &rarr; <strong>1314</strong><br />(-24 for losing)\n", "uploadtime": 1695177871, "views": 13, "p1id": "hikaryuchan", "p2id": "cosmoscreator", "formatid": "gen9ou", "rating": 1291, "private": 0, "password": ""}