{"id": "gen9ou-1947654067", "p1": "chocotaco7", "p2": "Hedgehog landfill", "format": "gen9ou", "log": "|j|\u2606chocotaco7\n|j|\u2606Hedgehog landfill\n|t:|1695182528\n|gametype|singles\n|player|p1|chocotaco7|2|1380\n|player|p2|Hedgehog landfill|janitor|1411\n|teamsize|p1|6\n|teamsize|p2|6\n|gen|9\n|tier|[Gen 9] OU\n|rated|\n|rule|Sleep Clause Mod: Limit one foe put to sleep\n|rule|Species Clause: Limit one of each Pok\u00e9mon\n|rule|OHKO Clause: OHKO moves are banned\n|rule|Evasion Items Clause: Evasion items are banned\n|rule|Evasion Moves Clause: Evasion moves are banned\n|rule|Endless Battle Clause: Forcing endless battles is banned\n|rule|HP Percentage Mod: HP is shown in percentages\n|clearpoke\n|poke|p1|Ribombee, F|\n|poke|p1|Iron Treads|\n|poke|p1|Ogerpon-Hearthflame, F|\n|poke|p1|Empoleon, M|\n|poke|p1|Dusclops, F|\n|poke|p1|Dragonite, M|\n|poke|p2|Torkoal, M|\n|poke|p2|Ogerpon-Hearthflame, F|\n|poke|p2|Great Tusk|\n|poke|p2|Walking Wake|\n|poke|p2|Clodsire, M|\n|poke|p2|Hatterene, F|\n|teampreview\n|inactive|Battle timer is ON: inactive players will automatically lose when time's up. (requested by chocotaco7)\n|j| Edu05\n|\n|t:|1695182549\n|start\n|switch|p1a: Ribombee|Ribombee, F|100/100\n|switch|p2a: Torkoal|Torkoal, M|100/100\n|-weather|SunnyDay|[from] ability: Drought|[of] p2a: Torkoal\n|turn|1\n|\n|t:|1695182553\n|switch|p2a: Hatterene|Hatterene, F|100/100\n|move|p1a: Ribombee|Skill Swap|p2a: Hatterene\n|-activate|p1a: Ribombee|move: Skill Swap|Magic Bounce|Shield Dust|[of] p2a: Hatterene\n|\n|-weather|SunnyDay|[upkeep]\n|upkeep\n|turn|2\n|\n|t:|1695182559\n|move|p1a: Ribombee|Sticky Web|p2a: Hatterene\n|-sidestart|p2: Hedgehog landfill|move: Sticky Web\n|move|p2a: Hatterene|Nuzzle|p1a: Ribombee\n|-damage|p1a: Ribombee|94/100\n|-status|p1a: Ribombee|par\n|\n|-weather|SunnyDay|[upkeep]\n|upkeep\n|turn|3\n|\n|t:|1695182564\n|move|p1a: Ribombee|U-turn|p2a: Hatterene\n|-damage|p2a: Hatterene|89/100\n|-enditem|p2a: Hatterene|Eject Button\n|\n|t:|1695182570\n|switch|p2a: Great Tusk|Great Tusk|100/100\n|-activate|p2a: Great Tusk|move: Sticky Web\n|-unboost|p2a: Great Tusk|spe|1\n|-activate|p2a: Great Tusk|ability: Protosynthesis\n|-start|p2a: Great Tusk|protosynthesisatk\n|\n|-weather|SunnyDay|[upkeep]\n|upkeep\n|turn|4\n|\n|t:|1695182575\n|switch|p1a: Dusclops|Dusclops, F|100/100\n|-item|p2a: Great Tusk|Muscle Band|[from] ability: Frisk|[of] p1a: Dusclops|[identify]\n|move|p2a: Great Tusk|Rapid Spin|p1a: Dusclops\n|-immune|p1a: Dusclops\n|\n|-weather|SunnyDay|[upkeep]\n|upkeep\n|turn|5\n|\n|t:|1695182579\n|-end|p2a: Great Tusk|Protosynthesis|[silent]\n|switch|p2a: Clodsire|Clodsire, M|100/100\n|-activate|p2a: Clodsire|move: Sticky Web\n|-unboost|p2a: Clodsire|spe|1\n|move|p1a: Dusclops|Will-O-Wisp|p2a: Clodsire\n|-status|p2a: Clodsire|brn\n|\n|-weather|SunnyDay|[upkeep]\n|-damage|p2a: Clodsire|94/100 brn|[from] brn\n|upkeep\n|turn|6\n|\n|t:|1695182589\n|switch|p1a: Ogerpon|Ogerpon-Hearthflame, F|100/100\n|-ability|p1a: Ogerpon|Mold Breaker\n|move|p2a: Clodsire|Yawn|p1a: Ogerpon\n|-start|p1a: Ogerpon|move: Yawn|[of] p2a: Clodsire\n|\n|-weather|SunnyDay|[upkeep]\n|-heal|p2a: Clodsire|100/100 brn|[from] item: Black Sludge\n|-damage|p2a: Clodsire|94/100 brn|[from] brn\n|upkeep\n|turn|7\n|\n|t:|1695182601\n|switch|p1a: Empoleon|Empoleon, M|100/100\n|move|p2a: Clodsire|Spikes|p1a: Empoleon\n|-sidestart|p1: chocotaco7|Spikes\n|\n|-weather|SunnyDay|[upkeep]\n|-heal|p2a: Clodsire|100/100 brn|[from] item: Black Sludge\n|-damage|p2a: Clodsire|94/100 brn|[from] brn\n|upkeep\n|turn|8\n|\n|t:|1695182626\n|switch|p1a: Dragonite|Dragonite, M|100/100\n|move|p2a: Clodsire|Yawn|p1a: Dragonite\n|-start|p1a: Dragonite|move: Yawn|[of] p2a: Clodsire\n|\n|-weather|none\n|-heal|p2a: Clodsire|100/100 brn|[from] item: Black Sludge\n|-damage|p2a: Clodsire|94/100 brn|[from] brn\n|upkeep\n|turn|9\n|\n|t:|1695182631\n|switch|p1a: Iron Treads|Iron Treads|100/100\n|-enditem|p1a: Iron Treads|Booster Energy\n|-activate|p1a: Iron Treads|ability: Quark Drive|[fromitem]\n|-start|p1a: Iron Treads|quarkdrivespe\n|-damage|p1a: Iron Treads|88/100|[from] Spikes\n|move|p2a: Clodsire|Spikes|p1a: Iron Treads\n|-sidestart|p1: chocotaco7|Spikes\n|\n|-heal|p2a: Clodsire|100/100 brn|[from] item: Black Sludge\n|-damage|p2a: Clodsire|94/100 brn|[from] brn\n|upkeep\n|turn|10\n|\n|t:|1695182635\n|move|p1a: Iron Treads|Rapid Spin|p2a: Clodsire\n|-damage|p2a: Clodsire|80/100 brn\n|-boost|p1a: Iron Treads|spe|1\n|-sideend|p1: chocotaco7|Spikes|[from] move: Rapid Spin|[of] p1a: Iron Treads\n|move|p2a: Clodsire|Yawn|p1a: Iron Treads\n|-start|p1a: Iron Treads|move: Yawn|[of] p2a: Clodsire\n|\n|-heal|p2a: Clodsire|86/100 brn|[from] item: Black Sludge\n|-damage|p2a: Clodsire|80/100 brn|[from] brn\n|upkeep\n|turn|11\n|\n|t:|1695182649\n|-end|p1a: Iron Treads|Quark Drive|[silent]\n|switch|p1a: Ogerpon|Ogerpon-Hearthflame, F|100/100\n|-ability|p1a: Ogerpon|Mold Breaker\n|switch|p2a: Torkoal|Torkoal, M|100/100\n|-activate|p2a: Torkoal|move: Sticky Web\n|-unboost|p2a: Torkoal|spe|1\n|-weather|SunnyDay|[from] ability: Drought|[of] p2a: Torkoal\n|\n|-weather|SunnyDay|[upkeep]\n|upkeep\n|turn|12\n|\n|t:|1695182656\n|move|p1a: Ogerpon|Swords Dance|p1a: Ogerpon\n|-boost|p1a: Ogerpon|atk|2\n|move|p2a: Torkoal|Yawn|p1a: Ogerpon\n|-start|p1a: Ogerpon|move: Yawn|[of] p2a: Torkoal\n|\n|-weather|SunnyDay|[upkeep]\n|upkeep\n|turn|13\n|\n|t:|1695182679\n|switch|p1a: Dragonite|Dragonite, M|100/100\n|move|p2a: Torkoal|Rapid Spin|p1a: Dragonite\n|-damage|p1a: Dragonite|95/100\n|-boost|p2a: Torkoal|spe|1\n|-sideend|p2: Hedgehog landfill|Sticky Web|[from] move: Rapid Spin|[of] p2a: Torkoal\n|\n|-weather|SunnyDay|[upkeep]\n|upkeep\n|turn|14\n|\n|t:|1695182686\n|move|p1a: Dragonite|Encore|p2a: Torkoal\n|-start|p2a: Torkoal|Encore\n|move|p2a: Torkoal|Rapid Spin|p1a: Dragonite\n|-crit|p1a: Dragonite\n|-damage|p1a: Dragonite|81/100\n|-boost|p2a: Torkoal|spe|1\n|\n|-weather|SunnyDay|[upkeep]\n|upkeep\n|turn|15\n|\n|t:|1695182689\n|switch|p1a: Ribombee|Ribombee, F|94/100 par\n|switch|p2a: Hatterene|Hatterene, F|89/100\n|\n|-weather|SunnyDay|[upkeep]\n|upkeep\n|turn|16\n|inactive|chocotaco7 has 120 seconds left.\n|\n|t:|1695182720\n|switch|p1a: Empoleon|Empoleon, M|100/100\n|move|p2a: Hatterene|Mystical Fire|p1a: Empoleon\n|-damage|p1a: Empoleon|63/100\n|\n|-weather|SunnyDay|[upkeep]\n|upkeep\n|turn|17\n|inactive|chocotaco7 has 120 seconds left.\n|inactive|chocotaco7 has 90 seconds left.\n|\n|t:|1695182763\n|switch|p1a: Dusclops|Dusclops, F|100/100\n|move|p2a: Hatterene|Nuzzle|p1a: Dusclops\n|-damage|p1a: Dusclops|98/100\n|-status|p1a: Dusclops|par\n|\n|-weather|SunnyDay|[upkeep]\n|upkeep\n|turn|18\n|\n|t:|1695182773\n|move|p2a: Hatterene|Dazzling Gleam|p1a: Dusclops\n|-damage|p1a: Dusclops|77/100 par\n|move|p1a: Dusclops|Curse|p2a: Hatterene\n|-start|p2a: Hatterene|Curse|[of] p1a: Dusclops\n|-damage|p1a: Dusclops|27/100 par\n|\n|-weather|none\n|-damage|p2a: Hatterene|64/100|[from] Curse\n|upkeep\n|turn|19\n|\n|t:|1695182776\n|switch|p2a: Torkoal|Torkoal, M|100/100\n|-weather|SunnyDay|[from] ability: Drought|[of] p2a: Torkoal\n|move|p1a: Dusclops|Memento|p2a: Torkoal\n|-unboost|p2a: Torkoal|atk|2\n|-unboost|p2a: Torkoal|spa|2\n|faint|p1a: Dusclops\n|\n|-weather|SunnyDay|[upkeep]\n|upkeep\n|\n|t:|1695182786\n|switch|p1a: Ogerpon|Ogerpon-Hearthflame, F|100/100\n|-ability|p1a: Ogerpon|Mold Breaker\n|turn|20\n|\n|t:|1695182790\n|-terastallize|p1a: Ogerpon|Fire\n|detailschange|p1a: Ogerpon|Ogerpon-Hearthflame-Tera, F, tera:Fire\n|-ability|p1a: Ogerpon|Embody Aspect (Hearthflame)|boost\n|-boost|p1a: Ogerpon|atk|1\n|move|p1a: Ogerpon|Ivy Cudgel|p2a: Torkoal\n|-resisted|p2a: Torkoal\n|-damage|p2a: Torkoal|50/100\n|move|p2a: Torkoal|Yawn|p1a: Ogerpon\n|-start|p1a: Ogerpon|move: Yawn|[of] p2a: Torkoal\n|\n|-weather|SunnyDay|[upkeep]\n|upkeep\n|turn|21\n|inactive|chocotaco7 has 120 seconds left.\n|\n|t:|1695182804\n|switch|p1a: Ribombee|Ribombee, F|94/100 par\n|switch|p2a: Hatterene|Hatterene, F|64/100\n|\n|-weather|SunnyDay|[upkeep]\n|upkeep\n|turn|22\n|\n|t:|1695182820\n|move|p1a: Ribombee|Skill Swap|p2a: Hatterene\n|-activate|p1a: Ribombee|move: Skill Swap|Magic Bounce|Shield Dust|[of] p2a: Hatterene\n|move|p2a: Hatterene|Mystical Fire|p1a: Ribombee\n|-supereffective|p1a: Ribombee\n|-damage|p1a: Ribombee|2/100 par\n|-unboost|p1a: Ribombee|spa|1\n|\n|-weather|SunnyDay|[upkeep]\n|upkeep\n|turn|23\n|\n|t:|1695182824\n|switch|p2a: Ogerpon|Ogerpon-Hearthflame, F|100/100\n|-ability|p2a: Ogerpon|Mold Breaker\n|move|p1a: Ribombee|Sticky Web|p2a: Ogerpon\n|-sidestart|p2: Hedgehog landfill|move: Sticky Web\n|\n|-weather|SunnyDay|[upkeep]\n|upkeep\n|turn|24\n|\n|t:|1695182829\n|-terastallize|p2a: Ogerpon|Fire\n|detailschange|p2a: Ogerpon|Ogerpon-Hearthflame-Tera, F, tera:Fire\n|-ability|p2a: Ogerpon|Embody Aspect (Hearthflame)|boost\n|-boost|p2a: Ogerpon|atk|1\n|move|p2a: Ogerpon|Trailblaze|p1a: Ribombee\n|-resisted|p1a: Ribombee\n|-damage|p1a: Ribombee|0 fnt\n|-boost|p2a: Ogerpon|spe|1\n|faint|p1a: Ribombee\n|\n|-weather|SunnyDay|[upkeep]\n|upkeep\n|\n|t:|1695182841\n|switch|p1a: Dragonite|Dragonite, M|81/100\n|turn|25\n|\n|t:|1695182843\n|move|p2a: Ogerpon|Ivy Cudgel|p1a: Dragonite\n|-resisted|p1a: Dragonite\n|-damage|p1a: Dragonite|0 fnt\n|faint|p1a: Dragonite\n|\n|-weather|SunnyDay|[upkeep]\n|upkeep\n|\n|t:|1695182847\n|switch|p1a: Empoleon|Empoleon, M|63/100\n|turn|26\n|\n|t:|1695182851\n|move|p2a: Ogerpon|Ivy Cudgel|p1a: Empoleon\n|-damage|p1a: Empoleon|0 fnt\n|faint|p1a: Empoleon\n|\n|-weather|none\n|upkeep\n|\n|t:|1695182855\n|switch|p1a: Ogerpon|Ogerpon-Hearthflame-Tera, F, tera:Fire|100/100\n|-ability|p1a: Ogerpon|Embody Aspect (Hearthflame)|boost\n|-boost|p1a: Ogerpon|atk|1\n|turn|27\n|\n|t:|1695182861\n|move|p2a: Ogerpon|Ivy Cudgel|p1a: Ogerpon\n|-resisted|p1a: Ogerpon\n|-damage|p1a: Ogerpon|17/100\n|move|p1a: Ogerpon|Ivy Cudgel|p2a: Ogerpon\n|-resisted|p2a: Ogerpon\n|-crit|p2a: Ogerpon\n|-damage|p2a: Ogerpon|0 fnt\n|faint|p2a: Ogerpon\n|\n|upkeep\n|\n|t:|1695182881\n|switch|p2a: Walking Wake|Walking Wake|100/100\n|-activate|p2a: Walking Wake|move: Sticky Web\n|-unboost|p2a: Walking Wake|spe|1\n|turn|28\n|\n|t:|1695182884\n|move|p1a: Ogerpon|Play Rough|p2a: Walking Wake\n|-supereffective|p2a: Walking Wake\n|-damage|p2a: Walking Wake|0 fnt\n|faint|p2a: Walking Wake\n|-end|p2a: Walking Wake|Protosynthesis|[silent]\n|\n|upkeep\n|\n|t:|1695182890\n|switch|p2a: Great Tusk|Great Tusk|100/100\n|-activate|p2a: Great Tusk|move: Sticky Web\n|-unboost|p2a: Great Tusk|spe|1\n|turn|29\n|\n|t:|1695182893\n|move|p1a: Ogerpon|Horn Leech|p2a: Great Tusk\n|-supereffective|p2a: Great Tusk\n|-damage|p2a: Great Tusk|5/100\n|-heal|p1a: Ogerpon|76/100|[from] drain|[of] p2a: Great Tusk\n|move|p2a: Great Tusk|Rapid Spin|p1a: Ogerpon\n|-damage|p1a: Ogerpon|52/100\n|-boost|p2a: Great Tusk|spe|1\n|-sideend|p2: Hedgehog landfill|Sticky Web|[from] move: Rapid Spin|[of] p2a: Great Tusk\n|\n|upkeep\n|turn|30\n|\n|t:|1695182900\n|move|p1a: Ogerpon|Horn Leech|p2a: Great Tusk\n|-supereffective|p2a: Great Tusk\n|-damage|p2a: Great Tusk|0 fnt\n|-heal|p1a: Ogerpon|55/100|[from] drain|[of] p2a: Great Tusk\n|faint|p2a: Great Tusk\n|-end|p2a: Great Tusk|Protosynthesis|[silent]\n|\n|upkeep\n|\n|t:|1695182904\n|switch|p2a: Clodsire|Clodsire, M|80/100 brn\n|turn|31\n|\n|t:|1695182907\n|move|p1a: Ogerpon|Ivy Cudgel|p2a: Clodsire\n|-damage|p2a: Clodsire|0 fnt\n|faint|p2a: Clodsire\n|\n|upkeep\n|\n|t:|1695182909\n|switch|p2a: Hatterene|Hatterene, F|64/100\n|turn|32\n|\n|t:|1695182911\n|move|p1a: Ogerpon|Ivy Cudgel|p2a: Hatterene\n|-damage|p2a: Hatterene|0 fnt\n|faint|p2a: Hatterene\n|\n|upkeep\n|\n|t:|1695182913\n|switch|p2a: Torkoal|Torkoal, M|50/100\n|-weather|SunnyDay|[from] ability: Drought|[of] p2a: Torkoal\n|turn|33\n|\n|t:|1695182915\n|move|p1a: Ogerpon|Ivy Cudgel|p2a: Torkoal\n|-resisted|p2a: Torkoal\n|-damage|p2a: Torkoal|0 fnt\n|faint|p2a: Torkoal\n|\n|win|chocotaco7\n|raw|chocotaco7's rating: 1380 &rarr; <strong>1402</strong><br />(+22 for winning)\n|raw|Hedgehog landfill's rating: 1411 &rarr; <strong>1389</strong><br />(-22 for losing)\n|l|\u2606Hedgehog landfill\n", "uploadtime": 1695182918, "views": 6, "p1id": "chocotaco7", "p2id": "hedgehoglandfill", "formatid": "gen9ou", "rating": 1389, "private": 0, "password": ""}