{"id": "gen9ou-1947702001", "p1": "talon246", "p2": "NelsonIs7202", "format": "gen9ou", "log": "|j|\u2606talon246\n|j|\u2606NelsonIs7202\n|t:|1695189420\n|gametype|singles\n|player|p1|talon246|marlon|1151\n|player|p2|NelsonIs7202|dawn|1208\n|teamsize|p1|6\n|teamsize|p2|6\n|gen|9\n|tier|[Gen 9] OU\n|rated|\n|rule|Sleep Clause Mod: Limit one foe put to sleep\n|rule|Species Clause: Limit one of each Pok\u00e9mon\n|rule|OHKO Clause: OHKO moves are banned\n|rule|Evasion Items Clause: Evasion items are banned\n|rule|Evasion Moves Clause: Evasion moves are banned\n|rule|Endless Battle Clause: Forcing endless battles is banned\n|rule|HP Percentage Mod: HP is shown in percentages\n|clearpoke\n|poke|p1|Cinderace, M|\n|poke|p1|Umbreon, F|\n|poke|p1|Alomomola, F|\n|poke|p1|Enamorus, F|\n|poke|p1|Rotom-Wash|\n|poke|p1|Gliscor, M|\n|poke|p2|Slowking-Galar, F|\n|poke|p2|Kommo-o, M|\n|poke|p2|Gholdengo|\n|poke|p2|Corviknight, F|\n|poke|p2|Dondozo, M|\n|poke|p2|Dragapult, F|\n|teampreview\n|inactive|Battle timer is ON: inactive players will automatically lose when time's up. (requested by NelsonIs7202)\n|\n|t:|1695189440\n|start\n|switch|p1a: Gliscor|Gliscor, M|100/100\n|switch|p2a: Dragapult|Dragapult, F|100/100\n|turn|1\n|\n|t:|1695189445\n|move|p2a: Dragapult|Draco Meteor|p1a: Gliscor\n|-damage|p1a: Gliscor|0 fnt\n|-unboost|p2a: Dragapult|spa|2\n|faint|p1a: Gliscor\n|\n|upkeep\n|\n|t:|1695189449\n|switch|p1a: Enamorus|Enamorus, F|100/100\n|turn|2\n|\n|t:|1695189470\n|switch|p2a: Slowking|Slowking-Galar, F, shiny|100/100\n|move|p1a: Enamorus|Earth Power|p2a: Slowking\n|-supereffective|p2a: Slowking\n|-damage|p2a: Slowking|29/100\n|-damage|p1a: Enamorus|91/100|[from] item: Life Orb\n|\n|upkeep\n|turn|3\n|\n|t:|1695189477\n|switch|p2a: Corviknight|Corviknight, F|100/100\n|-ability|p2a: Corviknight|Pressure\n|move|p1a: Enamorus|Earth Power|p2a: Corviknight\n|-immune|p2a: Corviknight\n|\n|upkeep\n|turn|4\n|\n|t:|1695189483\n|switch|p2a: Slowking|Slowking-Galar, F, shiny|62/100\n|move|p1a: Enamorus|Mystical Fire|p2a: Slowking\n|-damage|p2a: Slowking|36/100\n|-unboost|p2a: Slowking|spa|1\n|-damage|p1a: Enamorus|81/100|[from] item: Life Orb\n|\n|upkeep\n|turn|5\n|\n|t:|1695189489\n|switch|p2a: Dondozo|Dondozo, M|100/100\n|move|p1a: Enamorus|Mystical Fire|p2a: Dondozo\n|-resisted|p2a: Dondozo\n|-damage|p2a: Dondozo|90/100\n|-unboost|p2a: Dondozo|spa|1\n|-damage|p1a: Enamorus|71/100|[from] item: Life Orb\n|\n|-heal|p2a: Dondozo|96/100|[from] item: Leftovers\n|upkeep\n|turn|6\n|\n|t:|1695189496\n|switch|p1a: Rotom|Rotom-Wash|100/100\n|move|p2a: Dondozo|Wave Crash|p1a: Rotom\n|-resisted|p1a: Rotom\n|-damage|p1a: Rotom|71/100\n|-damage|p2a: Dondozo|91/100|[from] Recoil\n|\n|-heal|p2a: Dondozo|97/100|[from] item: Leftovers\n|upkeep\n|turn|7\n|\n|t:|1695189498\n|switch|p2a: Slowking|Slowking-Galar, F, shiny|69/100\n|move|p1a: Rotom|Volt Switch|p2a: Slowking\n|-damage|p2a: Slowking|45/100\n|\n|t:|1695189503\n|switch|p1a: Cinderace|Cinderace, M|100/100|[from] Volt Switch\n|\n|upkeep\n|turn|8\n|\n|t:|1695189507\n|switch|p2a: Dondozo|Dondozo, M|97/100\n|move|p1a: Cinderace|U-turn|p2a: Dondozo\n|-start|p1a: Cinderace|typechange|Bug|[from] ability: Libero\n|-damage|p2a: Dondozo|77/100\n|\n|t:|1695189510\n|switch|p1a: Rotom|Rotom-Wash|71/100|[from] U-turn\n|\n|-heal|p2a: Dondozo|83/100|[from] item: Leftovers\n|upkeep\n|turn|9\n|\n|t:|1695189517\n|switch|p2a: Slowking|Slowking-Galar, F, shiny|79/100\n|move|p1a: Rotom|Trick|p2a: Slowking\n|-activate|p1a: Rotom|move: Trick|[of] p2a: Slowking\n|-item|p2a: Slowking|Choice Scarf|[from] move: Trick\n|-item|p1a: Rotom|Heavy-Duty Boots|[from] move: Trick\n|\n|upkeep\n|turn|10\n|\n|t:|1695189524\n|move|p1a: Rotom|Volt Switch|p2a: Slowking\n|-damage|p2a: Slowking|55/100\n|\n|t:|1695189526\n|switch|p1a: Alomomola|Alomomola, F|100/100|[from] Volt Switch\n|move|p2a: Slowking|Chilly Reception|p2a: Slowking\n|-weather|Snow\n|\n|t:|1695189536\n|switch|p2a: Gholdengo|Gholdengo|100/100|[from] Chilly Reception\n|\n|-weather|Snow|[upkeep]\n|upkeep\n|turn|11\n|\n|t:|1695189543\n|move|p2a: Gholdengo|Shadow Ball|p1a: Alomomola\n|-damage|p1a: Alomomola|44/100\n|move|p1a: Alomomola|Wish|p1a: Alomomola\n|\n|-weather|Snow|[upkeep]\n|upkeep\n|turn|12\n|\n|t:|1695189557\n|switch|p1a: Enamorus|Enamorus, F|71/100\n|move|p2a: Gholdengo|Nasty Plot|p2a: Gholdengo\n|-boost|p2a: Gholdengo|spa|2\n|\n|-weather|Snow|[upkeep]\n|-heal|p1a: Enamorus|100/100|[from] move: Wish|[wisher] Alomomola\n|upkeep\n|turn|13\n|\n|t:|1695189569\n|move|p1a: Enamorus|Earth Power|p2a: Gholdengo\n|-supereffective|p2a: Gholdengo\n|-damage|p2a: Gholdengo|14/100\n|-damage|p1a: Enamorus|91/100|[from] item: Life Orb\n|move|p2a: Gholdengo|Make It Rain|p1a: Enamorus\n|-supereffective|p1a: Enamorus\n|-damage|p1a: Enamorus|0 fnt\n|-unboost|p2a: Gholdengo|spa|1\n|faint|p1a: Enamorus\n|\n|-weather|Snow|[upkeep]\n|upkeep\n|\n|t:|1695189575\n|switch|p1a: Rotom|Rotom-Wash|71/100\n|turn|14\n|\n|t:|1695189582\n|switch|p2a: Slowking|Slowking-Galar, F, shiny|88/100\n|move|p1a: Rotom|Volt Switch|p2a: Slowking\n|-damage|p2a: Slowking|62/100\n|\n|t:|1695189595\n|switch|p1a: Alomomola|Alomomola, F|77/100|[from] Volt Switch\n|\n|-weather|none\n|upkeep\n|turn|15\n|\n|t:|1695189599\n|move|p1a: Alomomola|Wish|p1a: Alomomola\n|move|p2a: Slowking|Chilly Reception|p2a: Slowking\n|-weather|Snow\n|\n|t:|1695189603\n|switch|p2a: Gholdengo|Gholdengo|14/100|[from] Chilly Reception\n|\n|-weather|Snow|[upkeep]\n|upkeep\n|turn|16\n|\n|t:|1695189606\n|move|p2a: Gholdengo|Recover|p2a: Gholdengo\n|-heal|p2a: Gholdengo|64/100\n|move|p1a: Alomomola|Flip Turn|p2a: Gholdengo\n|-damage|p2a: Gholdengo|49/100\n|\n|t:|1695189611\n|switch|p1a: Cinderace|Cinderace, M|100/100|[from] Flip Turn\n|\n|-weather|Snow|[upkeep]\n|upkeep\n|turn|17\n|\n|t:|1695189617\n|switch|p2a: Dondozo|Dondozo, M|83/100\n|move|p1a: Cinderace|U-turn|p2a: Dondozo\n|-start|p1a: Cinderace|typechange|Bug|[from] ability: Libero\n|-damage|p2a: Dondozo|62/100\n|\n|t:|1695189619\n|switch|p1a: Rotom|Rotom-Wash|71/100|[from] U-turn\n|\n|-weather|Snow|[upkeep]\n|-heal|p2a: Dondozo|68/100|[from] item: Leftovers\n|upkeep\n|turn|18\n|\n|t:|1695189628\n|switch|p2a: Slowking|Slowking-Galar, F, shiny|95/100\n|move|p1a: Rotom|Volt Switch|p2a: Slowking\n|-damage|p2a: Slowking|72/100\n|\n|t:|1695189632\n|switch|p1a: Alomomola|Alomomola, F|100/100|[from] Volt Switch\n|\n|-weather|Snow|[upkeep]\n|upkeep\n|turn|19\n|\n|t:|1695189637\n|move|p1a: Alomomola|Wish|p1a: Alomomola\n|move|p2a: Slowking|Chilly Reception|p2a: Slowking\n|\n|t:|1695189639\n|switch|p2a: Gholdengo|Gholdengo|49/100|[from] Chilly Reception\n|\n|-weather|none\n|upkeep\n|turn|20\n|\n|t:|1695189642\n|move|p2a: Gholdengo|Recover|p2a: Gholdengo\n|-heal|p2a: Gholdengo|99/100\n|move|p1a: Alomomola|Flip Turn|p2a: Gholdengo\n|-damage|p2a: Gholdengo|85/100\n|\n|t:|1695189644\n|switch|p1a: Rotom|Rotom-Wash|71/100|[from] Flip Turn\n|\n|-heal|p1a: Rotom|100/100|[from] move: Wish|[wisher] Alomomola\n|upkeep\n|turn|21\n|\n|t:|1695189652\n|move|p1a: Rotom|Volt Switch|p2a: Gholdengo\n|-damage|p2a: Gholdengo|52/100\n|\n|t:|1695189654\n|switch|p1a: Cinderace|Cinderace, M|100/100|[from] Volt Switch\n|move|p2a: Gholdengo|Shadow Ball|p1a: Cinderace\n|-damage|p1a: Cinderace|29/100\n|\n|upkeep\n|turn|22\n|\n|t:|1695189662\n|move|p1a: Cinderace|Pyro Ball|p2a: Gholdengo\n|-supereffective|p2a: Gholdengo\n|-damage|p2a: Gholdengo|0 fnt\n|faint|p2a: Gholdengo\n|\n|upkeep\n|\n|t:|1695189664\n|switch|p2a: Dragapult|Dragapult, F|100/100\n|turn|23\n|\n|t:|1695189672\n|switch|p1a: Umbreon|Umbreon, F|100/100\n|-terastallize|p2a: Dragapult|Dragon\n|move|p2a: Dragapult|Shadow Ball|p1a: Umbreon\n|-resisted|p1a: Umbreon\n|-damage|p1a: Umbreon|86/100\n|\n|-heal|p1a: Umbreon|92/100|[from] item: Leftovers\n|upkeep\n|turn|24\n|\n|t:|1695189675\n|switch|p2a: Dondozo|Dondozo, M|68/100\n|move|p1a: Umbreon|Toxic|p2a: Dondozo\n|-status|p2a: Dondozo|tox\n|\n|-heal|p1a: Umbreon|98/100|[from] item: Leftovers\n|-heal|p2a: Dondozo|74/100 tox|[from] item: Leftovers\n|-damage|p2a: Dondozo|68/100 tox|[from] psn\n|upkeep\n|turn|25\n|\n|t:|1695189681\n|switch|p1a: Alomomola|Alomomola, F|100/100\n|move|p2a: Dondozo|Rest|p2a: Dondozo\n|-status|p2a: Dondozo|slp|[from] move: Rest\n|-heal|p2a: Dondozo|100/100 slp|[silent]\n|\n|upkeep\n|turn|26\n|\n|t:|1695189688\n|switch|p2a: Dragapult|Dragapult, F, tera:Dragon|100/100\n|move|p1a: Alomomola|Wish|p1a: Alomomola\n|\n|upkeep\n|turn|27\n|\n|t:|1695189692\n|-terastallize|p1a: Alomomola|Fairy\n|move|p2a: Dragapult|Draco Meteor|p1a: Alomomola\n|-immune|p1a: Alomomola\n|move|p1a: Alomomola|Flip Turn|p2a: Dragapult\n|-resisted|p2a: Dragapult\n|-damage|p2a: Dragapult|90/100\n|\n|t:|1695189695\n|switch|p1a: Cinderace|Cinderace, M|29/100|[from] Flip Turn\n|\n|-heal|p1a: Cinderace|100/100|[from] move: Wish|[wisher] Alomomola\n|upkeep\n|turn|28\n|\n|t:|1695189700\n|move|p2a: Dragapult|Draco Meteor|p1a: Cinderace\n|-damage|p1a: Cinderace|0 fnt\n|-unboost|p2a: Dragapult|spa|2\n|faint|p1a: Cinderace\n|\n|upkeep\n|\n|t:|1695189703\n|switch|p1a: Rotom|Rotom-Wash|100/100\n|turn|29\n|\n|t:|1695189707\n|switch|p2a: Slowking|Slowking-Galar, F, shiny|100/100\n|move|p1a: Rotom|Volt Switch|p2a: Slowking\n|-damage|p2a: Slowking|74/100\n|\n|t:|1695189710\n|switch|p1a: Umbreon|Umbreon, F|98/100|[from] Volt Switch\n|\n|-heal|p1a: Umbreon|100/100|[from] item: Leftovers\n|upkeep\n|turn|30\n|\n|t:|1695189721\n|move|p1a: Umbreon|Foul Play|p2a: Slowking\n|-supereffective|p2a: Slowking\n|-damage|p2a: Slowking|32/100\n|move|p2a: Slowking|Chilly Reception|p2a: Slowking\n|-weather|Snow\n|\n|t:|1695189723\n|switch|p2a: Kommo-o|Kommo-o, M|100/100|[from] Chilly Reception\n|\n|-weather|Snow|[upkeep]\n|upkeep\n|turn|31\n|\n|t:|1695189725\n|move|p2a: Kommo-o|Clangorous Soul|p2a: Kommo-o\n|-boost|p2a: Kommo-o|atk|1\n|-boost|p2a: Kommo-o|def|1\n|-boost|p2a: Kommo-o|spa|1\n|-boost|p2a: Kommo-o|spd|1\n|-boost|p2a: Kommo-o|spe|1\n|-damage|p2a: Kommo-o|68/100\n|move|p1a: Umbreon|Toxic|p2a: Kommo-o\n|-status|p2a: Kommo-o|tox\n|\n|-weather|Snow|[upkeep]\n|-damage|p2a: Kommo-o|61/100 tox|[from] psn\n|upkeep\n|turn|32\n|\n|t:|1695189735\n|move|p2a: Kommo-o|Drain Punch|p1a: Umbreon\n|-supereffective|p1a: Umbreon\n|-damage|p1a: Umbreon|40/100\n|-heal|p2a: Kommo-o|99/100 tox|[from] drain|[of] p1a: Umbreon\n|move|p1a: Umbreon|Foul Play|p2a: Kommo-o\n|-resisted|p2a: Kommo-o\n|-damage|p2a: Kommo-o|85/100 tox\n|\n|-weather|Snow|[upkeep]\n|-heal|p1a: Umbreon|46/100|[from] item: Leftovers\n|-damage|p2a: Kommo-o|72/100 tox|[from] psn\n|upkeep\n|turn|33\n|\n|t:|1695189742\n|move|p1a: Umbreon|Protect|p1a: Umbreon\n|-singleturn|p1a: Umbreon|Protect\n|move|p2a: Kommo-o|Boomburst|p1a: Umbreon\n|-activate|p1a: Umbreon|move: Protect\n|\n|-weather|Snow|[upkeep]\n|-heal|p1a: Umbreon|52/100|[from] item: Leftovers\n|-damage|p2a: Kommo-o|54/100 tox|[from] psn\n|upkeep\n|turn|34\n|\n|t:|1695189746\n|switch|p1a: Alomomola|Alomomola, F, tera:Fairy|100/100\n|move|p2a: Kommo-o|Drain Punch|p1a: Alomomola\n|-resisted|p1a: Alomomola\n|-crit|p1a: Alomomola\n|-damage|p1a: Alomomola|84/100\n|-heal|p2a: Kommo-o|67/100 tox|[from] drain|[of] p1a: Alomomola\n|-damage|p2a: Kommo-o|51/100 tox|[from] item: Rocky Helmet|[of] p1a: Alomomola\n|\n|-weather|none\n|-damage|p2a: Kommo-o|26/100 tox|[from] psn\n|upkeep\n|-enditem|p2a: Kommo-o|Sitrus Berry|[eat]\n|-heal|p2a: Kommo-o|51/100 tox|[from] item: Sitrus Berry\n|turn|35\n|\n|t:|1695189750\n|switch|p2a: Slowking|Slowking-Galar, F, shiny|65/100\n|move|p1a: Alomomola|Protect||[still]\n|-fail|p1a: Alomomola\n|\n|upkeep\n|turn|36\n|\n|t:|1695189755\n|move|p1a: Alomomola|Wish|p1a: Alomomola\n|move|p2a: Slowking|Chilly Reception|p2a: Slowking\n|-weather|Snow\n|\n|t:|1695189761\n|switch|p2a: Dragapult|Dragapult, F, tera:Dragon|90/100|[from] Chilly Reception\n|\n|-weather|Snow|[upkeep]\n|upkeep\n|turn|37\n|\n|t:|1695189767\n|move|p2a: Dragapult|Shadow Ball|p1a: Alomomola\n|-damage|p1a: Alomomola|21/100\n|-unboost|p1a: Alomomola|spd|1\n|move|p1a: Alomomola|Flip Turn|p2a: Dragapult\n|-resisted|p2a: Dragapult\n|-damage|p2a: Dragapult|79/100\n|\n|t:|1695189769\n|switch|p1a: Umbreon|Umbreon, F|52/100|[from] Flip Turn\n|\n|-weather|Snow|[upkeep]\n|-heal|p1a: Umbreon|100/100|[from] move: Wish|[wisher] Alomomola\n|upkeep\n|turn|38\n|\n|t:|1695189778\n|switch|p2a: Corviknight|Corviknight, F|100/100\n|-ability|p2a: Corviknight|Pressure\n|move|p1a: Umbreon|Foul Play|p2a: Corviknight\n|-damage|p2a: Corviknight|78/100\n|-damage|p1a: Umbreon|84/100|[from] item: Rocky Helmet|[of] p2a: Corviknight\n|\n|-weather|Snow|[upkeep]\n|-heal|p1a: Umbreon|90/100|[from] item: Leftovers\n|upkeep\n|turn|39\n|\n|t:|1695189788\n|switch|p1a: Rotom|Rotom-Wash|100/100\n|move|p2a: Corviknight|U-turn|p1a: Rotom\n|-damage|p1a: Rotom|80/100\n|\n|t:|1695189795\n|switch|p2a: Slowking|Slowking-Galar, F, shiny|98/100|[from] U-turn\n|\n|-weather|Snow|[upkeep]\n|upkeep\n|turn|40\n|\n|t:|1695189802\n|move|p1a: Rotom|Will-O-Wisp|p2a: Slowking\n|-status|p2a: Slowking|brn\n|move|p2a: Slowking|Future Sight|p1a: Rotom\n|-start|p2a: Slowking|move: Future Sight\n|\n|-weather|none\n|-damage|p2a: Slowking|92/100 brn|[from] brn\n|upkeep\n|turn|41\n|\n|t:|1695189808\n|switch|p2a: Kommo-o|Kommo-o, M|51/100 tox\n|move|p1a: Rotom|Volt Switch|p2a: Kommo-o\n|-resisted|p2a: Kommo-o\n|-damage|p2a: Kommo-o|36/100 tox\n|\n|t:|1695189814\n|switch|p1a: Umbreon|Umbreon, F|90/100|[from] Volt Switch\n|\n|-heal|p1a: Umbreon|96/100|[from] item: Leftovers\n|-damage|p2a: Kommo-o|30/100 tox|[from] psn\n|upkeep\n|turn|42\n|\n|t:|1695189818\n|move|p1a: Umbreon|Protect|p1a: Umbreon\n|-singleturn|p1a: Umbreon|Protect\n|move|p2a: Kommo-o|Drain Punch|p1a: Umbreon\n|-activate|p1a: Umbreon|move: Protect\n|\n|-end|p1a: Umbreon|move: Future Sight\n|-immune|p1a: Umbreon\n|-heal|p1a: Umbreon|100/100|[from] item: Leftovers\n|-damage|p2a: Kommo-o|18/100 tox|[from] psn\n|upkeep\n|turn|43\n|\n|t:|1695189822\n|switch|p1a: Alomomola|Alomomola, F, tera:Fairy|54/100\n|move|p2a: Kommo-o|Boomburst|p1a: Alomomola\n|-damage|p1a: Alomomola|8/100\n|\n|-damage|p2a: Kommo-o|0 fnt|[from] psn\n|faint|p2a: Kommo-o\n|upkeep\n|\n|t:|1695189832\n|switch|p2a: Dragapult|Dragapult, F, tera:Dragon|79/100\n|turn|44\n|\n|t:|1695189834\n|switch|p1a: Umbreon|Umbreon, F|100/100\n|move|p2a: Dragapult|U-turn|p1a: Umbreon\n|-supereffective|p1a: Umbreon\n|-crit|p1a: Umbreon\n|-damage|p1a: Umbreon|61/100\n|\n|t:|1695189841\n|switch|p2a: Corviknight|Corviknight, F|78/100|[from] U-turn\n|-ability|p2a: Corviknight|Pressure\n|\n|-heal|p1a: Umbreon|68/100|[from] item: Leftovers\n|upkeep\n|turn|45\n|\n|t:|1695189848\n|move|p2a: Corviknight|U-turn|p1a: Umbreon\n|-supereffective|p1a: Umbreon\n|-damage|p1a: Umbreon|43/100\n|\n|t:|1695189851\n|switch|p2a: Dondozo|Dondozo, M|100/100 slp|[from] U-turn\n|move|p1a: Umbreon|Moonlight|p1a: Umbreon\n|-heal|p1a: Umbreon|93/100\n|\n|-heal|p1a: Umbreon|99/100|[from] item: Leftovers\n|upkeep\n|turn|46\n|\n|t:|1695189861\n|move|p1a: Umbreon|Foul Play|p2a: Dondozo\n|-damage|p2a: Dondozo|81/100 slp\n|cant|p2a: Dondozo|slp\n|\n|-heal|p1a: Umbreon|100/100|[from] item: Leftovers\n|-heal|p2a: Dondozo|88/100 slp|[from] item: Leftovers\n|upkeep\n|turn|47\n|\n|t:|1695189869\n|switch|p1a: Rotom|Rotom-Wash|80/100\n|cant|p2a: Dondozo|slp\n|\n|-heal|p2a: Dondozo|94/100 slp|[from] item: Leftovers\n|upkeep\n|turn|48\n|\n|t:|1695189874\n|switch|p2a: Slowking|Slowking-Galar, F, shiny|100/100 brn\n|move|p1a: Rotom|Volt Switch|p2a: Slowking\n|-damage|p2a: Slowking|76/100 brn\n|\n|t:|1695189875\n|switch|p1a: Alomomola|Alomomola, F, tera:Fairy|42/100|[from] Volt Switch\n|\n|-damage|p2a: Slowking|70/100 brn|[from] brn\n|upkeep\n|turn|49\n|\n|t:|1695189882\n|switch|p1a: Umbreon|Umbreon, F|100/100\n|move|p2a: Slowking|Sludge Bomb|p1a: Umbreon\n|-damage|p1a: Umbreon|75/100\n|\n|-heal|p1a: Umbreon|81/100|[from] item: Leftovers\n|-damage|p2a: Slowking|64/100 brn|[from] brn\n|upkeep\n|turn|50\n|\n|t:|1695189890\n|switch|p1a: Rotom|Rotom-Wash|80/100\n|switch|p2a: Dondozo|Dondozo, M|94/100 slp\n|\n|-heal|p2a: Dondozo|99/100 slp|[from] item: Leftovers\n|upkeep\n|turn|51\n|\n|t:|1695189894\n|switch|p2a: Slowking|Slowking-Galar, F, shiny|97/100 brn\n|move|p1a: Rotom|Volt Switch|p2a: Slowking\n|-damage|p2a: Slowking|74/100 brn\n|\n|t:|1695189899\n|switch|p1a: Umbreon|Umbreon, F|81/100|[from] Volt Switch\n|\n|-heal|p1a: Umbreon|88/100|[from] item: Leftovers\n|-damage|p2a: Slowking|68/100 brn|[from] brn\n|upkeep\n|turn|52\n|\n|t:|1695189907\n|switch|p2a: Dondozo|Dondozo, M|99/100 slp\n|move|p1a: Umbreon|Foul Play|p2a: Dondozo\n|-damage|p2a: Dondozo|81/100 slp\n|\n|-heal|p1a: Umbreon|94/100|[from] item: Leftovers\n|-heal|p2a: Dondozo|87/100 slp|[from] item: Leftovers\n|upkeep\n|turn|53\n|\n|t:|1695189917\n|move|p1a: Umbreon|Foul Play|p2a: Dondozo\n|-damage|p2a: Dondozo|66/100 slp\n|-curestatus|p2a: Dondozo|slp|[msg]\n|move|p2a: Dondozo|Wave Crash|p1a: Umbreon\n|-damage|p1a: Umbreon|63/100\n|-damage|p2a: Dondozo|58/100|[from] Recoil\n|\n|-heal|p1a: Umbreon|69/100|[from] item: Leftovers\n|-heal|p2a: Dondozo|65/100|[from] item: Leftovers\n|upkeep\n|turn|54\n|\n|t:|1695189924\n|move|p1a: Umbreon|Moonlight|p1a: Umbreon\n|-heal|p1a: Umbreon|100/100\n|move|p2a: Dondozo|Rest|p2a: Dondozo\n|-status|p2a: Dondozo|slp|[from] move: Rest\n|-heal|p2a: Dondozo|100/100 slp|[silent]\n|\n|upkeep\n|turn|55\n|\n|t:|1695189929\n|switch|p1a: Rotom|Rotom-Wash|80/100\n|cant|p2a: Dondozo|slp\n|\n|upkeep\n|turn|56\n|\n|t:|1695189938\n|switch|p2a: Slowking|Slowking-Galar, F, shiny|100/100 brn\n|move|p1a: Rotom|Volt Switch|p2a: Slowking\n|-damage|p2a: Slowking|76/100 brn\n|\n|t:|1695189939\n|switch|p1a: Umbreon|Umbreon, F|100/100|[from] Volt Switch\n|\n|-damage|p2a: Slowking|70/100 brn|[from] brn\n|upkeep\n|turn|57\n|\n|t:|1695189951\n|switch|p2a: Dondozo|Dondozo, M|100/100 slp\n|move|p1a: Umbreon|Foul Play|p2a: Dondozo\n|-damage|p2a: Dondozo|82/100 slp\n|\n|-heal|p2a: Dondozo|88/100 slp|[from] item: Leftovers\n|upkeep\n|turn|58\n|\n|t:|1695189978\n|move|p1a: Umbreon|Foul Play|p2a: Dondozo\n|-damage|p2a: Dondozo|70/100 slp\n|cant|p2a: Dondozo|slp\n|\n|-heal|p2a: Dondozo|76/100 slp|[from] item: Leftovers\n|upkeep\n|turn|59\n|\n|t:|1695189986\n|switch|p1a: Alomomola|Alomomola, F, tera:Fairy|75/100\n|-curestatus|p2a: Dondozo|slp|[msg]\n|move|p2a: Dondozo|Wave Crash|p1a: Alomomola\n|-damage|p1a: Alomomola|54/100\n|-damage|p2a: Dondozo|60/100|[from] item: Rocky Helmet|[of] p1a: Alomomola\n|-damage|p2a: Dondozo|52/100|[from] Recoil\n|\n|-heal|p2a: Dondozo|59/100|[from] item: Leftovers\n|upkeep\n|turn|60\n|\n|t:|1695189998\n|switch|p2a: Slowking|Slowking-Galar, F, shiny|100/100 brn\n|move|p1a: Alomomola|Wish|p1a: Alomomola\n|\n|-damage|p2a: Slowking|94/100 brn|[from] brn\n|upkeep\n|turn|61\n|\n|t:|1695190018\n|switch|p2a: Dondozo|Dondozo, M|59/100\n|move|p1a: Alomomola|Flip Turn|p2a: Dondozo\n|-resisted|p2a: Dondozo\n|-damage|p2a: Dondozo|53/100\n|\n|t:|1695190019\n|switch|p1a: Rotom|Rotom-Wash|80/100|[from] Flip Turn\n|\n|-heal|p1a: Rotom|100/100|[from] move: Wish|[wisher] Alomomola\n|-heal|p2a: Dondozo|59/100|[from] item: Leftovers\n|upkeep\n|turn|62\n|\n|t:|1695190029\n|switch|p2a: Slowking|Slowking-Galar, F, shiny|100/100 brn\n|move|p1a: Rotom|Volt Switch|p2a: Slowking\n|-damage|p2a: Slowking|74/100 brn\n|\n|t:|1695190031\n|switch|p1a: Umbreon|Umbreon, F|100/100|[from] Volt Switch\n|\n|-damage|p2a: Slowking|68/100 brn|[from] brn\n|upkeep\n|turn|63\n|\n|t:|1695190039\n|switch|p1a: Rotom|Rotom-Wash|100/100\n|switch|p2a: Dondozo|Dondozo, M|59/100\n|\n|-heal|p2a: Dondozo|66/100|[from] item: Leftovers\n|upkeep\n|turn|64\n|\n|t:|1695190042\n|switch|p2a: Slowking|Slowking-Galar, F, shiny|100/100 brn\n|move|p1a: Rotom|Volt Switch|p2a: Slowking\n|-damage|p2a: Slowking|76/100 brn\n|c|\u2606talon246|Gg\n|-message|talon246 forfeited.\n|\n|win|NelsonIs7202\n|raw|talon246's rating: 1151 &rarr; <strong>1130</strong><br />(-21 for losing)\n|raw|NelsonIs7202's rating: 1208 &rarr; <strong>1229</strong><br />(+21 for winning)\n|l|\u2606talon246\n", "uploadtime": 1695190063, "views": 0, "p1id": "talon246", "p2id": "nelsonis7202", "formatid": "gen9ou", "rating": 1130, "private": 0, "password": ""}