{"id": "gen9ou-1947654193", "p1": "PresentWand0", "p2": "andrewtb491", "format": "gen9ou", "log": "|j|\u2606PresentWand0\n|j|\u2606andrewtb491\n|t:|1695182545\n|gametype|singles\n|player|p1|PresentWand0|hilbert|\n|player|p2|andrewtb491|hugh|\n|teamsize|p1|6\n|teamsize|p2|6\n|gen|9\n|tier|[Gen 9] OU\n|rule|Sleep Clause Mod: Limit one foe put to sleep\n|rule|Species Clause: Limit one of each Pok\u00e9mon\n|rule|OHKO Clause: OHKO moves are banned\n|rule|Evasion Items Clause: Evasion items are banned\n|rule|Evasion Moves Clause: Evasion moves are banned\n|rule|Endless Battle Clause: Forcing endless battles is banned\n|rule|HP Percentage Mod: HP is shown in percentages\n|clearpoke\n|poke|p1|Ursaluna-Bloodmoon, M|\n|poke|p1|Corviknight, F|\n|poke|p1|Sinistcha|\n|poke|p1|Garganacl, F|\n|poke|p1|Dragapult, F|\n|poke|p1|Infernape, F|\n|poke|p2|Cinderace, M|\n|poke|p2|Milotic, M|\n|poke|p2|Landorus-Therian, M|\n|poke|p2|Ninetales-Alola, M|\n|poke|p2|Roaring Moon|\n|poke|p2|Gholdengo|\n|teampreview\n|\n|t:|1695182560\n|start\n|switch|p1a: Infernape|Infernape, F|100/100\n|switch|p2a: Landorus|Landorus-Therian, M|100/100\n|-ability|p2a: Landorus|Intimidate|boost\n|-unboost|p1a: Infernape|atk|1\n|turn|1\n|\n|t:|1695182596\n|move|p1a: Infernape|U-turn|p2a: Landorus\n|-resisted|p2a: Landorus\n|-damage|p2a: Landorus|92/100\n|-damage|p1a: Infernape|84/100|[from] item: Rocky Helmet|[of] p2a: Landorus\n|\n|t:|1695182602\n|switch|p1a: Sinistcha|Sinistcha|100/100|[from] U-turn\n|move|p2a: Landorus|Smack Down|p1a: Sinistcha\n|-damage|p1a: Sinistcha|83/100\n|\n|-heal|p1a: Sinistcha|90/100|[from] item: Leftovers\n|upkeep\n|turn|2\n|\n|t:|1695182609\n|move|p2a: Landorus|U-turn|p1a: Sinistcha\n|-damage|p1a: Sinistcha|64/100\n|\n|t:|1695182623\n|switch|p2a: Cinderace|Cinderace, M|100/100|[from] U-turn\n|move|p1a: Sinistcha|Matcha Gotcha|p2a: Cinderace\n|-resisted|p2a: Cinderace\n|-damage|p2a: Cinderace|72/100\n|-heal|p1a: Sinistcha|76/100|[from] drain|[of] p2a: Cinderace\n|\n|-heal|p1a: Sinistcha|82/100|[from] item: Leftovers\n|upkeep\n|turn|3\n|\n|t:|1695182634\n|-terastallize|p1a: Sinistcha|Water\n|move|p2a: Cinderace|Pyro Ball|p1a: Sinistcha\n|-resisted|p1a: Sinistcha\n|-damage|p1a: Sinistcha|68/100\n|move|p1a: Sinistcha|Scald|p2a: Cinderace\n|-supereffective|p2a: Cinderace\n|-damage|p2a: Cinderace|0 fnt\n|faint|p2a: Cinderace\n|\n|-heal|p1a: Sinistcha|74/100|[from] item: Leftovers\n|upkeep\n|\n|t:|1695182646\n|switch|p2a: Gholdengo|Gholdengo|100/100\n|-item|p2a: Gholdengo|Air Balloon\n|turn|4\n|\n|t:|1695182650\n|move|p2a: Gholdengo|Thunder Wave|p1a: Sinistcha\n|-status|p1a: Sinistcha|par\n|move|p1a: Sinistcha|Matcha Gotcha|p2a: Gholdengo\n|-resisted|p2a: Gholdengo\n|-damage|p2a: Gholdengo|79/100\n|-heal|p1a: Sinistcha|87/100 par|[from] drain|[of] p2a: Gholdengo\n|-enditem|p2a: Gholdengo|Air Balloon\n|\n|-heal|p1a: Sinistcha|93/100 par|[from] item: Leftovers\n|upkeep\n|turn|5\n|\n|t:|1695182662\n|move|p2a: Gholdengo|Shadow Ball|p1a: Sinistcha\n|-damage|p1a: Sinistcha|33/100 par\n|move|p1a: Sinistcha|Matcha Gotcha|p2a: Gholdengo\n|-resisted|p2a: Gholdengo\n|-crit|p2a: Gholdengo\n|-damage|p2a: Gholdengo|45/100\n|-heal|p1a: Sinistcha|51/100 par|[from] drain|[of] p2a: Gholdengo\n|\n|-heal|p1a: Sinistcha|57/100 par|[from] item: Leftovers\n|upkeep\n|turn|6\n|\n|t:|1695182671\n|move|p2a: Gholdengo|Shadow Ball|p1a: Sinistcha\n|-damage|p1a: Sinistcha|0 fnt\n|faint|p1a: Sinistcha\n|\n|upkeep\n|\n|t:|1695182676\n|switch|p1a: Dragapult|Dragapult, F|100/100\n|turn|7\n|\n|t:|1695182683\n|switch|p2a: Milotic|Milotic, M|100/100\n|move|p1a: Dragapult|Dragon Dance|p1a: Dragapult\n|-boost|p1a: Dragapult|atk|1\n|-boost|p1a: Dragapult|spe|1\n|\n|upkeep\n|turn|8\n|\n|t:|1695182693\n|move|p1a: Dragapult|Phantom Force||[still]\n|-prepare|p1a: Dragapult|Phantom Force\n|move|p2a: Milotic|Dragon Tail|p1a: Dragapult|[miss]\n|-miss|p2a: Milotic|p1a: Dragapult\n|\n|upkeep\n|turn|9\n|\n|t:|1695182701\n|switch|p2a: Landorus|Landorus-Therian, M|92/100\n|-ability|p2a: Landorus|Intimidate|boost\n|-unboost|p1a: Dragapult|atk|1\n|move|p1a: Dragapult|Phantom Force|p2a: Landorus|[from]lockedmove\n|-damage|p2a: Landorus|13/100\n|-damage|p1a: Dragapult|84/100|[from] item: Rocky Helmet|[of] p2a: Landorus\n|-damage|p1a: Dragapult|74/100|[from] item: Life Orb\n|\n|upkeep\n|turn|10\n|\n|t:|1695182715\n|switch|p2a: Ninetales|Ninetales-Alola, M|100/100\n|-weather|Snow|[from] ability: Snow Warning|[of] p2a: Ninetales\n|move|p1a: Dragapult|Dragon Dance|p1a: Dragapult\n|-boost|p1a: Dragapult|atk|1\n|-boost|p1a: Dragapult|spe|1\n|\n|-weather|Snow|[upkeep]\n|upkeep\n|turn|11\n|\n|t:|1695182726\n|move|p1a: Dragapult|Phantom Force||[still]\n|-prepare|p1a: Dragapult|Phantom Force\n|move|p2a: Ninetales|Aurora Veil|p2a: Ninetales\n|-sidestart|p2: andrewtb491|move: Aurora Veil\n|\n|-weather|Snow|[upkeep]\n|upkeep\n|turn|12\n|\n|t:|1695182734\n|move|p1a: Dragapult|Phantom Force|p2a: Ninetales|[from]lockedmove\n|-damage|p2a: Ninetales|21/100\n|-damage|p1a: Dragapult|65/100|[from] item: Life Orb\n|move|p2a: Ninetales|Blizzard|p1a: Dragapult\n|-supereffective|p1a: Dragapult\n|-damage|p1a: Dragapult|0 fnt\n|faint|p1a: Dragapult\n|\n|-weather|Snow|[upkeep]\n|upkeep\n|\n|t:|1695182743\n|switch|p1a: Corviknight|Corviknight, F|100/100\n|-ability|p1a: Corviknight|Pressure\n|turn|13\n|\n|t:|1695182748\n|switch|p2a: Gholdengo|Gholdengo|45/100\n|move|p1a: Corviknight|Defog|p2a: Gholdengo\n|-immune|p2a: Gholdengo|[from] ability: Good as Gold\n|\n|-weather|Snow|[upkeep]\n|upkeep\n|turn|14\n|\n|t:|1695182760\n|move|p2a: Gholdengo|Recover|p2a: Gholdengo\n|-heal|p2a: Gholdengo|95/100\n|move|p1a: Corviknight|U-turn|p2a: Gholdengo\n|-resisted|p2a: Gholdengo\n|-damage|p2a: Gholdengo|94/100\n|\n|t:|1695182764\n|switch|p1a: Ursaluna|Ursaluna-Bloodmoon, M|100/100|[from] U-turn\n|\n|-weather|none\n|upkeep\n|turn|15\n|\n|t:|1695182792\n|switch|p2a: Landorus|Landorus-Therian, M|13/100\n|-ability|p2a: Landorus|Intimidate|boost\n|-unboost|p1a: Ursaluna|atk|1\n|move|p1a: Ursaluna|Blood Moon|p2a: Landorus\n|-damage|p2a: Landorus|0 fnt\n|faint|p2a: Landorus\n|\n|upkeep\n|\n|t:|1695182803\n|switch|p2a: Milotic|Milotic, M|100/100\n|turn|16\n|\n|t:|1695182810\n|move|p2a: Milotic|Scald|p1a: Ursaluna\n|-supereffective|p1a: Ursaluna\n|-damage|p1a: Ursaluna|58/100\n|move|p1a: Ursaluna|Moonblast|p2a: Milotic\n|-damage|p2a: Milotic|87/100\n|\n|-heal|p2a: Milotic|93/100|[from] item: Leftovers\n|upkeep\n|turn|17\n|\n|t:|1695182817\n|move|p2a: Milotic|Scald|p1a: Ursaluna\n|-supereffective|p1a: Ursaluna\n|-damage|p1a: Ursaluna|14/100\n|move|p1a: Ursaluna|Blood Moon|p2a: Milotic\n|-damage|p2a: Milotic|66/100\n|\n|-heal|p2a: Milotic|72/100|[from] item: Leftovers\n|upkeep\n|turn|18\n|\n|t:|1695182826\n|move|p2a: Milotic|Scald|p1a: Ursaluna\n|-supereffective|p1a: Ursaluna\n|-damage|p1a: Ursaluna|0 fnt\n|faint|p1a: Ursaluna\n|\n|-heal|p2a: Milotic|78/100|[from] item: Leftovers\n|-sideend|p2: andrewtb491|move: Aurora Veil\n|upkeep\n|\n|t:|1695182829\n|switch|p1a: Corviknight|Corviknight, F|100/100\n|-ability|p1a: Corviknight|Pressure\n|turn|19\n|\n|t:|1695182846\n|move|p2a: Milotic|Scald|p1a: Corviknight\n|-damage|p1a: Corviknight|74/100\n|-status|p1a: Corviknight|brn\n|move|p1a: Corviknight|Body Press|p2a: Milotic\n|-damage|p2a: Milotic|69/100\n|\n|-heal|p2a: Milotic|75/100|[from] item: Leftovers\n|-damage|p1a: Corviknight|68/100 brn|[from] brn\n|upkeep\n|turn|20\n|\n|t:|1695182858\n|move|p2a: Milotic|Scald|p1a: Corviknight\n|-damage|p1a: Corviknight|40/100 brn\n|move|p1a: Corviknight|Body Press|p2a: Milotic\n|-damage|p2a: Milotic|65/100\n|\n|-heal|p2a: Milotic|71/100|[from] item: Leftovers\n|-damage|p1a: Corviknight|34/100 brn|[from] brn\n|upkeep\n|turn|21\n|\n|t:|1695182899\n|switch|p2a: Ninetales|Ninetales-Alola, M|21/100\n|-weather|Snow|[from] ability: Snow Warning|[of] p2a: Ninetales\n|move|p1a: Corviknight|Body Press|p2a: Ninetales\n|-damage|p2a: Ninetales|10/100\n|\n|-weather|Snow|[upkeep]\n|-damage|p1a: Corviknight|28/100 brn|[from] brn\n|upkeep\n|turn|22\n|\n|t:|1695182909\n|move|p2a: Ninetales|Aurora Veil|p2a: Ninetales\n|-sidestart|p2: andrewtb491|move: Aurora Veil\n|move|p1a: Corviknight|Iron Head|p2a: Ninetales\n|-supereffective|p2a: Ninetales\n|-damage|p2a: Ninetales|0 fnt\n|faint|p2a: Ninetales\n|\n|-weather|Snow|[upkeep]\n|-damage|p1a: Corviknight|21/100 brn|[from] brn\n|upkeep\n|\n|t:|1695182925\n|switch|p2a: Roaring Moon|Roaring Moon|100/100\n|-enditem|p2a: Roaring Moon|Booster Energy\n|-activate|p2a: Roaring Moon|ability: Protosynthesis|[fromitem]\n|-start|p2a: Roaring Moon|protosynthesisatk\n|turn|23\n|\n|t:|1695182940\n|move|p2a: Roaring Moon|Dragon Dance|p2a: Roaring Moon\n|-boost|p2a: Roaring Moon|atk|1\n|-boost|p2a: Roaring Moon|spe|1\n|move|p1a: Corviknight|U-turn|p2a: Roaring Moon\n|-supereffective|p2a: Roaring Moon\n|-damage|p2a: Roaring Moon|91/100\n|\n|t:|1695182946\n|switch|p1a: Garganacl|Garganacl, F|100/100|[from] U-turn\n|\n|-weather|Snow|[upkeep]\n|upkeep\n|turn|24\n|\n|t:|1695182955\n|move|p2a: Roaring Moon|Knock Off|p1a: Garganacl\n|-damage|p1a: Garganacl|19/100\n|-enditem|p1a: Garganacl|Leftovers|[from] move: Knock Off|[of] p2a: Roaring Moon\n|move|p1a: Garganacl|Iron Defense|p1a: Garganacl\n|-boost|p1a: Garganacl|def|2\n|\n|-weather|Snow|[upkeep]\n|upkeep\n|turn|25\n|\n|t:|1695182963\n|move|p2a: Roaring Moon|Iron Head|p1a: Garganacl\n|-supereffective|p1a: Garganacl\n|-damage|p1a: Garganacl|0 fnt\n|faint|p1a: Garganacl\n|\n|-weather|none\n|upkeep\n|\n|t:|1695182965\n|switch|p1a: Infernape|Infernape, F|84/100\n|turn|26\n|\n|t:|1695182975\n|move|p1a: Infernape|Mach Punch|p2a: Roaring Moon\n|-supereffective|p2a: Roaring Moon\n|-damage|p2a: Roaring Moon|64/100\n|move|p2a: Roaring Moon|Dragon Claw|p1a: Infernape\n|-damage|p1a: Infernape|0 fnt\n|faint|p1a: Infernape\n|\n|upkeep\n|\n|t:|1695182981\n|switch|p1a: Corviknight|Corviknight, F|21/100 brn\n|-ability|p1a: Corviknight|Pressure\n|turn|27\n|\n|t:|1695182985\n|move|p2a: Roaring Moon|Knock Off|p1a: Corviknight\n|-damage|p1a: Corviknight|0 fnt\n|-enditem|p1a: Corviknight|Heavy-Duty Boots|[from] move: Knock Off|[of] p2a: Roaring Moon\n|faint|p1a: Corviknight\n|\n|win|andrewtb491\n", "uploadtime": 1695182992, "views": 7, "p1id": "presentwand0", "p2id": "andrewtb491", "formatid": "gen9ou", "rating": 0, "private": 0, "password": ""}