{"id": "gen9ou-1947594055", "p1": "singx7ds", "p2": "LEMONCAKEYOPPER", "format": "gen9ou", "log": "|j|\u2606singx7ds\n|j|\u2606LEMONCAKEYOPPER\n|t:|1695175951\n|gametype|singles\n|player|p1|singx7ds|mela|1406\n|player|p2|LEMONCAKEYOPPER|fisherman-gen2jp|1422\n|teamsize|p1|6\n|teamsize|p2|6\n|gen|9\n|tier|[Gen 9] OU\n|rated|\n|rule|Sleep Clause Mod: Limit one foe put to sleep\n|rule|Species Clause: Limit one of each Pok\u00e9mon\n|rule|OHKO Clause: OHKO moves are banned\n|rule|Evasion Items Clause: Evasion items are banned\n|rule|Evasion Moves Clause: Evasion moves are banned\n|rule|Endless Battle Clause: Forcing endless battles is banned\n|rule|HP Percentage Mod: HP is shown in percentages\n|clearpoke\n|poke|p1|Ursaluna-Bloodmoon, M|\n|poke|p1|Mimikyu, F|\n|poke|p1|Cresselia, F|\n|poke|p1|Enamorus-Therian, F|\n|poke|p1|Hatterene, F|\n|poke|p1|Crawdaunt, M|\n|poke|p2|Munkidori, M|\n|poke|p2|Dipplin, M|\n|poke|p2|Ursaluna-Bloodmoon, M|\n|poke|p2|Heatran, F|\n|poke|p2|Roaring Moon|\n|poke|p2|Kommo-o, F|\n|teampreview\n|inactive|Battle timer is ON: inactive players will automatically lose when time's up. (requested by singx7ds)\n|\n|t:|1695175981\n|start\n|switch|p1a: Crawdaunt|Crawdaunt, M|100/100\n|switch|p2a: Hunkidori|Munkidori, M|100/100\n|turn|1\n|\n|t:|1695175989\n|move|p2a: Hunkidori|Parting Shot|p1a: Crawdaunt\n|-unboost|p1a: Crawdaunt|atk|1\n|-unboost|p1a: Crawdaunt|spa|1\n|\n|t:|1695175992\n|switch|p2a: Dripplin|Dipplin, M, shiny|100/100|[from] Parting Shot\n|move|p1a: Crawdaunt|Knock Off|p2a: Dripplin\n|-damage|p2a: Dripplin|74/100\n|-activate|p2a: Dripplin|ability: Sticky Hold\n|-damage|p1a: Crawdaunt|90/100|[from] item: Life Orb\n|\n|upkeep\n|turn|2\n|\n|t:|1695176008\n|switch|p1a: Hatterene|Hatterene, F|100/100\n|move|p2a: Dripplin|Giga Drain|p1a: Hatterene\n|-damage|p1a: Hatterene|75/100\n|-heal|p2a: Dripplin|85/100|[from] drain|[of] p1a: Hatterene\n|\n|upkeep\n|turn|3\n|\n|t:|1695176018\n|move|p2a: Dripplin|Giga Drain|p1a: Hatterene\n|-damage|p1a: Hatterene|50/100\n|-heal|p2a: Dripplin|97/100|[from] drain|[of] p1a: Hatterene\n|move|p1a: Hatterene|Psychic|p2a: Dripplin\n|-damage|p2a: Dripplin|66/100\n|\n|upkeep\n|turn|4\n|\n|t:|1695176040\n|move|p2a: Dripplin|Giga Drain|p1a: Hatterene\n|-damage|p1a: Hatterene|25/100\n|-heal|p2a: Dripplin|77/100|[from] drain|[of] p1a: Hatterene\n|move|p1a: Hatterene|Trick Room|p1a: Hatterene\n|-fieldstart|move: Trick Room|[of] p1a: Hatterene\n|\n|upkeep\n|turn|5\n|\n|t:|1695176047\n|move|p1a: Hatterene|Healing Wish|p1a: Hatterene\n|faint|p1a: Hatterene\n|move|p2a: Dripplin|Recover|p2a: Dripplin\n|-heal|p2a: Dripplin|100/100\n|\n|upkeep\n|\n|t:|1695176053\n|switch|p1a: Ursaluna|Ursaluna-Bloodmoon, M|100/100\n|turn|6\n|\n|t:|1695176060\n|move|p2a: Dripplin|Giga Drain|p1a: Ursaluna\n|-supereffective|p1a: Ursaluna\n|-damage|p1a: Ursaluna|45/100\n|move|p1a: Ursaluna|Blood Moon|p2a: Dripplin\n|-damage|p2a: Dripplin|22/100\n|-damage|p1a: Ursaluna|35/100|[from] item: Life Orb\n|\n|upkeep\n|turn|7\n|\n|t:|1695176077\n|move|p1a: Ursaluna|Vacuum Wave|p2a: Dripplin\n|-crit|p2a: Dripplin\n|-damage|p2a: Dripplin|0 fnt\n|faint|p2a: Dripplin\n|-damage|p1a: Ursaluna|25/100|[from] item: Life Orb\n|\n|upkeep\n|\n|t:|1695176099\n|switch|p2a: Cursaluna|Ursaluna-Bloodmoon, M|100/100\n|turn|8\n|\n|t:|1695176108\n|switch|p1a: Mimikyu|Mimikyu, F|100/100\n|switch|p2a: Hunkidori|Munkidori, M|100/100\n|\n|-fieldend|move: Trick Room\n|upkeep\n|turn|9\n|\n|t:|1695176115\n|move|p2a: Hunkidori|Sludge Wave|p1a: Mimikyu\n|-activate|p1a: Mimikyu|ability: Disguise\n|-damage|p1a: Mimikyu|100/100\n|-status|p1a: Mimikyu|tox|[from] ability: Toxic Chain|[of] p2a: Hunkidori\n|detailschange|p1a: Mimikyu|Mimikyu-Busted, F\n|-damage|p1a: Mimikyu|88/100 tox|[from] pokemon: Mimikyu-Busted\n|-enditem|p1a: Mimikyu|Red Card|[of] p2a: Hunkidori\n|drag|p2a: Kommo-oh|Kommo-o, F|100/100\n|move|p1a: Mimikyu|Taunt|p2a: Kommo-oh\n|-start|p2a: Kommo-oh|move: Taunt\n|\n|-damage|p1a: Mimikyu|82/100 tox|[from] psn\n|upkeep\n|turn|10\n|\n|t:|1695176123\n|switch|p2a: Heater...|Heatran, F|100/100\n|move|p1a: Mimikyu|Trick Room|p1a: Mimikyu\n|-fieldstart|move: Trick Room|[of] p1a: Mimikyu\n|\n|-damage|p1a: Mimikyu|70/100 tox|[from] psn\n|upkeep\n|turn|11\n|\n|t:|1695176143\n|move|p1a: Mimikyu|Curse|p2a: Heater...\n|-start|p2a: Heater...|Curse|[of] p1a: Mimikyu\n|-damage|p1a: Mimikyu|20/100 tox\n|move|p2a: Heater...|Stealth Rock|p1a: Mimikyu\n|-sidestart|p1: singx7ds|move: Stealth Rock\n|\n|-damage|p1a: Mimikyu|2/100 tox|[from] psn\n|-damage|p2a: Heater...|76/100|[from] Curse\n|upkeep\n|turn|12\n|\n|t:|1695176162\n|switch|p2a: Hunkidori|Munkidori, M|100/100\n|move|p1a: Mimikyu|Destiny Bond|p1a: Mimikyu\n|-singlemove|p1a: Mimikyu|Destiny Bond\n|\n|-damage|p1a: Mimikyu|0 fnt|[from] psn\n|faint|p1a: Mimikyu\n|upkeep\n|\n|t:|1695176169\n|switch|p1a: Crawdaunt|Crawdaunt, M|90/100\n|-heal|p1a: Crawdaunt|100/100|[from] move: Healing Wish\n|-damage|p1a: Crawdaunt|88/100|[from] Stealth Rock\n|turn|13\n|\n|t:|1695176179\n|switch|p2a: Kommo-oh|Kommo-o, F|100/100\n|move|p1a: Crawdaunt|Knock Off|p2a: Kommo-oh\n|-resisted|p2a: Kommo-oh\n|-damage|p2a: Kommo-oh|56/100\n|-enditem|p2a: Kommo-oh|Throat Spray|[from] move: Knock Off|[of] p1a: Crawdaunt\n|-damage|p1a: Crawdaunt|78/100|[from] item: Life Orb\n|\n|upkeep\n|turn|14\n|\n|t:|1695176203\n|switch|p1a: Enamorus|Enamorus-Therian, F|100/100\n|-damage|p1a: Enamorus|76/100|[from] Stealth Rock\n|move|p2a: Kommo-oh|Drain Punch|p1a: Enamorus\n|-resisted|p1a: Enamorus\n|-damage|p1a: Enamorus|69/100\n|-heal|p2a: Kommo-oh|60/100|[from] drain|[of] p1a: Enamorus\n|\n|-heal|p1a: Enamorus|75/100|[from] item: Leftovers\n|-fieldend|move: Trick Room\n|upkeep\n|turn|15\n|\n|t:|1695176216\n|move|p2a: Kommo-oh|Boomburst|p1a: Enamorus\n|-damage|p1a: Enamorus|38/100\n|move|p1a: Enamorus|Calm Mind|p1a: Enamorus\n|-boost|p1a: Enamorus|spa|1\n|-boost|p1a: Enamorus|spd|1\n|\n|-heal|p1a: Enamorus|44/100|[from] item: Leftovers\n|upkeep\n|turn|16\n|\n|t:|1695176221\n|switch|p2a: Heater...|Heatran, F|76/100\n|move|p1a: Enamorus|Draining Kiss|p2a: Heater...\n|-resisted|p2a: Heater...\n|-damage|p2a: Heater...|69/100\n|-heal|p1a: Enamorus|50/100|[from] drain|[of] p2a: Heater...\n|\n|-heal|p1a: Enamorus|56/100|[from] item: Leftovers\n|upkeep\n|turn|17\n|\n|t:|1695176229\n|move|p2a: Heater...|Flash Cannon|p1a: Enamorus\n|-supereffective|p1a: Enamorus\n|-damage|p1a: Enamorus|13/100\n|move|p1a: Enamorus|Earth Power|p2a: Heater...\n|-supereffective|p2a: Heater...\n|-damage|p2a: Heater...|0 fnt\n|faint|p2a: Heater...\n|\n|-heal|p1a: Enamorus|19/100|[from] item: Leftovers\n|upkeep\n|\n|t:|1695176248\n|switch|p2a: Roaring Goon|Roaring Moon|100/100\n|-enditem|p2a: Roaring Goon|Booster Energy\n|-activate|p2a: Roaring Goon|ability: Protosynthesis|[fromitem]\n|-start|p2a: Roaring Goon|protosynthesisatk\n|turn|18\n|\n|t:|1695176254\n|switch|p1a: Crawdaunt|Crawdaunt, M|78/100\n|-damage|p1a: Crawdaunt|66/100|[from] Stealth Rock\n|move|p2a: Roaring Goon|Acrobatics|p1a: Crawdaunt\n|-damage|p1a: Crawdaunt|0 fnt\n|faint|p1a: Crawdaunt\n|\n|upkeep\n|\n|t:|1695176259\n|switch|p1a: Cresselia|Cresselia, F|100/100\n|-damage|p1a: Cresselia|88/100|[from] Stealth Rock\n|turn|19\n|\n|t:|1695176262\n|move|p2a: Roaring Goon|Knock Off|p1a: Cresselia\n|-supereffective|p1a: Cresselia\n|-damage|p1a: Cresselia|11/100\n|-enditem|p1a: Cresselia|Mental Herb|[from] move: Knock Off|[of] p2a: Roaring Goon\n|move|p1a: Cresselia|Trick Room|p1a: Cresselia\n|-fieldstart|move: Trick Room|[of] p1a: Cresselia\n|\n|upkeep\n|turn|20\n|\n|t:|1695176276\n|move|p1a: Cresselia|Lunar Dance|p1a: Cresselia\n|faint|p1a: Cresselia\n|move|p2a: Roaring Goon|Knock Off|p1: Cresselia|[notarget]\n|-fail|p2a: Roaring Goon\n|\n|upkeep\n|\n|t:|1695176279\n|switch|p1a: Enamorus|Enamorus-Therian, F|19/100\n|-heal|p1a: Enamorus|100/100|[from] move: Lunar Dance\n|-damage|p1a: Enamorus|76/100|[from] Stealth Rock\n|turn|21\n|\n|t:|1695176292\n|-terastallize|p1a: Enamorus|Electric\n|move|p1a: Enamorus|Iron Defense|p1a: Enamorus\n|-boost|p1a: Enamorus|def|2\n|move|p2a: Roaring Goon|Acrobatics|p1a: Enamorus\n|-resisted|p1a: Enamorus\n|-damage|p1a: Enamorus|63/100\n|\n|-heal|p1a: Enamorus|70/100|[from] item: Leftovers\n|upkeep\n|turn|22\n|\n|t:|1695176316\n|-end|p2a: Roaring Goon|Protosynthesis|[silent]\n|switch|p2a: Kommo-oh|Kommo-o, F|60/100\n|move|p1a: Enamorus|Calm Mind|p1a: Enamorus\n|-boost|p1a: Enamorus|spa|1\n|-boost|p1a: Enamorus|spd|1\n|\n|-heal|p1a: Enamorus|76/100|[from] item: Leftovers\n|upkeep\n|turn|23\n|\n|t:|1695176320\n|move|p1a: Enamorus|Draining Kiss|p2a: Kommo-oh\n|-supereffective|p2a: Kommo-oh\n|-damage|p2a: Kommo-oh|0 fnt\n|-heal|p1a: Enamorus|100/100|[from] drain|[of] p2a: Kommo-oh\n|faint|p2a: Kommo-oh\n|\n|-fieldend|move: Trick Room\n|upkeep\n|\n|t:|1695176323\n|switch|p2a: Cursaluna|Ursaluna-Bloodmoon, M|100/100\n|turn|24\n|\n|t:|1695176329\n|move|p2a: Cursaluna|Earth Power|p1a: Enamorus\n|-supereffective|p1a: Enamorus\n|-damage|p1a: Enamorus|36/100\n|move|p1a: Enamorus|Draining Kiss|p2a: Cursaluna\n|-damage|p2a: Cursaluna|66/100\n|-heal|p1a: Enamorus|66/100|[from] drain|[of] p2a: Cursaluna\n|\n|-heal|p1a: Enamorus|72/100|[from] item: Leftovers\n|upkeep\n|turn|25\n|\n|t:|1695176342\n|move|p2a: Cursaluna|Earth Power|p1a: Enamorus\n|-supereffective|p1a: Enamorus\n|-damage|p1a: Enamorus|8/100\n|move|p1a: Enamorus|Draining Kiss|p2a: Cursaluna\n|-damage|p2a: Cursaluna|32/100\n|-heal|p1a: Enamorus|37/100|[from] drain|[of] p2a: Cursaluna\n|\n|-heal|p1a: Enamorus|44/100|[from] item: Leftovers\n|upkeep\n|turn|26\n|\n|t:|1695176350\n|move|p2a: Cursaluna|Earth Power|p1a: Enamorus\n|-supereffective|p1a: Enamorus\n|-damage|p1a: Enamorus|0 fnt\n|faint|p1a: Enamorus\n|\n|upkeep\n|\n|t:|1695176353\n|switch|p1a: Ursaluna|Ursaluna-Bloodmoon, M|25/100\n|-damage|p1a: Ursaluna|19/100|[from] Stealth Rock\n|turn|27\n|\n|t:|1695176354\n|move|p2a: Cursaluna|Vacuum Wave|p1a: Ursaluna\n|-supereffective|p1a: Ursaluna\n|-damage|p1a: Ursaluna|0 fnt\n|faint|p1a: Ursaluna\n|\n|win|LEMONCAKEYOPPER\n|raw|singx7ds's rating: 1406 &rarr; <strong>1387</strong><br />(-19 for losing)\n|raw|LEMONCAKEYOPPER's rating: 1422 &rarr; <strong>1441</strong><br />(+19 for winning)\n|l|\u2606singx7ds\n", "uploadtime": 1695176361, "views": 3, "p1id": "singx7ds", "p2id": "lemoncakeyopper", "formatid": "gen9ou", "rating": 1387, "private": 0, "password": ""}