{"id": "gen9ou-1947627038", "p1": "chocotaco7", "p2": "jlinz45", "format": "gen9ou", "log": "|j|\u2606chocotaco7\n|j|\u2606jlinz45\n|t:|1695179387\n|gametype|singles\n|player|p1|chocotaco7|2|1335\n|player|p2|jlinz45|hoopster|1379\n|teamsize|p1|6\n|teamsize|p2|6\n|gen|9\n|tier|[Gen 9] OU\n|rated|\n|rule|Sleep Clause Mod: Limit one foe put to sleep\n|rule|Species Clause: Limit one of each Pok\u00e9mon\n|rule|OHKO Clause: OHKO moves are banned\n|rule|Evasion Items Clause: Evasion items are banned\n|rule|Evasion Moves Clause: Evasion moves are banned\n|rule|Endless Battle Clause: Forcing endless battles is banned\n|rule|HP Percentage Mod: HP is shown in percentages\n|clearpoke\n|poke|p1|Ribombee, F|\n|poke|p1|Iron Treads|\n|poke|p1|Ogerpon-Hearthflame, F|\n|poke|p1|Empoleon, M|\n|poke|p1|Dusclops, F|\n|poke|p1|Dragonite, F|\n|poke|p2|Skeledirge, F|\n|poke|p2|Slowking-Galar, F|\n|poke|p2|Gliscor, M|\n|poke|p2|Great Tusk|\n|poke|p2|Walking Wake|\n|poke|p2|Gholdengo|\n|teampreview\n|inactive|Battle timer is ON: inactive players will automatically lose when time's up. (requested by chocotaco7)\n|\n|t:|1695179394\n|start\n|switch|p1a: Ribombee|Ribombee, F|100/100\n|switch|p2a: Slowking|Slowking-Galar, F|100/100\n|turn|1\n|\n|t:|1695179402\n|move|p1a: Ribombee|Sticky Web|p2a: Slowking\n|-sidestart|p2: jlinz45|move: Sticky Web\n|move|p2a: Slowking|Sludge Bomb|p1a: Ribombee\n|-supereffective|p1a: Ribombee\n|-enditem|p1a: Ribombee|Focus Sash\n|-damage|p1a: Ribombee|1/100\n|\n|upkeep\n|turn|2\n|\n|t:|1695179414\n|move|p1a: Ribombee|Stun Spore|p2a: Slowking\n|-status|p2a: Slowking|par\n|cant|p2a: Slowking|par\n|\n|upkeep\n|turn|3\n|\n|t:|1695179425\n|move|p1a: Ribombee|U-turn|p2a: Slowking\n|-damage|p2a: Slowking|85/100 par\n|\n|t:|1695179427\n|switch|p1a: Empoleon|Empoleon, M|100/100|[from] U-turn\n|move|p2a: Slowking|Future Sight|p1a: Empoleon\n|-start|p2a: Slowking|move: Future Sight\n|\n|-heal|p2a: Slowking|91/100 par|[from] item: Black Sludge\n|upkeep\n|turn|4\n|\n|t:|1695179441\n|move|p1a: Empoleon|Ice Beam|p2a: Slowking\n|-damage|p2a: Slowking|71/100 par\n|move|p2a: Slowking|Thunder Wave|p1a: Empoleon\n|-status|p1a: Empoleon|par\n|\n|-heal|p2a: Slowking|77/100 par|[from] item: Black Sludge\n|upkeep\n|turn|5\n|\n|t:|1695179450\n|move|p1a: Empoleon|Surf|p2a: Slowking\n|-damage|p2a: Slowking|42/100 par\n|move|p2a: Slowking|Chilly Reception|p2a: Slowking\n|-weather|Snow\n|\n|t:|1695179455\n|switch|p2a: Great Tusk|Great Tusk|100/100|[from] Chilly Reception\n|\n|-weather|Snow|[upkeep]\n|-end|p1a: Empoleon|move: Future Sight\n|-resisted|p1a: Empoleon\n|-damage|p1a: Empoleon|70/100 par\n|upkeep\n|turn|6\n|\n|t:|1695179461\n|switch|p1a: Dusclops|Dusclops, F|100/100\n|-item|p2a: Great Tusk|Heavy-Duty Boots|[from] ability: Frisk|[of] p1a: Dusclops|[identify]\n|move|p2a: Great Tusk|Knock Off|p1a: Dusclops\n|-supereffective|p1a: Dusclops\n|-damage|p1a: Dusclops|61/100\n|-enditem|p1a: Dusclops|Eviolite|[from] move: Knock Off|[of] p2a: Great Tusk\n|\n|-weather|Snow|[upkeep]\n|upkeep\n|turn|7\n|\n|t:|1695179471\n|-end|p2a: Great Tusk|Protosynthesis|[silent]\n|switch|p2a: Walking Wake|Walking Wake|100/100\n|-activate|p2a: Walking Wake|move: Sticky Web\n|-unboost|p2a: Walking Wake|spe|1\n|move|p1a: Dusclops|Will-O-Wisp|p2a: Walking Wake\n|-status|p2a: Walking Wake|brn\n|\n|-weather|Snow|[upkeep]\n|-damage|p2a: Walking Wake|94/100 brn|[from] brn\n|upkeep\n|turn|8\n|\n|t:|1695179486\n|switch|p1a: Empoleon|Empoleon, M|70/100 par\n|move|p2a: Walking Wake|Flamethrower|p1a: Empoleon\n|-damage|p1a: Empoleon|18/100 par\n|\n|-weather|Snow|[upkeep]\n|-damage|p2a: Walking Wake|88/100 brn|[from] brn\n|upkeep\n|turn|9\n|\n|t:|1695179493\n|move|p2a: Walking Wake|Flamethrower|p1a: Empoleon\n|-damage|p1a: Empoleon|0 fnt\n|faint|p1a: Empoleon\n|\n|-weather|none\n|-damage|p2a: Walking Wake|82/100 brn|[from] brn\n|upkeep\n|\n|t:|1695179521\n|switch|p1a: Dragonite|Dragonite, F|100/100\n|turn|10\n|inactive|chocotaco7 has 120 seconds left.\n|\n|t:|1695179538\n|-end|p2a: Walking Wake|Protosynthesis|[silent]\n|switch|p2a: Skeledirge|Skeledirge, F|100/100\n|-activate|p2a: Skeledirge|move: Sticky Web\n|-unboost|p2a: Skeledirge|spe|1\n|move|p1a: Dragonite|Extreme Speed|p2a: Skeledirge\n|-immune|p2a: Skeledirge\n|\n|upkeep\n|turn|11\n|inactive|chocotaco7 has 120 seconds left.\n|\n|t:|1695179550\n|switch|p1a: Iron Treads|Iron Treads|100/100\n|-enditem|p1a: Iron Treads|Booster Energy\n|-activate|p1a: Iron Treads|ability: Quark Drive|[fromitem]\n|-start|p1a: Iron Treads|quarkdrivespe\n|-terastallize|p2a: Skeledirge|Flying\n|move|p2a: Skeledirge|Will-O-Wisp|p1a: Iron Treads\n|-status|p1a: Iron Treads|brn\n|\n|-damage|p1a: Iron Treads|94/100 brn|[from] brn\n|upkeep\n|turn|12\n|inactive|chocotaco7 has 120 seconds left.\n|\n|t:|1695179565\n|move|p1a: Iron Treads|Stealth Rock|p2a: Skeledirge\n|-sidestart|p2: jlinz45|move: Stealth Rock\n|move|p2a: Skeledirge|Torch Song|p1a: Iron Treads\n|-supereffective|p1a: Iron Treads\n|-damage|p1a: Iron Treads|12/100 brn\n|-boost|p2a: Skeledirge|spa|1\n|\n|-damage|p1a: Iron Treads|6/100 brn|[from] brn\n|upkeep\n|turn|13\n|\n|t:|1695179573\n|move|p1a: Iron Treads|Steel Beam|p2a: Skeledirge\n|-damage|p2a: Skeledirge|64/100\n|-damage|p1a: Iron Treads|0 fnt|[from] steelbeam\n|faint|p1a: Iron Treads\n|-end|p1a: Iron Treads|Quark Drive|[silent]\n|move|p2a: Skeledirge|Torch Song|p1: Iron Treads|[notarget]\n|-fail|p2a: Skeledirge\n|\n|-heal|p2a: Skeledirge|70/100|[from] item: Leftovers\n|upkeep\n|\n|t:|1695179579\n|switch|p1a: Ogerpon|Ogerpon-Hearthflame, F|100/100\n|-ability|p1a: Ogerpon|Mold Breaker\n|turn|14\n|\n|t:|1695179584\n|-terastallize|p1a: Ogerpon|Fire\n|detailschange|p1a: Ogerpon|Ogerpon-Hearthflame-Tera, F, tera:Fire\n|-ability|p1a: Ogerpon|Embody Aspect (Hearthflame)|boost\n|-boost|p1a: Ogerpon|atk|1\n|move|p1a: Ogerpon|Ivy Cudgel|p2a: Skeledirge\n|-damage|p2a: Skeledirge|10/100\n|move|p2a: Skeledirge|Torch Song|p1a: Ogerpon\n|-resisted|p1a: Ogerpon\n|-damage|p1a: Ogerpon|73/100\n|-boost|p2a: Skeledirge|spa|1\n|\n|-heal|p2a: Skeledirge|16/100|[from] item: Leftovers\n|upkeep\n|turn|15\n|\n|t:|1695179598\n|move|p1a: Ogerpon|Ivy Cudgel|p2a: Skeledirge\n|-damage|p2a: Skeledirge|0 fnt\n|faint|p2a: Skeledirge\n|\n|upkeep\n|\n|t:|1695179603\n|switch|p2a: Gliscor|Gliscor, M|100/100\n|-damage|p2a: Gliscor|88/100|[from] Stealth Rock\n|turn|16\n|\n|t:|1695179618\n|switch|p1a: Dragonite|Dragonite, F|100/100\n|move|p2a: Gliscor|Earthquake|p1a: Dragonite\n|-immune|p1a: Dragonite\n|\n|-status|p2a: Gliscor|tox|[from] item: Toxic Orb\n|upkeep\n|turn|17\n|\n|t:|1695179626\n|switch|p2a: Great Tusk|Great Tusk|100/100\n|move|p1a: Dragonite|Dragon Dance|p1a: Dragonite\n|-boost|p1a: Dragonite|atk|1\n|-boost|p1a: Dragonite|spe|1\n|\n|upkeep\n|turn|18\n|\n|t:|1695179654\n|move|p1a: Dragonite|Dragon Dance|p1a: Dragonite\n|-boost|p1a: Dragonite|atk|1\n|-boost|p1a: Dragonite|spe|1\n|move|p2a: Great Tusk|Knock Off|p1a: Dragonite\n|-damage|p1a: Dragonite|79/100\n|-enditem|p1a: Dragonite|Heavy-Duty Boots|[from] move: Knock Off|[of] p2a: Great Tusk\n|\n|upkeep\n|turn|19\n|\n|t:|1695179661\n|move|p1a: Dragonite|Encore|p2a: Great Tusk\n|-start|p2a: Great Tusk|Encore\n|move|p2a: Great Tusk|Knock Off|p1a: Dragonite\n|-damage|p1a: Dragonite|49/100\n|\n|upkeep\n|turn|20\n|\n|t:|1695179666\n|move|p1a: Dragonite|Dragon Dance|p1a: Dragonite\n|-boost|p1a: Dragonite|atk|1\n|-boost|p1a: Dragonite|spe|1\n|move|p2a: Great Tusk|Knock Off|p1a: Dragonite\n|-damage|p1a: Dragonite|19/100\n|\n|upkeep\n|turn|21\n|\n|t:|1695179671\n|move|p1a: Dragonite|Fire Punch|p2a: Great Tusk\n|-damage|p2a: Great Tusk|62/100\n|move|p2a: Great Tusk|Knock Off|p1a: Dragonite\n|-damage|p1a: Dragonite|0 fnt\n|faint|p1a: Dragonite\n|\n|-end|p2a: Great Tusk|Encore\n|upkeep\n|\n|t:|1695179675\n|switch|p1a: Ogerpon|Ogerpon-Hearthflame-Tera, F, tera:Fire|73/100\n|-ability|p1a: Ogerpon|Embody Aspect (Hearthflame)|boost\n|-boost|p1a: Ogerpon|atk|1\n|turn|22\n|\n|t:|1695179681\n|move|p1a: Ogerpon|Horn Leech|p2a: Great Tusk\n|-supereffective|p2a: Great Tusk\n|-damage|p2a: Great Tusk|0 fnt\n|-heal|p1a: Ogerpon|100/100|[from] drain|[of] p2a: Great Tusk\n|faint|p2a: Great Tusk\n|-end|p2a: Great Tusk|Protosynthesis|[silent]\n|\n|upkeep\n|\n|t:|1695179687\n|switch|p2a: Walking Wake|Walking Wake|82/100 brn\n|-activate|p2a: Walking Wake|move: Sticky Web\n|-unboost|p2a: Walking Wake|spe|1\n|-damage|p2a: Walking Wake|70/100 brn|[from] Stealth Rock\n|turn|23\n|\n|t:|1695179692\n|move|p1a: Ogerpon|Play Rough|p2a: Walking Wake\n|-supereffective|p2a: Walking Wake\n|-crit|p2a: Walking Wake\n|-damage|p2a: Walking Wake|0 fnt\n|faint|p2a: Walking Wake\n|-end|p2a: Walking Wake|Protosynthesis|[silent]\n|\n|upkeep\n|\n|t:|1695179698\n|switch|p2a: Gliscor|Gliscor, M|88/100 tox\n|-damage|p2a: Gliscor|75/100 tox|[from] Stealth Rock\n|turn|24\n|\n|t:|1695179706\n|move|p1a: Ogerpon|Ivy Cudgel|p2a: Gliscor\n|-damage|p2a: Gliscor|0 fnt\n|faint|p2a: Gliscor\n|\n|upkeep\n|\n|t:|1695179710\n|switch|p2a: Slowking|Slowking-Galar, F|76/100 par\n|-activate|p2a: Slowking|move: Sticky Web\n|-unboost|p2a: Slowking|spe|1\n|-damage|p2a: Slowking|63/100 par|[from] Stealth Rock\n|turn|25\n|\n|t:|1695179716\n|move|p1a: Ogerpon|Ivy Cudgel|p2a: Slowking\n|-damage|p2a: Slowking|0 fnt\n|faint|p2a: Slowking\n|\n|upkeep\n|-message|jlinz45 forfeited.\n|\n|win|chocotaco7\n|raw|chocotaco7's rating: 1335 &rarr; <strong>1358</strong><br />(+23 for winning)\n|raw|jlinz45's rating: 1379 &rarr; <strong>1356</strong><br />(-23 for losing)\n|l|\u2606jlinz45\n", "uploadtime": 1695179725, "views": 3, "p1id": "chocotaco7", "p2id": "jlinz45", "formatid": "gen9ou", "rating": 1356, "private": 0, "password": ""}