{"id": "gen9ou-1947636429", "p1": "otonashi_madoka", "p2": "actualonion", "format": "gen9ou", "log": "|j|\u2606otonashi_madoka\n|j|\u2606actualonion\n|t:|1695180431\n|gametype|singles\n|player|p1|otonashi_madoka|2|1387\n|player|p2|actualonion|allister|1493\n|teamsize|p1|6\n|teamsize|p2|6\n|gen|9\n|tier|[Gen 9] OU\n|rated|\n|rule|Sleep Clause Mod: Limit one foe put to sleep\n|rule|Species Clause: Limit one of each Pok\u00e9mon\n|rule|OHKO Clause: OHKO moves are banned\n|rule|Evasion Items Clause: Evasion items are banned\n|rule|Evasion Moves Clause: Evasion moves are banned\n|rule|Endless Battle Clause: Forcing endless battles is banned\n|rule|HP Percentage Mod: HP is shown in percentages\n|clearpoke\n|poke|p1|Munkidori, M|\n|poke|p1|Ogerpon-Hearthflame, F|\n|poke|p1|Great Tusk|\n|poke|p1|Ursaluna-Bloodmoon, M|\n|poke|p1|Fezandipiti, M|\n|poke|p1|Gholdengo|\n|poke|p2|Ogerpon-Hearthflame, F|\n|poke|p2|Dragapult, F|\n|poke|p2|Gholdengo|\n|poke|p2|Vaporeon, F|\n|poke|p2|Landorus-Therian, M|\n|poke|p2|Corviknight, M|\n|teampreview\n|inactive|Battle timer is ON: inactive players will automatically lose when time's up. (requested by otonashi_madoka)\n|\n|t:|1695180447\n|start\n|switch|p1a: Munkidori|Munkidori, M|100/100\n|switch|p2a: Vaporeon|Vaporeon, F|100/100\n|turn|1\n|\n|t:|1695180456\n|move|p2a: Vaporeon|Protect|p2a: Vaporeon\n|-singleturn|p2a: Vaporeon|Protect\n|move|p1a: Munkidori|Parting Shot|p2a: Vaporeon\n|-activate|p2a: Vaporeon|move: Protect\n|\n|upkeep\n|turn|2\n|\n|t:|1695180466\n|switch|p1a: Gholdengo|Gholdengo|100/100\n|switch|p2a: Gholdengo|Gholdengo|100/100\n|\n|upkeep\n|turn|3\n|j| CoopIzCool\n|\n|t:|1695180472\n|move|p2a: Gholdengo|Shadow Ball|p1a: Gholdengo\n|-supereffective|p1a: Gholdengo\n|-damage|p1a: Gholdengo|0 fnt\n|faint|p1a: Gholdengo\n|\n|upkeep\n|l| CoopIzCool\n|\n|t:|1695180478\n|switch|p1a: Ursaluna|Ursaluna-Bloodmoon, M|100/100\n|turn|4\n|\n|t:|1695180487\n|switch|p2a: Landorus|Landorus-Therian, M|100/100\n|-ability|p2a: Landorus|Intimidate|boost\n|-unboost|p1a: Ursaluna|atk|1\n|move|p1a: Ursaluna|Calm Mind|p1a: Ursaluna\n|-boost|p1a: Ursaluna|spa|1\n|-boost|p1a: Ursaluna|spd|1\n|\n|upkeep\n|turn|5\n|\n|t:|1695180494\n|move|p2a: Landorus|Taunt|p1a: Ursaluna\n|-start|p1a: Ursaluna|move: Taunt\n|move|p1a: Ursaluna|Blood Moon|p2a: Landorus\n|-damage|p2a: Landorus|0 fnt\n|faint|p2a: Landorus\n|-damage|p1a: Ursaluna|90/100|[from] item: Life Orb\n|\n|upkeep\n|\n|t:|1695180502\n|switch|p2a: Gholdengo|Gholdengo|100/100\n|turn|6\n|\n|t:|1695180506\n|move|p1a: Ursaluna|Vacuum Wave|p2a: Gholdengo\n|-supereffective|p2a: Gholdengo\n|-damage|p2a: Gholdengo|22/100\n|-damage|p1a: Ursaluna|80/100|[from] item: Life Orb\n|move|p2a: Gholdengo|Trick|p1a: Ursaluna\n|-activate|p2a: Gholdengo|move: Trick|[of] p1a: Ursaluna\n|-item|p1a: Ursaluna|Choice Scarf|[from] move: Trick\n|-item|p2a: Gholdengo|Life Orb|[from] move: Trick\n|\n|upkeep\n|turn|7\n|\n|t:|1695180518\n|move|p1a: Ursaluna|Vacuum Wave|p2a: Gholdengo\n|-supereffective|p2a: Gholdengo\n|-damage|p2a: Gholdengo|0 fnt\n|faint|p2a: Gholdengo\n|\n|-end|p1a: Ursaluna|move: Taunt\n|upkeep\n|\n|t:|1695180527\n|switch|p2a: Vaporeon|Vaporeon, F|100/100\n|turn|8\n|\n|t:|1695180533\n|switch|p1a: Fezandipiti|Fezandipiti, M|100/100\n|move|p2a: Vaporeon|Scald|p1a: Fezandipiti\n|-damage|p1a: Fezandipiti|78/100\n|\n|-heal|p1a: Fezandipiti|84/100|[from] item: Leftovers\n|upkeep\n|turn|9\n|\n|t:|1695180542\n|move|p2a: Vaporeon|Protect|p2a: Vaporeon\n|-singleturn|p2a: Vaporeon|Protect\n|move|p1a: Fezandipiti|Calm Mind|p1a: Fezandipiti\n|-boost|p1a: Fezandipiti|spa|1\n|-boost|p1a: Fezandipiti|spd|1\n|\n|-heal|p1a: Fezandipiti|90/100|[from] item: Leftovers\n|upkeep\n|turn|10\n|\n|t:|1695180553\n|move|p1a: Fezandipiti|Substitute|p1a: Fezandipiti\n|-start|p1a: Fezandipiti|Substitute\n|-damage|p1a: Fezandipiti|65/100\n|move|p2a: Vaporeon|Flip Turn|p1a: Fezandipiti\n|-activate|p1a: Fezandipiti|move: Substitute|[damage]\n|\n|t:|1695180570\n|switch|p2a: Ogerpon|Ogerpon-Hearthflame, F, shiny|100/100|[from] Flip Turn\n|-ability|p2a: Ogerpon|Mold Breaker\n|\n|-heal|p1a: Fezandipiti|71/100|[from] item: Leftovers\n|upkeep\n|turn|11\n|\n|t:|1695180578\n|move|p2a: Ogerpon|Encore|p1a: Fezandipiti\n|-start|p1a: Fezandipiti|Encore\n|move|p1a: Fezandipiti|Substitute|p1a: Fezandipiti\n|-fail|p1a: Fezandipiti|move: Substitute\n|\n|-heal|p1a: Fezandipiti|77/100|[from] item: Leftovers\n|upkeep\n|turn|12\n|\n|t:|1695180589\n|switch|p1a: Ursaluna|Ursaluna-Bloodmoon, M|80/100\n|move|p2a: Ogerpon|Trailblaze|p1a: Ursaluna\n|-supereffective|p1a: Ursaluna\n|-damage|p1a: Ursaluna|44/100\n|-boost|p2a: Ogerpon|spe|1\n|\n|upkeep\n|turn|13\n|\n|t:|1695180609\n|-terastallize|p2a: Ogerpon|Fire\n|detailschange|p2a: Ogerpon|Ogerpon-Hearthflame-Tera, F, shiny, tera:Fire\n|-ability|p2a: Ogerpon|Embody Aspect (Hearthflame)|boost\n|-boost|p2a: Ogerpon|atk|1\n|move|p1a: Ursaluna|Vacuum Wave|p2a: Ogerpon\n|-damage|p2a: Ogerpon|82/100\n|move|p2a: Ogerpon|Ivy Cudgel|p1a: Ursaluna\n|-damage|p1a: Ursaluna|0 fnt\n|faint|p1a: Ursaluna\n|\n|upkeep\n|\n|t:|1695180619\n|switch|p1a: Ogerpon|Ogerpon-Hearthflame, F|100/100\n|-ability|p1a: Ogerpon|Mold Breaker\n|turn|14\n|\n|t:|1695180624\n|-terastallize|p1a: Ogerpon|Fire\n|detailschange|p1a: Ogerpon|Ogerpon-Hearthflame-Tera, F, tera:Fire\n|-ability|p1a: Ogerpon|Embody Aspect (Hearthflame)|boost\n|-boost|p1a: Ogerpon|atk|1\n|move|p2a: Ogerpon|Ivy Cudgel|p1a: Ogerpon\n|-resisted|p1a: Ogerpon\n|-damage|p1a: Ogerpon|23/100\n|move|p1a: Ogerpon|Ivy Cudgel|p2a: Ogerpon\n|-resisted|p2a: Ogerpon\n|-crit|p2a: Ogerpon\n|-damage|p2a: Ogerpon|0 fnt\n|faint|p2a: Ogerpon\n|\n|upkeep\n|\n|t:|1695180634\n|switch|p2a: Dragapult|Dragapult, F|100/100\n|turn|15\n|\n|t:|1695180642\n|switch|p1a: Fezandipiti|Fezandipiti, M|77/100\n|move|p2a: Dragapult|Shadow Ball|p1a: Fezandipiti\n|-damage|p1a: Fezandipiti|40/100\n|\n|-heal|p1a: Fezandipiti|46/100|[from] item: Leftovers\n|upkeep\n|turn|16\n|\n|t:|1695180650\n|move|p2a: Dragapult|Shadow Ball|p1a: Fezandipiti\n|-damage|p1a: Fezandipiti|7/100\n|move|p1a: Fezandipiti|Roost|p1a: Fezandipiti\n|-heal|p1a: Fezandipiti|57/100\n|-singleturn|p1a: Fezandipiti|move: Roost\n|\n|-heal|p1a: Fezandipiti|63/100|[from] item: Leftovers\n|upkeep\n|turn|17\n|\n|t:|1695180669\n|move|p2a: Dragapult|Shadow Ball|p1a: Fezandipiti\n|-damage|p1a: Fezandipiti|26/100\n|move|p1a: Fezandipiti|Roost|p1a: Fezandipiti\n|-heal|p1a: Fezandipiti|76/100\n|-singleturn|p1a: Fezandipiti|move: Roost\n|\n|-heal|p1a: Fezandipiti|82/100|[from] item: Leftovers\n|upkeep\n|turn|18\n|\n|t:|1695180676\n|move|p2a: Dragapult|Shadow Ball|p1a: Fezandipiti\n|-damage|p1a: Fezandipiti|42/100\n|move|p1a: Fezandipiti|Calm Mind|p1a: Fezandipiti\n|-boost|p1a: Fezandipiti|spa|1\n|-boost|p1a: Fezandipiti|spd|1\n|\n|-heal|p1a: Fezandipiti|48/100|[from] item: Leftovers\n|upkeep\n|turn|19\n|\n|t:|1695180686\n|move|p2a: Dragapult|Shadow Ball|p1a: Fezandipiti\n|-damage|p1a: Fezandipiti|19/100\n|move|p1a: Fezandipiti|Roost|p1a: Fezandipiti\n|-heal|p1a: Fezandipiti|69/100\n|-singleturn|p1a: Fezandipiti|move: Roost\n|\n|-heal|p1a: Fezandipiti|75/100|[from] item: Leftovers\n|upkeep\n|turn|20\n|\n|t:|1695180695\n|move|p2a: Dragapult|Shadow Ball|p1a: Fezandipiti\n|-damage|p1a: Fezandipiti|50/100\n|-unboost|p1a: Fezandipiti|spd|1\n|move|p1a: Fezandipiti|Calm Mind|p1a: Fezandipiti\n|-boost|p1a: Fezandipiti|spa|1\n|-boost|p1a: Fezandipiti|spd|1\n|\n|-heal|p1a: Fezandipiti|56/100|[from] item: Leftovers\n|upkeep\n|turn|21\n|\n|t:|1695180706\n|move|p2a: Dragapult|Shadow Ball|p1a: Fezandipiti\n|-damage|p1a: Fezandipiti|31/100\n|move|p1a: Fezandipiti|Moonblast|p2a: Dragapult\n|-supereffective|p2a: Dragapult\n|-crit|p2a: Dragapult\n|-damage|p2a: Dragapult|0 fnt\n|faint|p2a: Dragapult\n|\n|-heal|p1a: Fezandipiti|37/100|[from] item: Leftovers\n|upkeep\n|\n|t:|1695180715\n|switch|p2a: Vaporeon|Vaporeon, F|100/100\n|turn|22\n|\n|t:|1695180720\n|move|p1a: Fezandipiti|Roost|p1a: Fezandipiti\n|-heal|p1a: Fezandipiti|87/100\n|-singleturn|p1a: Fezandipiti|move: Roost\n|move|p2a: Vaporeon|Scald|p1a: Fezandipiti\n|-damage|p1a: Fezandipiti|72/100\n|\n|-heal|p1a: Fezandipiti|78/100|[from] item: Leftovers\n|upkeep\n|turn|23\n|\n|t:|1695180728\n|move|p1a: Fezandipiti|Substitute|p1a: Fezandipiti\n|-start|p1a: Fezandipiti|Substitute\n|-damage|p1a: Fezandipiti|53/100\n|move|p2a: Vaporeon|Scald|p1a: Fezandipiti\n|-activate|p1a: Fezandipiti|move: Substitute|[damage]\n|\n|-heal|p1a: Fezandipiti|59/100|[from] item: Leftovers\n|upkeep\n|turn|24\n|-message|actualonion forfeited.\n|\n|win|otonashi_madoka\n|raw|otonashi_madoka's rating: 1387 &rarr; <strong>1413</strong><br />(+26 for winning)\n|raw|actualonion's rating: 1493 &rarr; <strong>1467</strong><br />(-26 for losing)\n|l|\u2606actualonion\n", "uploadtime": 1695180741, "views": 3, "p1id": "otonashimadoka", "p2id": "actualonion", "formatid": "gen9ou", "rating": 1413, "private": 0, "password": ""}