{"id": "gen9ou-1947687112", "p1": "Boshiee", "p2": "humourme", "format": "gen9ou", "log": "|j|\u2606Boshiee\n|j|\u2606humourme\n|t:|1695187097\n|gametype|singles\n|player|p1|Boshiee|clair|1345\n|player|p2|humourme|pokemonranger|1441\n|teamsize|p1|6\n|teamsize|p2|6\n|gen|9\n|tier|[Gen 9] OU\n|rated|\n|rule|Sleep Clause Mod: Limit one foe put to sleep\n|rule|Species Clause: Limit one of each Pok\u00e9mon\n|rule|OHKO Clause: OHKO moves are banned\n|rule|Evasion Items Clause: Evasion items are banned\n|rule|Evasion Moves Clause: Evasion moves are banned\n|rule|Endless Battle Clause: Forcing endless battles is banned\n|rule|HP Percentage Mod: HP is shown in percentages\n|clearpoke\n|poke|p1|Roaring Moon|\n|poke|p1|Corviknight, F|\n|poke|p1|Garchomp, F|\n|poke|p1|Walking Wake|\n|poke|p1|Dondozo, F|\n|poke|p1|Dragonite, F|\n|poke|p2|Munkidori, M|\n|poke|p2|Mamoswine, F|\n|poke|p2|Iron Treads|\n|poke|p2|Samurott-Hisui, M|\n|poke|p2|Trevenant, F|\n|poke|p2|Okidogi, M|\n|teampreview\n|\n|t:|1695187108\n|start\n|switch|p1a: Roaring Moon|Roaring Moon|100/100\n|switch|p2a: Mamoswine|Mamoswine, F|100/100\n|turn|1\n|\n|t:|1695187120\n|-end|p1a: Roaring Moon|Protosynthesis|[silent]\n|switch|p1a: Corviknight|Corviknight, F, shiny|100/100\n|-ability|p1a: Corviknight|Pressure\n|move|p2a: Mamoswine|Stealth Rock|p1a: Corviknight\n|-sidestart|p1: Boshiee|move: Stealth Rock\n|\n|upkeep\n|turn|2\n|\n|t:|1695187148\n|switch|p2a: Trevenant|Trevenant, F|100/100\n|move|p1a: Corviknight|Defog|p2a: Trevenant\n|-unboost|p2a: Trevenant|evasion|1\n|-sideend|p1: Boshiee|Stealth Rock|[from] move: Defog|[of] p1a: Corviknight\n|\n|upkeep\n|turn|3\n|\n|t:|1695187160\n|move|p1a: Corviknight|U-turn|p2a: Trevenant\n|-damage|p2a: Trevenant|90/100\n|\n|t:|1695187170\n|switch|p1a: Garchomp|Garchomp, F, shiny|100/100|[from] U-turn\n|move|p2a: Trevenant|Will-O-Wisp|p1a: Garchomp\n|-status|p1a: Garchomp|brn\n|\n|-damage|p1a: Garchomp|94/100 brn|[from] brn\n|upkeep\n|turn|4\n|\n|t:|1695187183\n|move|p1a: Garchomp|Stealth Rock|p2a: Trevenant\n|-sidestart|p2: humourme|move: Stealth Rock\n|move|p2a: Trevenant|Knock Off|p1a: Garchomp\n|-damage|p1a: Garchomp|77/100 brn\n|-damage|p2a: Trevenant|77/100|[from] ability: Rough Skin|[of] p1a: Garchomp\n|-enditem|p1a: Garchomp|Leftovers|[from] move: Knock Off|[of] p2a: Trevenant\n|\n|-damage|p1a: Garchomp|71/100 brn|[from] brn\n|upkeep\n|turn|5\n|\n|t:|1695187193\n|move|p1a: Garchomp|Spikes|p2a: Trevenant\n|-sidestart|p2: humourme|Spikes\n|move|p2a: Trevenant|Substitute|p2a: Trevenant\n|-start|p2a: Trevenant|Substitute\n|-damage|p2a: Trevenant|52/100\n|\n|-damage|p1a: Garchomp|65/100 brn|[from] brn\n|upkeep\n|turn|6\n|\n|t:|1695187218\n|move|p2a: Trevenant|Leech Seed|p1a: Garchomp\n|-start|p1a: Garchomp|move: Leech Seed\n|move|p1a: Garchomp|Dragon Tail|p2a: Trevenant\n|-activate|p2a: Trevenant|move: Substitute|[damage]\n|\n|-damage|p1a: Garchomp|52/100 brn|[from] Leech Seed|[of] p2a: Trevenant\n|-heal|p2a: Trevenant|66/100|[silent]\n|-damage|p1a: Garchomp|46/100 brn|[from] brn\n|upkeep\n|turn|7\n|\n|t:|1695187228\n|switch|p1a: Corviknight|Corviknight, F, shiny|100/100\n|-ability|p1a: Corviknight|Pressure\n|move|p2a: Trevenant|Knock Off|p1a: Corviknight\n|-damage|p1a: Corviknight|87/100\n|-damage|p2a: Trevenant|50/100|[from] item: Rocky Helmet|[of] p1a: Corviknight\n|-enditem|p1a: Corviknight|Rocky Helmet|[from] move: Knock Off|[of] p2a: Trevenant\n|-enditem|p2a: Trevenant|Sitrus Berry|[eat]\n|-heal|p2a: Trevenant|74/100|[from] item: Sitrus Berry\n|\n|-item|p2a: Trevenant|Sitrus Berry|[from] ability: Harvest\n|upkeep\n|turn|8\n|\n|t:|1695187231\n|move|p1a: Corviknight|U-turn|p2a: Trevenant\n|-activate|p2a: Trevenant|move: Substitute|[damage]\n|\n|t:|1695187250\n|switch|p1a: Garchomp|Garchomp, F, shiny|46/100 brn|[from] U-turn\n|move|p2a: Trevenant|Will-O-Wisp|p1a: Garchomp\n|-fail|p1a: Garchomp|brn\n|\n|-damage|p1a: Garchomp|40/100 brn|[from] brn\n|upkeep\n|turn|9\n|\n|t:|1695187265\n|switch|p1a: Walking Wake|Walking Wake|100/100\n|move|p2a: Trevenant|Knock Off|p1a: Walking Wake\n|-damage|p1a: Walking Wake|72/100\n|-enditem|p1a: Walking Wake|Leftovers|[from] move: Knock Off|[of] p2a: Trevenant\n|\n|upkeep\n|turn|10\n|\n|t:|1695187269\n|move|p1a: Walking Wake|Substitute|p1a: Walking Wake\n|-start|p1a: Walking Wake|Substitute\n|-damage|p1a: Walking Wake|47/100\n|move|p2a: Trevenant|Leech Seed||[still]\n|-fail|p2a: Trevenant\n|\n|upkeep\n|turn|11\n|\n|t:|1695187283\n|switch|p2a: Samurott|Samurott-Hisui, M|100/100\n|-damage|p2a: Samurott|88/100|[from] Stealth Rock\n|-damage|p2a: Samurott|75/100|[from] Spikes\n|move|p1a: Walking Wake|Dragon Pulse|p2a: Samurott\n|-crit|p2a: Samurott\n|-damage|p2a: Samurott|38/100\n|\n|upkeep\n|turn|12\n|\n|t:|1695187297\n|move|p1a: Walking Wake|Dragon Pulse|p2a: Samurott\n|-damage|p2a: Samurott|13/100\n|move|p2a: Samurott|Ceaseless Edge|p1a: Walking Wake\n|-end|p1a: Walking Wake|Substitute\n|-sidestart|p1: Boshiee|Spikes\n|\n|upkeep\n|turn|13\n|\n|t:|1695187314\n|-end|p1a: Walking Wake|Protosynthesis|[silent]\n|switch|p1a: Garchomp|Garchomp, F, shiny|40/100 brn\n|-damage|p1a: Garchomp|27/100 brn|[from] Spikes\n|move|p2a: Samurott|Ceaseless Edge|p1a: Garchomp\n|-damage|p1a: Garchomp|0 fnt\n|-damage|p2a: Samurott|0 fnt|[from] ability: Rough Skin|[of] p1a: Garchomp\n|faint|p1a: Garchomp\n|faint|p2a: Samurott\n|\n|upkeep\n|\n|t:|1695187324\n|switch|p1a: Roaring Moon|Roaring Moon|100/100\n|switch|p2a: Iron Treads|Iron Treads|100/100\n|-damage|p1a: Roaring Moon|88/100|[from] Spikes\n|-damage|p2a: Iron Treads|97/100|[from] Stealth Rock\n|-damage|p2a: Iron Treads|85/100|[from] Spikes\n|-enditem|p2a: Iron Treads|Booster Energy\n|-activate|p2a: Iron Treads|ability: Quark Drive|[fromitem]\n|-start|p2a: Iron Treads|quarkdrivespe\n|turn|14\n|\n|t:|1695187340\n|-end|p1a: Roaring Moon|Protosynthesis|[silent]\n|switch|p1a: Dondozo|Dondozo, F, shiny|100/100\n|-damage|p1a: Dondozo|88/100|[from] Spikes\n|move|p2a: Iron Treads|Rapid Spin|p1a: Dondozo\n|-damage|p1a: Dondozo|80/100\n|-boost|p2a: Iron Treads|spe|1\n|-sideend|p2: humourme|Spikes|[from] move: Rapid Spin|[of] p2a: Iron Treads\n|-sideend|p2: humourme|Stealth Rock|[from] move: Rapid Spin|[of] p2a: Iron Treads\n|\n|-heal|p1a: Dondozo|87/100|[from] item: Leftovers\n|upkeep\n|turn|15\n|\n|t:|1695187378\n|move|p2a: Iron Treads|Knock Off|p1a: Dondozo\n|-damage|p1a: Dondozo|71/100\n|-enditem|p1a: Dondozo|Leftovers|[from] move: Knock Off|[of] p2a: Iron Treads\n|move|p1a: Dondozo|Body Slam|p2a: Iron Treads\n|-resisted|p2a: Iron Treads\n|-damage|p2a: Iron Treads|77/100\n|-status|p2a: Iron Treads|par\n|\n|upkeep\n|turn|16\n|\n|t:|1695187392\n|-end|p2a: Iron Treads|Quark Drive|[silent]\n|switch|p2a: Trevenant|Trevenant, F|74/100\n|switch|p1a: Corviknight|Corviknight, F, shiny|87/100\n|-ability|p1a: Corviknight|Pressure\n|\n|upkeep\n|turn|17\n|\n|t:|1695187404\n|move|p1a: Corviknight|U-turn|p2a: Trevenant\n|-damage|p2a: Trevenant|64/100\n|\n|t:|1695187411\n|switch|p1a: Walking Wake|Walking Wake|47/100|[from] U-turn\n|-damage|p1a: Walking Wake|35/100|[from] Spikes\n|move|p2a: Trevenant|Will-O-Wisp|p1a: Walking Wake\n|-status|p1a: Walking Wake|brn\n|\n|-damage|p1a: Walking Wake|28/100 brn|[from] brn\n|upkeep\n|turn|18\n|\n|t:|1695187419\n|switch|p2a: Iron Treads|Iron Treads|77/100 par\n|move|p1a: Walking Wake|Flamethrower|p2a: Iron Treads\n|-supereffective|p2a: Iron Treads\n|-damage|p2a: Iron Treads|0 fnt\n|faint|p2a: Iron Treads\n|-end|p2a: Iron Treads|Quark Drive|[silent]\n|\n|-damage|p1a: Walking Wake|22/100 brn|[from] brn\n|upkeep\n|\n|t:|1695187423\n|switch|p2a: Munkidori|Munkidori, M|100/100\n|turn|19\n|\n|t:|1695187433\n|-end|p1a: Walking Wake|Protosynthesis|[silent]\n|switch|p1a: Corviknight|Corviknight, F, shiny|87/100\n|-ability|p1a: Corviknight|Pressure\n|move|p2a: Munkidori|Psychic|p1a: Corviknight\n|-resisted|p1a: Corviknight\n|-damage|p1a: Corviknight|63/100\n|\n|upkeep\n|turn|20\n|\n|t:|1695187483\n|switch|p2a: Trevenant|Trevenant, F|64/100\n|move|p1a: Corviknight|U-turn|p2a: Trevenant\n|-crit|p2a: Trevenant\n|-damage|p2a: Trevenant|47/100\n|-enditem|p2a: Trevenant|Sitrus Berry|[eat]\n|-heal|p2a: Trevenant|72/100|[from] item: Sitrus Berry\n|\n|t:|1695187494\n|switch|p1a: Roaring Moon|Roaring Moon|88/100|[from] U-turn\n|-damage|p1a: Roaring Moon|76/100|[from] Spikes\n|\n|-item|p2a: Trevenant|Sitrus Berry|[from] ability: Harvest\n|upkeep\n|turn|21\n|\n|t:|1695187525\n|switch|p2a: Okidogi|Okidogi, M|100/100\n|move|p1a: Roaring Moon|Knock Off|p2a: Okidogi\n|-resisted|p2a: Okidogi\n|-damage|p2a: Okidogi|78/100\n|-enditem|p2a: Okidogi|Leftovers|[from] move: Knock Off|[of] p1a: Roaring Moon\n|\n|upkeep\n|turn|22\n|\n|t:|1695187545\n|-end|p1a: Roaring Moon|Protosynthesis|[silent]\n|switch|p1a: Dondozo|Dondozo, F, shiny|71/100\n|-damage|p1a: Dondozo|59/100|[from] Spikes\n|move|p2a: Okidogi|Bulk Up|p2a: Okidogi\n|-boost|p2a: Okidogi|atk|1\n|-boost|p2a: Okidogi|def|1\n|\n|upkeep\n|turn|23\n|\n|t:|1695187582\n|move|p2a: Okidogi|Drain Punch|p1a: Dondozo\n|-damage|p1a: Dondozo|39/100\n|-heal|p2a: Okidogi|92/100|[from] drain|[of] p1a: Dondozo\n|move|p1a: Dondozo|Curse|p1a: Dondozo\n|-unboost|p1a: Dondozo|spe|1\n|-boost|p1a: Dondozo|atk|1\n|-boost|p1a: Dondozo|def|1\n|\n|upkeep\n|turn|24\n|\n|t:|1695187586\n|switch|p2a: Trevenant|Trevenant, F|72/100\n|move|p1a: Dondozo|Rest|p1a: Dondozo\n|-status|p1a: Dondozo|slp|[from] move: Rest\n|-heal|p1a: Dondozo|100/100 slp|[silent]\n|\n|upkeep\n|turn|25\n|\n|t:|1695187601\n|switch|p1a: Roaring Moon|Roaring Moon|76/100\n|-damage|p1a: Roaring Moon|64/100|[from] Spikes\n|move|p2a: Trevenant|Leech Seed|p1a: Roaring Moon\n|-start|p1a: Roaring Moon|move: Leech Seed\n|\n|-damage|p1a: Roaring Moon|51/100|[from] Leech Seed|[of] p2a: Trevenant\n|-heal|p2a: Trevenant|84/100|[silent]\n|upkeep\n|turn|26\n|\n|t:|1695187607\n|switch|p2a: Okidogi|Okidogi, M|92/100\n|move|p1a: Roaring Moon|U-turn|p2a: Okidogi\n|-resisted|p2a: Okidogi\n|-damage|p2a: Okidogi|86/100\n|\n|t:|1695187623\n|-end|p1a: Roaring Moon|Protosynthesis|[silent]\n|switch|p1a: Walking Wake|Walking Wake|22/100 brn|[from] U-turn\n|-damage|p1a: Walking Wake|10/100 brn|[from] Spikes\n|\n|-damage|p1a: Walking Wake|4/100 brn|[from] brn\n|upkeep\n|turn|27\n|\n|t:|1695187638\n|move|p1a: Walking Wake|Dragon Pulse|p2a: Okidogi\n|-damage|p2a: Okidogi|45/100\n|move|p2a: Okidogi|Drain Punch|p1a: Walking Wake\n|-damage|p1a: Walking Wake|0 fnt\n|-heal|p2a: Okidogi|46/100|[from] drain|[of] p1a: Walking Wake\n|faint|p1a: Walking Wake\n|-end|p1a: Walking Wake|Protosynthesis|[silent]\n|\n|upkeep\n|\n|t:|1695187657\n|switch|p1a: Roaring Moon|Roaring Moon|51/100\n|-damage|p1a: Roaring Moon|39/100|[from] Spikes\n|turn|28\n|\n|t:|1695187660\n|move|p1a: Roaring Moon|Zen Headbutt|p2a: Okidogi\n|-supereffective|p2a: Okidogi\n|-damage|p2a: Okidogi|0 fnt\n|faint|p2a: Okidogi\n|\n|upkeep\n|\n|t:|1695187665\n|switch|p2a: Mamoswine|Mamoswine, F|100/100\n|turn|29\n|\n|t:|1695187672\n|-end|p1a: Roaring Moon|Protosynthesis|[silent]\n|switch|p1a: Corviknight|Corviknight, F, shiny|63/100\n|-ability|p1a: Corviknight|Pressure\n|move|p2a: Mamoswine|Stealth Rock|p1a: Corviknight\n|-sidestart|p1: Boshiee|move: Stealth Rock\n|\n|upkeep\n|turn|30\n|\n|t:|1695187676\n|-terastallize|p2a: Mamoswine|Ice\n|move|p2a: Mamoswine|Icicle Crash|p1a: Corviknight\n|-damage|p1a: Corviknight|27/100\n|move|p1a: Corviknight|Defog|p2a: Mamoswine\n|-unboost|p2a: Mamoswine|evasion|1\n|-sideend|p1: Boshiee|Spikes|[from] move: Defog|[of] p1a: Corviknight\n|-sideend|p1: Boshiee|Stealth Rock|[from] move: Defog|[of] p1a: Corviknight\n|\n|upkeep\n|turn|31\n|\n|t:|1695187689\n|move|p2a: Mamoswine|Stealth Rock|p1a: Corviknight\n|-sidestart|p1: Boshiee|move: Stealth Rock\n|move|p1a: Corviknight|Body Press|p2a: Mamoswine\n|-supereffective|p2a: Mamoswine\n|-damage|p2a: Mamoswine|42/100\n|\n|upkeep\n|turn|32\n|\n|t:|1695187695\n|move|p2a: Mamoswine|Icicle Crash|p1a: Corviknight\n|-damage|p1a: Corviknight|0 fnt\n|faint|p1a: Corviknight\n|\n|upkeep\n|\n|t:|1695187712\n|switch|p1a: Dragonite|Dragonite, F|100/100\n|-damage|p1a: Dragonite|76/100|[from] Stealth Rock\n|turn|33\n|\n|t:|1695187722\n|-terastallize|p1a: Dragonite|Normal\n|move|p1a: Dragonite|Extreme Speed|p2a: Mamoswine\n|-damage|p2a: Mamoswine|0 fnt\n|faint|p2a: Mamoswine\n|\n|-heal|p1a: Dragonite|82/100|[from] item: Leftovers\n|upkeep\n|\n|t:|1695187727\n|switch|p2a: Trevenant|Trevenant, F|84/100\n|turn|34\n|inactive|Battle timer is ON: inactive players will automatically lose when time's up. (requested by humourme)\n|\n|t:|1695187766\n|switch|p1a: Dondozo|Dondozo, F, shiny|100/100 slp\n|-damage|p1a: Dondozo|88/100 slp|[from] Stealth Rock\n|move|p2a: Trevenant|Will-O-Wisp||[still]\n|-fail|p2a: Trevenant\n|\n|upkeep\n|turn|35\n|\n|t:|1695187770\n|switch|p1a: Roaring Moon|Roaring Moon|39/100\n|-damage|p1a: Roaring Moon|27/100|[from] Stealth Rock\n|move|p2a: Trevenant|Leech Seed|p1a: Roaring Moon\n|-start|p1a: Roaring Moon|move: Leech Seed\n|\n|-damage|p1a: Roaring Moon|15/100|[from] Leech Seed|[of] p2a: Trevenant\n|-heal|p2a: Trevenant|95/100|[silent]\n|upkeep\n|turn|36\n|\n|t:|1695187778\n|switch|p2a: Munkidori|Munkidori, M|100/100\n|move|p1a: Roaring Moon|Knock Off|p2a: Munkidori\n|-supereffective|p2a: Munkidori\n|-crit|p2a: Munkidori\n|-damage|p2a: Munkidori|0 fnt\n|-enditem|p2a: Munkidori|Choice Scarf|[from] move: Knock Off|[of] p1a: Roaring Moon\n|faint|p2a: Munkidori\n|\n|upkeep\n|\n|t:|1695187781\n|switch|p2a: Trevenant|Trevenant, F|95/100\n|turn|37\n|\n|t:|1695187790\n|move|p1a: Roaring Moon|Knock Off|p2a: Trevenant\n|-supereffective|p2a: Trevenant\n|-damage|p2a: Trevenant|0 fnt\n|-enditem|p2a: Trevenant|Sitrus Berry|[from] move: Knock Off|[of] p1a: Roaring Moon\n|faint|p2a: Trevenant\n|\n|win|Boshiee\n|raw|Boshiee's rating: 1345 &rarr; <strong>1368</strong><br />(+23 for winning)\n|raw|humourme's rating: 1405 &rarr; <strong>1382</strong><br />(-23 for losing)\n|l|\u2606humourme\n", "uploadtime": 1695187803, "views": 4, "p1id": "boshiee", "p2id": "humourme", "formatid": "gen9ou", "rating": 1368, "private": 0, "password": ""}