{"id": "gen9ou-1947611695", "p1": "actualonion", "p2": "Post Modern Red", "format": "gen9ou", "log": "|j|\u2606actualonion\n|j|\u2606Post Modern Red\n|t:|1695177760\n|gametype|singles\n|player|p1|actualonion|allister|1471\n|player|p2|Post Modern Red|red-gen1|1548\n|teamsize|p1|6\n|teamsize|p2|6\n|gen|9\n|tier|[Gen 9] OU\n|rated|\n|rule|Sleep Clause Mod: Limit one foe put to sleep\n|rule|Species Clause: Limit one of each Pok\u00e9mon\n|rule|OHKO Clause: OHKO moves are banned\n|rule|Evasion Items Clause: Evasion items are banned\n|rule|Evasion Moves Clause: Evasion moves are banned\n|rule|Endless Battle Clause: Forcing endless battles is banned\n|rule|HP Percentage Mod: HP is shown in percentages\n|clearpoke\n|poke|p1|Ogerpon-Hearthflame, F|\n|poke|p1|Dragapult, M|\n|poke|p1|Gholdengo|\n|poke|p1|Vaporeon, F|\n|poke|p1|Landorus-Therian, M|\n|poke|p1|Corviknight, F|\n|poke|p2|Kingambit, M|\n|poke|p2|Dragapult, M|\n|poke|p2|Ogerpon-Wellspring, F|\n|poke|p2|Iron Moth|\n|poke|p2|Iron Valiant|\n|poke|p2|Infernape, F|\n|teampreview\n|inactive|Battle timer is ON: inactive players will automatically lose when time's up. (requested by Post Modern Red)\n|inactive|actualonion has 120 seconds left.\n|\n|t:|1695177836\n|start\n|switch|p1a: Dragapult|Dragapult, M|100/100\n|switch|p2a: Infernape|Infernape, F|100/100\n|turn|1\n|\n|t:|1695177841\n|move|p2a: Infernape|Switcheroo|p1a: Dragapult\n|-activate|p2a: Infernape|move: Trick|[of] p1a: Dragapult\n|-item|p1a: Dragapult|Choice Scarf|[from] move: Switcheroo\n|-item|p2a: Infernape|Choice Specs|[from] move: Switcheroo\n|move|p1a: Dragapult|Draco Meteor|p2a: Infernape\n|-damage|p2a: Infernape|15/100\n|-unboost|p1a: Dragapult|spa|2\n|\n|upkeep\n|turn|2\n|\n|t:|1695177853\n|move|p1a: Dragapult|Draco Meteor|p2a: Infernape\n|-crit|p2a: Infernape\n|-damage|p2a: Infernape|0 fnt\n|-unboost|p1a: Dragapult|spa|2\n|faint|p2a: Infernape\n|\n|upkeep\n|\n|t:|1695177869\n|switch|p2a: Iron Moth|Iron Moth|100/100\n|-enditem|p2a: Iron Moth|Booster Energy\n|-activate|p2a: Iron Moth|ability: Quark Drive|[fromitem]\n|-start|p2a: Iron Moth|quarkdrivespe\n|turn|3\n|\n|t:|1695177882\n|switch|p1a: Vaporeon|Vaporeon, F|100/100\n|move|p2a: Iron Moth|Substitute|p2a: Iron Moth\n|-start|p2a: Iron Moth|Substitute\n|-damage|p2a: Iron Moth|76/100\n|\n|upkeep\n|turn|4\n|\n|t:|1695177888\n|move|p2a: Iron Moth|Fiery Dance|p1a: Vaporeon\n|-resisted|p1a: Vaporeon\n|-damage|p1a: Vaporeon|86/100\n|move|p1a: Vaporeon|Flip Turn|p2a: Iron Moth\n|-supereffective|p2a: Iron Moth\n|-end|p2a: Iron Moth|Substitute\n|\n|t:|1695177894\n|switch|p1a: Landorus|Landorus-Therian, M|100/100|[from] Flip Turn\n|-ability|p1a: Landorus|Intimidate|boost\n|-unboost|p2a: Iron Moth|atk|1\n|\n|upkeep\n|turn|5\n|\n|t:|1695177899\n|-terastallize|p2a: Iron Moth|Grass\n|move|p2a: Iron Moth|Fiery Dance|p1a: Landorus\n|-damage|p1a: Landorus|70/100\n|move|p1a: Landorus|Earthquake|p2a: Iron Moth\n|-resisted|p2a: Iron Moth\n|-crit|p2a: Iron Moth\n|-damage|p2a: Iron Moth|27/100\n|\n|-heal|p1a: Landorus|76/100|[from] item: Leftovers\n|upkeep\n|turn|6\n|\n|t:|1695177908\n|move|p2a: Iron Moth|Fiery Dance|p1a: Landorus\n|-damage|p1a: Landorus|48/100\n|-boost|p2a: Iron Moth|spa|1\n|move|p1a: Landorus|U-turn|p2a: Iron Moth\n|-supereffective|p2a: Iron Moth\n|-damage|p2a: Iron Moth|0 fnt\n|faint|p2a: Iron Moth\n|-end|p2a: Iron Moth|Quark Drive|[silent]\n|\n|t:|1695177929\n|switch|p1a: Dragapult|Dragapult, M|100/100|[from] U-turn\n|\n|upkeep\n|\n|t:|1695177932\n|switch|p2a: Ogerpon|Ogerpon-Wellspring, F|100/100\n|turn|7\n|\n|t:|1695177935\n|move|p1a: Dragapult|U-turn|p2a: Ogerpon\n|-supereffective|p2a: Ogerpon\n|-damage|p2a: Ogerpon|65/100\n|\n|t:|1695177945\n|switch|p1a: Corviknight|Corviknight, F|100/100|[from] U-turn\n|-ability|p1a: Corviknight|Pressure\n|move|p2a: Ogerpon|Leech Seed|p1a: Corviknight\n|-start|p1a: Corviknight|move: Leech Seed\n|\n|-damage|p1a: Corviknight|88/100|[from] Leech Seed|[of] p2a: Ogerpon\n|-heal|p2a: Ogerpon|79/100|[silent]\n|upkeep\n|turn|8\n|\n|t:|1695177955\n|switch|p1a: Gholdengo|Gholdengo|100/100\n|move|p2a: Ogerpon|Knock Off|p1a: Gholdengo\n|-supereffective|p1a: Gholdengo\n|-damage|p1a: Gholdengo|28/100\n|-enditem|p1a: Gholdengo|Choice Scarf|[from] move: Knock Off|[of] p2a: Ogerpon\n|\n|upkeep\n|turn|9\n|\n|t:|1695177965\n|move|p2a: Ogerpon|Knock Off|p1a: Gholdengo\n|-supereffective|p1a: Gholdengo\n|-damage|p1a: Gholdengo|0 fnt\n|faint|p1a: Gholdengo\n|\n|upkeep\n|\n|t:|1695177990\n|switch|p1a: Corviknight|Corviknight, F|88/100\n|-ability|p1a: Corviknight|Pressure\n|turn|10\n|\n|t:|1695177995\n|move|p2a: Ogerpon|Knock Off|p1a: Corviknight\n|-damage|p1a: Corviknight|68/100\n|-damage|p2a: Ogerpon|62/100|[from] item: Rocky Helmet|[of] p1a: Corviknight\n|-enditem|p1a: Corviknight|Rocky Helmet|[from] move: Knock Off|[of] p2a: Ogerpon\n|move|p1a: Corviknight|U-turn|p2a: Ogerpon\n|-supereffective|p2a: Ogerpon\n|-damage|p2a: Ogerpon|33/100\n|\n|t:|1695178002\n|switch|p1a: Dragapult|Dragapult, M|100/100|[from] U-turn\n|\n|upkeep\n|turn|11\n|\n|t:|1695178008\n|switch|p2a: Kingambit|Kingambit, M|100/100\n|-activate|p2a: Kingambit|ability: Supreme Overlord\n|-start|p2a: Kingambit|fallen2|[silent]\n|move|p1a: Dragapult|Shadow Ball|p2a: Kingambit\n|-resisted|p2a: Kingambit\n|-damage|p2a: Kingambit|82/100\n|-unboost|p2a: Kingambit|spd|1\n|\n|upkeep\n|turn|12\n|\n|t:|1695178025\n|move|p1a: Dragapult|Shadow Ball|p2a: Kingambit\n|-resisted|p2a: Kingambit\n|-damage|p2a: Kingambit|56/100\n|move|p2a: Kingambit|Swords Dance|p2a: Kingambit\n|-boost|p2a: Kingambit|atk|2\n|\n|upkeep\n|turn|13\n|inactive|Post Modern Red has 120 seconds left.\n|\n|t:|1695178063\n|switch|p1a: Landorus|Landorus-Therian, M|48/100\n|-ability|p1a: Landorus|Intimidate|boost\n|-unboost|p2a: Kingambit|atk|1\n|move|p2a: Kingambit|Sucker Punch||[still]\n|-fail|p2a: Kingambit\n|\n|-heal|p1a: Landorus|54/100|[from] item: Leftovers\n|upkeep\n|turn|14\n|\n|t:|1695178078\n|move|p2a: Kingambit|Sucker Punch||[still]\n|-fail|p2a: Kingambit\n|move|p1a: Landorus|Stealth Rock|p2a: Kingambit\n|-sidestart|p2: Post Modern Red|move: Stealth Rock\n|\n|-heal|p1a: Landorus|60/100|[from] item: Leftovers\n|upkeep\n|turn|15\n|\n|t:|1695178084\n|move|p1a: Landorus|Earthquake|p2a: Kingambit\n|-supereffective|p2a: Kingambit\n|-damage|p2a: Kingambit|0 fnt\n|faint|p2a: Kingambit\n|-end|p2a: Kingambit|fallen2|[silent]\n|\n|-heal|p1a: Landorus|66/100|[from] item: Leftovers\n|upkeep\n|\n|t:|1695178093\n|switch|p2a: Iron Valiant|Iron Valiant|100/100\n|-damage|p2a: Iron Valiant|94/100|[from] Stealth Rock\n|-enditem|p2a: Iron Valiant|Booster Energy\n|-activate|p2a: Iron Valiant|ability: Quark Drive|[fromitem]\n|-start|p2a: Iron Valiant|quarkdrivespe\n|turn|16\n|\n|t:|1695178102\n|move|p2a: Iron Valiant|Moonblast|p1a: Landorus\n|-damage|p1a: Landorus|33/100\n|move|p1a: Landorus|Earthquake|p2a: Iron Valiant\n|-damage|p2a: Iron Valiant|35/100\n|\n|-heal|p1a: Landorus|39/100|[from] item: Leftovers\n|upkeep\n|turn|17\n|\n|t:|1695178112\n|move|p2a: Iron Valiant|Psyshock|p1a: Landorus\n|-damage|p1a: Landorus|15/100\n|move|p1a: Landorus|Earthquake|p2a: Iron Valiant\n|-damage|p2a: Iron Valiant|0 fnt\n|faint|p2a: Iron Valiant\n|-end|p2a: Iron Valiant|Quark Drive|[silent]\n|\n|-heal|p1a: Landorus|21/100|[from] item: Leftovers\n|upkeep\n|\n|t:|1695178116\n|switch|p2a: Dragapult|Dragapult, M|100/100\n|-damage|p2a: Dragapult|88/100|[from] Stealth Rock\n|turn|18\n|-message|Post Modern Red forfeited.\n|\n|win|actualonion\n|raw|actualonion's rating: 1471 &rarr; <strong>1495</strong><br />(+24 for winning)\n|raw|Post Modern Red's rating: 1548 &rarr; <strong>1524</strong><br />(-24 for losing)\n|l|\u2606Post Modern Red\n", "uploadtime": 1695178131, "views": 5, "p1id": "actualonion", "p2id": "postmodernred", "formatid": "gen9ou", "rating": 1495, "private": 0, "password": ""}