{"id": "gen9ou-1947671569", "p1": "Cinny69", "p2": "Evil34", "format": "gen9ou", "log": "|j|\u2606Cinny69\n|j|\u2606Evil34\n|t:|1695184884\n|gametype|singles\n|player|p1|Cinny69|skyla|1123\n|player|p2|Evil34|169|1067\n|teamsize|p1|6\n|teamsize|p2|6\n|gen|9\n|tier|[Gen 9] OU\n|rated|\n|rule|Sleep Clause Mod: Limit one foe put to sleep\n|rule|Species Clause: Limit one of each Pok\u00e9mon\n|rule|OHKO Clause: OHKO moves are banned\n|rule|Evasion Items Clause: Evasion items are banned\n|rule|Evasion Moves Clause: Evasion moves are banned\n|rule|Endless Battle Clause: Forcing endless battles is banned\n|rule|HP Percentage Mod: HP is shown in percentages\n|clearpoke\n|poke|p1|Revavroom, M|\n|poke|p1|Hydreigon, M|\n|poke|p1|Chandelure, M|\n|poke|p1|Great Tusk|\n|poke|p1|Iron Valiant|\n|poke|p1|Milotic, F|\n|poke|p2|Infernape, M|\n|poke|p2|Empoleon, M|\n|poke|p2|Torterra, M|\n|poke|p2|Dragonite, M|\n|poke|p2|Hoopa-Unbound|\n|poke|p2|Kleavor, F|\n|teampreview\n|inactive|Battle timer is ON: inactive players will automatically lose when time's up. (requested by Cinny69)\n|\n|t:|1695184902\n|start\n|switch|p1a: Milotic|Milotic, F, shiny|100/100\n|switch|p2a: Hoopa|Hoopa-Unbound|100/100\n|turn|1\n|\n|t:|1695184911\n|move|p2a: Hoopa|Nasty Plot|p2a: Hoopa\n|-boost|p2a: Hoopa|spa|2\n|move|p1a: Milotic|Scald|p2a: Hoopa\n|-damage|p2a: Hoopa|80/100\n|\n|-status|p1a: Milotic|brn|[from] item: Flame Orb\n|upkeep\n|turn|2\n|\n|t:|1695184919\n|move|p2a: Hoopa|Energy Ball|p1a: Milotic\n|-supereffective|p1a: Milotic\n|-damage|p1a: Milotic|3/100 brn\n|-unboost|p1a: Milotic|spd|1\n|move|p1a: Milotic|Dragon Tail|p2a: Hoopa|[miss]\n|-miss|p1a: Milotic|p2a: Hoopa\n|\n|-damage|p1a: Milotic|0 fnt|[from] brn\n|faint|p1a: Milotic\n|upkeep\n|\n|t:|1695184929\n|switch|p1a: Iron Valiant|Iron Valiant|100/100\n|-enditem|p1a: Iron Valiant|Booster Energy\n|-activate|p1a: Iron Valiant|ability: Quark Drive|[fromitem]\n|-start|p1a: Iron Valiant|quarkdrivespe\n|turn|3\n|\n|t:|1695184944\n|move|p1a: Iron Valiant|Close Combat|p2a: Hoopa\n|-damage|p2a: Hoopa|0 fnt\n|-unboost|p1a: Iron Valiant|def|1\n|-unboost|p1a: Iron Valiant|spd|1\n|faint|p2a: Hoopa\n|\n|upkeep\n|\n|t:|1695184950\n|switch|p2a: Infernape|Infernape, M, shiny|100/100\n|turn|4\n|\n|t:|1695184963\n|move|p1a: Iron Valiant|Close Combat|p2a: Infernape\n|-damage|p2a: Infernape|2/100\n|-unboost|p1a: Iron Valiant|def|1\n|-unboost|p1a: Iron Valiant|spd|1\n|move|p2a: Infernape|U-turn|p1a: Iron Valiant\n|-resisted|p1a: Iron Valiant\n|-damage|p1a: Iron Valiant|88/100\n|\n|t:|1695184983\n|switch|p2a: Empoleon|Empoleon, M, shiny|100/100|[from] U-turn\n|\n|upkeep\n|turn|5\n|inactive|Evil34 has 120 seconds left.\n|\n|t:|1695185002\n|switch|p2a: Torterra|Torterra, M, shiny|100/100\n|move|p1a: Iron Valiant|Close Combat|p2a: Torterra\n|-damage|p2a: Torterra|48/100\n|-unboost|p1a: Iron Valiant|def|1\n|-unboost|p1a: Iron Valiant|spd|1\n|\n|-heal|p2a: Torterra|54/100|[from] item: Leftovers\n|upkeep\n|turn|6\n|\n|t:|1695185012\n|move|p2a: Torterra|Protect|p2a: Torterra\n|-singleturn|p2a: Torterra|Protect\n|move|p1a: Iron Valiant|Close Combat|p2a: Torterra\n|-activate|p2a: Torterra|move: Protect\n|\n|-heal|p2a: Torterra|61/100|[from] item: Leftovers\n|upkeep\n|turn|7\n|\n|t:|1695185021\n|move|p1a: Iron Valiant|Knock Off|p2a: Torterra\n|-damage|p2a: Torterra|35/100\n|-enditem|p2a: Torterra|Leftovers|[from] move: Knock Off|[of] p1a: Iron Valiant\n|move|p2a: Torterra|Earthquake|p1a: Iron Valiant\n|-damage|p1a: Iron Valiant|0 fnt\n|faint|p1a: Iron Valiant\n|-end|p1a: Iron Valiant|Quark Drive|[silent]\n|\n|upkeep\n|\n|t:|1695185031\n|switch|p1a: Chandelure|Chandelure, M|100/100\n|turn|8\n|\n|t:|1695185039\n|-terastallize|p2a: Torterra|Rock\n|move|p1a: Chandelure|Shadow Ball|p2a: Torterra\n|-damage|p2a: Torterra|0 fnt\n|faint|p2a: Torterra\n|\n|upkeep\n|\n|t:|1695185046\n|switch|p2a: Empoleon|Empoleon, M, shiny|100/100\n|turn|9\n|\n|t:|1695185049\n|move|p1a: Chandelure|Shadow Ball|p2a: Empoleon\n|-damage|p2a: Empoleon|72/100\n|move|p2a: Empoleon|Ice Beam|p1a: Chandelure\n|-resisted|p1a: Chandelure\n|-damage|p1a: Chandelure|81/100\n|\n|upkeep\n|turn|10\n|\n|t:|1695185056\n|move|p1a: Chandelure|Shadow Ball|p2a: Empoleon\n|-damage|p2a: Empoleon|47/100\n|move|p2a: Empoleon|Hydro Pump|p1a: Chandelure\n|-supereffective|p1a: Chandelure\n|-damage|p1a: Chandelure|0 fnt\n|faint|p1a: Chandelure\n|\n|upkeep\n|\n|t:|1695185065\n|switch|p1a: Revavroom|Revavroom, M|100/100\n|turn|11\n|\n|t:|1695185077\n|move|p2a: Empoleon|Vacuum Wave|p1a: Revavroom\n|-damage|p1a: Revavroom|85/100\n|move|p1a: Revavroom|Shift Gear|p1a: Revavroom\n|-boost|p1a: Revavroom|spe|2\n|-boost|p1a: Revavroom|atk|1\n|\n|upkeep\n|turn|12\n|\n|t:|1695185083\n|move|p2a: Empoleon|Vacuum Wave|p1a: Revavroom\n|-damage|p1a: Revavroom|68/100\n|move|p1a: Revavroom|High Horsepower|p2a: Empoleon\n|-supereffective|p2a: Empoleon\n|-damage|p2a: Empoleon|0 fnt\n|faint|p2a: Empoleon\n|\n|upkeep\n|\n|t:|1695185097\n|switch|p2a: Dragonite|Dragonite, M|100/100\n|turn|13\n|\n|t:|1695185101\n|-terastallize|p1a: Revavroom|Ground\n|move|p1a: Revavroom|Iron Head|p2a: Dragonite\n|-damage|p2a: Dragonite|66/100\n|move|p2a: Dragonite|Earthquake|p1a: Revavroom\n|-damage|p1a: Revavroom|33/100\n|\n|upkeep\n|turn|14\n|\n|t:|1695185111\n|move|p2a: Dragonite|Extreme Speed|p1a: Revavroom\n|-damage|p1a: Revavroom|4/100\n|move|p1a: Revavroom|Gunk Shot|p2a: Dragonite\n|-damage|p2a: Dragonite|0 fnt\n|faint|p2a: Dragonite\n|\n|upkeep\n|\n|t:|1695185117\n|switch|p2a: Infernape|Infernape, M, shiny|2/100\n|turn|15\n|\n|t:|1695185123\n|move|p1a: Revavroom|Iron Head|p2a: Infernape\n|-resisted|p2a: Infernape\n|-damage|p2a: Infernape|0 fnt\n|faint|p2a: Infernape\n|\n|upkeep\n|\n|t:|1695185128\n|switch|p2a: Kleavor|Kleavor, F|100/100\n|turn|16\n|\n|t:|1695185135\n|move|p1a: Revavroom|Iron Head|p2a: Kleavor\n|-supereffective|p2a: Kleavor\n|-damage|p2a: Kleavor|0 fnt\n|faint|p2a: Kleavor\n|\n|win|Cinny69\n|raw|Cinny69's rating: 1123 &rarr; <strong>1144</strong><br />(+21 for winning)\n|raw|Evil34's rating: 1067 &rarr; <strong>1050</strong><br />(-17 for losing)\n", "uploadtime": 1695185142, "views": 4, "p1id": "cinny69", "p2id": "evil34", "formatid": "gen9ou", "rating": 1050, "private": 0, "password": ""}