{"id": "gen9ou-1947594750", "p1": "PKMNTrainerKRitz", "p2": "LaxativeCement", "format": "gen9ou", "log": "|j|\u2606PKMNTrainerKRitz\n|j|\u2606LaxativeCement\n|t:|1695176022\n|gametype|singles\n|player|p1|PKMNTrainerKRitz|pokekid|1617\n|player|p2|LaxativeCement|lucas|1722\n|teamsize|p1|6\n|teamsize|p2|6\n|gen|9\n|tier|[Gen 9] OU\n|rated|\n|rule|Sleep Clause Mod: Limit one foe put to sleep\n|rule|Species Clause: Limit one of each Pok\u00e9mon\n|rule|OHKO Clause: OHKO moves are banned\n|rule|Evasion Items Clause: Evasion items are banned\n|rule|Evasion Moves Clause: Evasion moves are banned\n|rule|Endless Battle Clause: Forcing endless battles is banned\n|rule|HP Percentage Mod: HP is shown in percentages\n|clearpoke\n|poke|p1|Glimmora, F|\n|poke|p1|Gholdengo|\n|poke|p1|Kingambit, F|\n|poke|p1|Ogerpon-Wellspring, F|\n|poke|p1|Iron Moth|\n|poke|p1|Iron Valiant|\n|poke|p2|Ursaluna-Bloodmoon, M|\n|poke|p2|Torterra, F|\n|poke|p2|Enamorus, F|\n|poke|p2|Great Tusk|\n|poke|p2|Meowscarada, M|\n|poke|p2|Kingambit, M|\n|teampreview\n|inactive|Battle timer is ON: inactive players will automatically lose when time's up. (requested by LaxativeCement)\n|\n|t:|1695176030\n|start\n|switch|p1a: Glimmora|Glimmora, F|100/100\n|switch|p2a: Meningitis|Ursaluna-Bloodmoon, M|100/100\n|turn|1\n|j| Captain Snowy\n|\n|t:|1695176043\n|move|p1a: Glimmora|Energy Ball|p2a: Meningitis\n|-supereffective|p2a: Meningitis\n|-damage|p2a: Meningitis|20/100\n|move|p2a: Meningitis|Earth Power|p1a: Glimmora\n|-supereffective|p1a: Glimmora\n|-enditem|p1a: Glimmora|Focus Sash\n|-damage|p1a: Glimmora|1/100\n|\n|-heal|p2a: Meningitis|26/100|[from] item: Leftovers\n|upkeep\n|turn|2\n|\n|t:|1695176051\n|move|p2a: Meningitis|Vacuum Wave|p1a: Glimmora\n|-damage|p1a: Glimmora|0 fnt\n|faint|p1a: Glimmora\n|\n|-heal|p2a: Meningitis|32/100|[from] item: Leftovers\n|upkeep\n|\n|t:|1695176058\n|switch|p1a: Ogerpon|Ogerpon-Wellspring, F|100/100\n|turn|3\n|\n|t:|1695176069\n|move|p2a: Meningitis|Vacuum Wave|p1a: Ogerpon\n|-damage|p1a: Ogerpon|82/100\n|move|p1a: Ogerpon|Ivy Cudgel|p2a: Meningitis\n|-supereffective|p2a: Meningitis\n|-damage|p2a: Meningitis|0 fnt\n|faint|p2a: Meningitis\n|\n|upkeep\n|\n|t:|1695176086\n|switch|p2a: Nam|Enamorus, F|100/100\n|turn|4\n|\n|t:|1695176090\n|switch|p1a: Gholdengo|Gholdengo|100/100\n|-item|p1a: Gholdengo|Air Balloon\n|move|p2a: Nam|Moonblast|p1a: Gholdengo\n|-resisted|p1a: Gholdengo\n|-damage|p1a: Gholdengo|60/100\n|-unboost|p1a: Gholdengo|spa|1\n|-enditem|p1a: Gholdengo|Air Balloon\n|\n|upkeep\n|turn|5\n|\n|t:|1695176103\n|switch|p2a: Kingarry|Kingambit, M|100/100\n|-activate|p2a: Kingarry|ability: Supreme Overlord\n|-start|p2a: Kingarry|fallen1|[silent]\n|move|p1a: Gholdengo|Make It Rain|p2a: Kingarry\n|-resisted|p2a: Kingarry\n|-damage|p2a: Kingarry|75/100\n|-unboost|p1a: Gholdengo|spa|1\n|\n|-heal|p2a: Kingarry|82/100|[from] item: Leftovers\n|upkeep\n|turn|6\n|\n|t:|1695176117\n|switch|p1a: Iron Valiant|Iron Valiant|100/100\n|-enditem|p1a: Iron Valiant|Booster Energy\n|-activate|p1a: Iron Valiant|ability: Quark Drive|[fromitem]\n|-start|p1a: Iron Valiant|quarkdrivespe\n|move|p2a: Kingarry|Iron Head|p1a: Iron Valiant\n|-supereffective|p1a: Iron Valiant\n|-damage|p1a: Iron Valiant|0 fnt\n|faint|p1a: Iron Valiant\n|-end|p1a: Iron Valiant|Quark Drive|[silent]\n|\n|-heal|p2a: Kingarry|88/100|[from] item: Leftovers\n|upkeep\n|\n|t:|1695176121\n|switch|p1a: Iron Mothematics|Iron Moth|100/100\n|-enditem|p1a: Iron Mothematics|Booster Energy\n|-activate|p1a: Iron Mothematics|ability: Quark Drive|[fromitem]\n|-start|p1a: Iron Mothematics|quarkdrivespe\n|turn|7\n|\n|t:|1695176135\n|move|p1a: Iron Mothematics|Substitute|p1a: Iron Mothematics\n|-start|p1a: Iron Mothematics|Substitute\n|-damage|p1a: Iron Mothematics|76/100\n|move|p2a: Kingarry|Kowtow Cleave|p1a: Iron Mothematics\n|-end|p1a: Iron Mothematics|Substitute\n|\n|-heal|p2a: Kingarry|94/100|[from] item: Leftovers\n|upkeep\n|turn|8\n|\n|t:|1695176138\n|move|p1a: Iron Mothematics|Fiery Dance|p2a: Kingarry\n|-supereffective|p2a: Kingarry\n|-damage|p2a: Kingarry|9/100\n|-boost|p1a: Iron Mothematics|spa|1\n|move|p2a: Kingarry|Kowtow Cleave|p1a: Iron Mothematics\n|-damage|p1a: Iron Mothematics|2/100\n|\n|-heal|p2a: Kingarry|15/100|[from] item: Leftovers\n|upkeep\n|turn|9\n|\n|t:|1695176143\n|move|p2a: Kingarry|Sucker Punch|p1a: Iron Mothematics\n|-damage|p1a: Iron Mothematics|0 fnt\n|faint|p1a: Iron Mothematics\n|-end|p1a: Iron Mothematics|Quark Drive|[silent]\n|\n|-heal|p2a: Kingarry|22/100|[from] item: Leftovers\n|upkeep\n|\n|t:|1695176147\n|switch|p1a: Ogerpon|Ogerpon-Wellspring, F|82/100\n|turn|10\n|\n|t:|1695176153\n|move|p2a: Kingarry|Sucker Punch||[still]\n|-fail|p2a: Kingarry\n|move|p1a: Ogerpon|Swords Dance|p1a: Ogerpon\n|-boost|p1a: Ogerpon|atk|2\n|\n|-heal|p2a: Kingarry|28/100|[from] item: Leftovers\n|upkeep\n|turn|11\n|\n|t:|1695176156\n|move|p2a: Kingarry|Sucker Punch|p1a: Ogerpon\n|-damage|p1a: Ogerpon|20/100\n|move|p1a: Ogerpon|Horn Leech|p2a: Kingarry\n|-resisted|p2a: Kingarry\n|-damage|p2a: Kingarry|0 fnt\n|-heal|p1a: Ogerpon|37/100|[from] drain|[of] p2a: Kingarry\n|faint|p2a: Kingarry\n|-end|p2a: Kingarry|fallen1|[silent]\n|\n|upkeep\n|\n|t:|1695176159\n|switch|p2a: MF DOOM|Meowscarada, M|100/100\n|turn|12\n|\n|t:|1695176162\n|move|p2a: MF DOOM|U-turn|p1a: Ogerpon\n|-start|p2a: MF DOOM|typechange|Bug|[from] ability: Protean\n|-supereffective|p1a: Ogerpon\n|-damage|p1a: Ogerpon|0 fnt\n|faint|p1a: Ogerpon\n|\n|t:|1695176167\n|switch|p2a: Mammoth Graveyard|Great Tusk|100/100|[from] U-turn\n|\n|upkeep\n|\n|t:|1695176170\n|switch|p1a: Gholdengo|Gholdengo|60/100\n|turn|13\n|\n|t:|1695176184\n|move|p1a: Gholdengo|Make It Rain|p2a: Mammoth Graveyard\n|-damage|p2a: Mammoth Graveyard|13/100\n|-unboost|p1a: Gholdengo|spa|1\n|move|p2a: Mammoth Graveyard|Earthquake|p1a: Gholdengo\n|-supereffective|p1a: Gholdengo\n|-damage|p1a: Gholdengo|0 fnt\n|faint|p1a: Gholdengo\n|\n|-heal|p2a: Mammoth Graveyard|20/100|[from] item: Leftovers\n|upkeep\n|\n|t:|1695176187\n|switch|p1a: Kingambit|Kingambit, F|100/100\n|-activate|p1a: Kingambit|ability: Supreme Overlord\n|-start|p1a: Kingambit|fallen5|[silent]\n|turn|14\n|\n|t:|1695176192\n|-terastallize|p1a: Kingambit|Flying\n|move|p2a: Mammoth Graveyard|Earthquake|p1a: Kingambit\n|-immune|p1a: Kingambit\n|move|p1a: Kingambit|Swords Dance|p1a: Kingambit\n|-boost|p1a: Kingambit|atk|2\n|\n|-heal|p2a: Mammoth Graveyard|26/100|[from] item: Leftovers\n|upkeep\n|turn|15\n|\n|t:|1695176200\n|move|p1a: Kingambit|Sucker Punch|p2a: Mammoth Graveyard\n|-resisted|p2a: Mammoth Graveyard\n|-damage|p2a: Mammoth Graveyard|0 fnt\n|faint|p2a: Mammoth Graveyard\n|-end|p2a: Mammoth Graveyard|Protosynthesis|[silent]\n|\n|upkeep\n|\n|t:|1695176209\n|switch|p2a: Nam|Enamorus, F|100/100\n|turn|16\n|\n|t:|1695176213\n|-terastallize|p2a: Nam|Fairy\n|move|p2a: Nam|Moonblast|p1a: Kingambit\n|-damage|p1a: Kingambit|0 fnt\n|faint|p1a: Kingambit\n|-end|p1a: Kingambit|fallen5|[silent]\n|\n|win|LaxativeCement\n|raw|PKMNTrainerKRitz's rating: 1617 &rarr; <strong>1603</strong><br />(-14 for losing)\n|raw|LaxativeCement's rating: 1722 &rarr; <strong>1736</strong><br />(+14 for winning)\n|c|\u2606LaxativeCement|gg\n|l|\u2606PKMNTrainerKRitz\n|l| Captain Snowy\n", "uploadtime": 1695176235, "views": 2, "p1id": "pkmntrainerkritz", "p2id": "laxativecement", "formatid": "gen9ou", "rating": 1603, "private": 0, "password": ""}