{"id": "gen9ou-1947654092", "p1": "Anima1418", "p2": "cheeto squid", "format": "gen9ou", "log": "|j|\u2606Anima1418\n|j|\u2606cheeto squid\n|t:|1695182532\n|gametype|singles\n|player|p1|Anima1418|102|1427\n|player|p2|cheeto squid|102|1482\n|teamsize|p1|6\n|teamsize|p2|6\n|gen|9\n|tier|[Gen 9] OU\n|rated|\n|rule|Sleep Clause Mod: Limit one foe put to sleep\n|rule|Species Clause: Limit one of each Pok\u00e9mon\n|rule|OHKO Clause: OHKO moves are banned\n|rule|Evasion Items Clause: Evasion items are banned\n|rule|Evasion Moves Clause: Evasion moves are banned\n|rule|Endless Battle Clause: Forcing endless battles is banned\n|rule|HP Percentage Mod: HP is shown in percentages\n|clearpoke\n|poke|p1|Roaring Moon|\n|poke|p1|Walking Wake|\n|poke|p1|Ninetales, F|\n|poke|p1|Munkidori, M|\n|poke|p1|Ogerpon-Hearthflame, F|\n|poke|p1|Great Tusk|\n|poke|p2|Weavile, F|\n|poke|p2|Kingambit, M|\n|poke|p2|Sneasler, F|\n|poke|p2|Ursaluna-Bloodmoon, M|\n|poke|p2|Dragapult, M|\n|poke|p2|Garchomp, F|\n|teampreview\n|inactive|Battle timer is ON: inactive players will automatically lose when time's up. (requested by Anima1418)\n|\n|t:|1695182550\n|start\n|switch|p1a: Munkidori|Munkidori, M|100/100\n|switch|p2a: Dragapult|Dragapult, M|100/100\n|turn|1\n|inactive|Anima1418 has 120 seconds left.\n|\n|t:|1695182585\n|move|p1a: Munkidori|U-turn|p2a: Dragapult\n|-resisted|p2a: Dragapult\n|-damage|p2a: Dragapult|93/100\n|\n|t:|1695182592\n|switch|p1a: Roaring Moon|Roaring Moon|100/100|[from] U-turn\n|move|p2a: Dragapult|Shadow Ball|p1a: Roaring Moon\n|-resisted|p1a: Roaring Moon\n|-damage|p1a: Roaring Moon|76/100\n|\n|upkeep\n|turn|2\n|inactive|Anima1418 has 120 seconds left.\n|\n|t:|1695182605\n|switch|p2a: Garchomp|Garchomp, F|100/100\n|-end|p1a: Roaring Moon|Protosynthesis|[silent]\n|switch|p1a: Munkidori|Munkidori, M|100/100\n|\n|upkeep\n|turn|3\n|\n|t:|1695182610\n|switch|p1a: Great Tusk|Great Tusk|100/100\n|move|p2a: Garchomp|Earthquake|p1a: Great Tusk\n|-damage|p1a: Great Tusk|70/100\n|-damage|p2a: Garchomp|91/100|[from] item: Life Orb\n|\n|-heal|p1a: Great Tusk|76/100|[from] item: Leftovers\n|upkeep\n|turn|4\n|\n|t:|1695182618\n|move|p2a: Garchomp|Spikes|p1a: Great Tusk\n|-sidestart|p1: Anima1418|Spikes\n|move|p1a: Great Tusk|Stealth Rock|p2a: Garchomp\n|-sidestart|p2: cheeto squid|move: Stealth Rock\n|\n|-heal|p1a: Great Tusk|82/100|[from] item: Leftovers\n|upkeep\n|turn|5\n|\n|t:|1695182624\n|move|p2a: Garchomp|Spikes|p1a: Great Tusk\n|-sidestart|p1: Anima1418|Spikes\n|move|p1a: Great Tusk|Ice Spinner|p2a: Garchomp\n|-supereffective|p2a: Garchomp\n|-damage|p2a: Garchomp|0 fnt\n|-damage|p1a: Great Tusk|70/100|[from] ability: Rough Skin|[of] p2a: Garchomp\n|faint|p2a: Garchomp\n|\n|-heal|p1a: Great Tusk|76/100|[from] item: Leftovers\n|upkeep\n|\n|t:|1695182636\n|switch|p2a: Boink|Sneasler, F|100/100\n|turn|6\n|\n|t:|1695182643\n|move|p2a: Boink|Fake Out|p1a: Great Tusk\n|-damage|p1a: Great Tusk|69/100\n|cant|p1a: Great Tusk|flinch\n|\n|-heal|p1a: Great Tusk|75/100|[from] item: Leftovers\n|upkeep\n|turn|7\n|\n|t:|1695182650\n|move|p2a: Boink|U-turn|p1a: Great Tusk\n|-resisted|p1a: Great Tusk\n|-damage|p1a: Great Tusk|69/100\n|\n|t:|1695182653\n|switch|p2a: Dragapult|Dragapult, M|93/100|[from] U-turn\n|-damage|p2a: Dragapult|81/100|[from] Stealth Rock\n|move|p1a: Great Tusk|Earthquake|p2a: Dragapult\n|-damage|p2a: Dragapult|21/100\n|\n|-heal|p1a: Great Tusk|75/100|[from] item: Leftovers\n|upkeep\n|turn|8\n|\n|t:|1695182661\n|-end|p1a: Great Tusk|Protosynthesis|[silent]\n|switch|p1a: Ninetales|Ninetales, F|100/100\n|-damage|p1a: Ninetales|84/100|[from] Spikes\n|-weather|SunnyDay|[from] ability: Drought|[of] p1a: Ninetales\n|move|p2a: Dragapult|Draco Meteor|p1a: Ninetales\n|-damage|p1a: Ninetales|5/100\n|-unboost|p2a: Dragapult|spa|2\n|\n|-weather|SunnyDay|[upkeep]\n|upkeep\n|turn|9\n|\n|t:|1695182665\n|move|p2a: Dragapult|Draco Meteor|p1a: Ninetales\n|-damage|p1a: Ninetales|0 fnt\n|-unboost|p2a: Dragapult|spa|2\n|faint|p1a: Ninetales\n|\n|-weather|SunnyDay|[upkeep]\n|upkeep\n|\n|t:|1695182683\n|switch|p1a: Great Tusk|Great Tusk|75/100\n|-damage|p1a: Great Tusk|59/100|[from] Spikes\n|-activate|p1a: Great Tusk|ability: Protosynthesis\n|-start|p1a: Great Tusk|protosynthesisdef\n|turn|10\n|\n|t:|1695182699\n|switch|p2a: Ursaluna|Ursaluna-Bloodmoon, M|100/100\n|-damage|p2a: Ursaluna|94/100|[from] Stealth Rock\n|move|p1a: Great Tusk|Earthquake|p2a: Ursaluna\n|-damage|p2a: Ursaluna|66/100\n|\n|-weather|SunnyDay|[upkeep]\n|-heal|p1a: Great Tusk|65/100|[from] item: Leftovers\n|-heal|p2a: Ursaluna|72/100|[from] item: Leftovers\n|upkeep\n|turn|11\n|\n|t:|1695182707\n|move|p1a: Great Tusk|Ice Spinner|p2a: Ursaluna\n|-supereffective|p2a: Ursaluna\n|-damage|p2a: Ursaluna|43/100\n|move|p2a: Ursaluna|Blood Moon|p1a: Great Tusk\n|-damage|p1a: Great Tusk|0 fnt\n|faint|p1a: Great Tusk\n|-end|p1a: Great Tusk|Protosynthesis|[silent]\n|\n|-weather|SunnyDay|[upkeep]\n|-heal|p2a: Ursaluna|49/100|[from] item: Leftovers\n|upkeep\n|\n|t:|1695182711\n|switch|p1a: Walking Wake|Walking Wake|100/100\n|-damage|p1a: Walking Wake|84/100|[from] Spikes\n|-activate|p1a: Walking Wake|ability: Protosynthesis\n|-start|p1a: Walking Wake|protosynthesisspe\n|turn|12\n|\n|t:|1695182724\n|move|p1a: Walking Wake|Hydro Steam|p2a: Ursaluna\n|-supereffective|p2a: Ursaluna\n|-damage|p2a: Ursaluna|0 fnt\n|faint|p2a: Ursaluna\n|-damage|p1a: Walking Wake|74/100|[from] item: Life Orb\n|\n|-weather|SunnyDay|[upkeep]\n|upkeep\n|\n|t:|1695182727\n|switch|p2a: Boink|Sneasler, F|100/100\n|turn|13\n|\n|t:|1695182732\n|move|p2a: Boink|Fake Out|p1a: Walking Wake\n|-damage|p1a: Walking Wake|57/100\n|-status|p1a: Walking Wake|psn|[from] ability: Poison Touch|[of] p2a: Boink\n|cant|p1a: Walking Wake|flinch\n|\n|-weather|SunnyDay|[upkeep]\n|-damage|p1a: Walking Wake|45/100 psn|[from] psn\n|upkeep\n|turn|14\n|\n|t:|1695182741\n|move|p1a: Walking Wake|Hydro Steam|p2a: Boink\n|-damage|p2a: Boink|0 fnt\n|faint|p2a: Boink\n|-damage|p1a: Walking Wake|35/100 psn|[from] item: Life Orb\n|\n|-weather|SunnyDay|[upkeep]\n|-damage|p1a: Walking Wake|23/100 psn|[from] psn\n|upkeep\n|\n|t:|1695182762\n|switch|p2a: Yoink|Weavile, F|100/100\n|-damage|p2a: Yoink|76/100|[from] Stealth Rock\n|-ability|p2a: Yoink|Pressure\n|turn|15\n|\n|t:|1695182766\n|move|p2a: Yoink|Ice Shard|p1a: Walking Wake\n|-damage|p1a: Walking Wake|0 fnt\n|faint|p1a: Walking Wake\n|-end|p1a: Walking Wake|Protosynthesis|[silent]\n|\n|-weather|none\n|upkeep\n|\n|t:|1695182771\n|switch|p1a: Munkidori|Munkidori, M|100/100\n|-damage|p1a: Munkidori|84/100|[from] Spikes\n|turn|16\n|\n|t:|1695182778\n|switch|p2a: Dragapult|Dragapult, M|21/100\n|-damage|p2a: Dragapult|9/100|[from] Stealth Rock\n|move|p1a: Munkidori|Focus Blast|p2a: Dragapult\n|-immune|p2a: Dragapult\n|\n|upkeep\n|turn|17\n|\n|t:|1695182785\n|move|p1a: Munkidori|Focus Blast|p2a: Dragapult\n|-immune|p2a: Dragapult\n|move|p2a: Dragapult|Draco Meteor|p1a: Munkidori\n|-damage|p1a: Munkidori|0 fnt\n|-unboost|p2a: Dragapult|spa|2\n|faint|p1a: Munkidori\n|\n|upkeep\n|\n|t:|1695182788\n|switch|p1a: Ogerpon|Ogerpon-Hearthflame, F|100/100\n|-damage|p1a: Ogerpon|84/100|[from] Spikes\n|-ability|p1a: Ogerpon|Mold Breaker\n|turn|18\n|\n|t:|1695182797\n|move|p2a: Dragapult|Draco Meteor|p1a: Ogerpon\n|-damage|p1a: Ogerpon|35/100\n|-unboost|p2a: Dragapult|spa|2\n|move|p1a: Ogerpon|Horn Leech|p2a: Dragapult\n|-resisted|p2a: Dragapult\n|-damage|p2a: Dragapult|0 fnt\n|-heal|p1a: Ogerpon|39/100|[from] drain|[of] p2a: Dragapult\n|faint|p2a: Dragapult\n|\n|upkeep\n|\n|t:|1695182811\n|switch|p2a: Kingambit|Kingambit, M|100/100\n|-damage|p2a: Kingambit|94/100|[from] Stealth Rock\n|-activate|p2a: Kingambit|ability: Supreme Overlord\n|-start|p2a: Kingambit|fallen4|[silent]\n|turn|19\n|\n|t:|1695182816\n|-terastallize|p1a: Ogerpon|Fire\n|detailschange|p1a: Ogerpon|Ogerpon-Hearthflame-Tera, F, tera:Fire\n|-ability|p1a: Ogerpon|Embody Aspect (Hearthflame)|boost\n|-boost|p1a: Ogerpon|atk|1\n|move|p2a: Kingambit|Sucker Punch|p1a: Ogerpon\n|-damage|p1a: Ogerpon|0 fnt\n|faint|p1a: Ogerpon\n|-damage|p2a: Kingambit|84/100|[from] item: Life Orb\n|\n|upkeep\n|\n|t:|1695182821\n|switch|p1a: Roaring Moon|Roaring Moon|76/100\n|-damage|p1a: Roaring Moon|59/100|[from] Spikes\n|turn|20\n|\n|t:|1695182827\n|-terastallize|p2a: Kingambit|Flying\n|move|p1a: Roaring Moon|Earthquake|p2a: Kingambit\n|-immune|p2a: Kingambit\n|move|p2a: Kingambit|Low Kick|p1a: Roaring Moon\n|-supereffective|p1a: Roaring Moon\n|-damage|p1a: Roaring Moon|0 fnt\n|faint|p1a: Roaring Moon\n|-end|p1a: Roaring Moon|Protosynthesis|[silent]\n|-damage|p2a: Kingambit|75/100|[from] item: Life Orb\n|\n|win|cheeto squid\n|raw|Anima1418's rating: 1427 &rarr; <strong>1410</strong><br />(-17 for losing)\n|raw|cheeto squid's rating: 1482 &rarr; <strong>1499</strong><br />(+17 for winning)\n", "uploadtime": 1695182841, "views": 5, "p1id": "anima1418", "p2id": "cheetosquid", "formatid": "gen9ou", "rating": 1410, "private": 0, "password": ""}