{"id": "gen9ou-1947581032", "p1": "godpartikle", "p2": "Juliuse", "format": "gen9ou", "log": "|j|\u2606godpartikle\n|j|\u2606Juliuse\n|t:|1695174627\n|gametype|singles\n|player|p1|godpartikle|roark|1454\n|player|p2|Juliuse|riley|1348\n|teamsize|p1|6\n|teamsize|p2|6\n|gen|9\n|tier|[Gen 9] OU\n|rated|\n|rule|Sleep Clause Mod: Limit one foe put to sleep\n|rule|Species Clause: Limit one of each Pok\u00e9mon\n|rule|OHKO Clause: OHKO moves are banned\n|rule|Evasion Items Clause: Evasion items are banned\n|rule|Evasion Moves Clause: Evasion moves are banned\n|rule|Endless Battle Clause: Forcing endless battles is banned\n|rule|HP Percentage Mod: HP is shown in percentages\n|clearpoke\n|poke|p1|Heatran, M|\n|poke|p1|Rillaboom, F|\n|poke|p1|Slowking, M|\n|poke|p1|Weezing-Galar, M|\n|poke|p1|Weavile, M|\n|poke|p1|Ursaluna-Bloodmoon, M|\n|poke|p2|Rillaboom, F|\n|poke|p2|Corviknight, F|\n|poke|p2|Dragapult, F|\n|poke|p2|Cinderace, M|\n|poke|p2|Gholdengo|\n|poke|p2|Iron Valiant|\n|teampreview\n|\n|t:|1695174634\n|start\n|switch|p1a: Slowking|Slowking, M|100/100\n|switch|p2a: Corviknight|Corviknight, F, shiny|100/100\n|turn|1\n|inactive|Battle timer is ON: inactive players will automatically lose when time's up. (requested by Juliuse)\n|\n|t:|1695174641\n|move|p2a: Corviknight|U-turn|p1a: Slowking\n|-supereffective|p1a: Slowking\n|-damage|p1a: Slowking|70/100\n|\n|t:|1695174652\n|switch|p2a: Cinderace|Cinderace, M|100/100|[from] U-turn\n|move|p1a: Slowking|Chilly Reception|p1a: Slowking\n|-weather|Snow\n|\n|t:|1695174668\n|switch|p1a: Ursaluna|Ursaluna-Bloodmoon, M|100/100|[from] Chilly Reception\n|\n|-weather|Snow|[upkeep]\n|upkeep\n|turn|2\n|\n|t:|1695174677\n|move|p2a: Cinderace|High Jump Kick|p1a: Ursaluna\n|-start|p2a: Cinderace|typechange|Fighting|[from] ability: Libero\n|-supereffective|p1a: Ursaluna\n|-damage|p1a: Ursaluna|34/100\n|move|p1a: Ursaluna|Blood Moon|p2a: Cinderace\n|-damage|p2a: Cinderace|5/100\n|\n|-weather|Snow|[upkeep]\n|-heal|p1a: Ursaluna|40/100|[from] item: Leftovers\n|upkeep\n|turn|3\n|\n|t:|1695174688\n|switch|p1a: Weezing|Weezing-Galar, M|100/100\n|move|p2a: Cinderace|High Jump Kick|p1a: Weezing\n|-resisted|p1a: Weezing\n|-damage|p1a: Weezing|90/100\n|\n|-weather|Snow|[upkeep]\n|-heal|p1a: Weezing|96/100|[from] item: Black Sludge\n|upkeep\n|turn|4\n|inactive|godpartikle has 120 seconds left.\n|\n|t:|1695174726\n|switch|p2a: Gholdengo|Gholdengo|100/100\n|move|p1a: Weezing|Will-O-Wisp|p2a: Gholdengo\n|-immune|p2a: Gholdengo|[from] ability: Good as Gold\n|\n|-weather|Snow|[upkeep]\n|-heal|p1a: Weezing|100/100|[from] item: Black Sludge\n|upkeep\n|turn|5\n|\n|t:|1695174738\n|switch|p1a: Heatran|Heatran, M|100/100\n|move|p2a: Gholdengo|Shadow Ball|p1a: Heatran\n|-damage|p1a: Heatran|77/100\n|\n|-weather|none\n|-heal|p1a: Heatran|83/100|[from] item: Leftovers\n|upkeep\n|turn|6\n|inactive|godpartikle has 120 seconds left.\n|\n|t:|1695174761\n|switch|p2a: Dragapult|Dragapult, F, shiny|100/100\n|move|p1a: Heatran|Magma Storm|p2a: Dragapult\n|-resisted|p2a: Dragapult\n|-damage|p2a: Dragapult|71/100\n|-activate|p2a: Dragapult|move: Magma Storm|[of] p1a: Heatran\n|\n|-heal|p1a: Heatran|89/100|[from] item: Leftovers\n|-damage|p2a: Dragapult|58/100|[from] move: Magma Storm|[partiallytrapped]\n|upkeep\n|turn|7\n|inactive|godpartikle has 120 seconds left.\n|\n|t:|1695174779\n|move|p2a: Dragapult|Surf|p1a: Heatran\n|-supereffective|p1a: Heatran\n|-damage|p1a: Heatran|39/100\n|move|p1a: Heatran|Taunt|p2a: Dragapult\n|-start|p2a: Dragapult|move: Taunt\n|\n|-heal|p1a: Heatran|45/100|[from] item: Leftovers\n|-damage|p2a: Dragapult|46/100|[from] move: Magma Storm|[partiallytrapped]\n|upkeep\n|turn|8\n|\n|t:|1695174791\n|switch|p2a: Gholdengo|Gholdengo|100/100\n|switch|p1a: Slowking|Slowking, M|100/100\n|\n|upkeep\n|turn|9\n|inactive|godpartikle has 120 seconds left.\n|\n|t:|1695174813\n|move|p2a: Gholdengo|Nasty Plot|p2a: Gholdengo\n|-boost|p2a: Gholdengo|spa|2\n|move|p1a: Slowking|Future Sight|p2a: Gholdengo\n|-start|p1a: Slowking|move: Future Sight\n|\n|upkeep\n|turn|10\n|\n|t:|1695174822\n|move|p2a: Gholdengo|Shadow Ball|p1a: Slowking\n|-supereffective|p1a: Slowking\n|-damage|p1a: Slowking|23/100\n|move|p1a: Slowking|Chilly Reception|p1a: Slowking\n|-weather|Snow\n|\n|t:|1695174836\n|switch|p1a: Heatran|Heatran, M|45/100|[from] Chilly Reception\n|\n|-weather|Snow|[upkeep]\n|-heal|p1a: Heatran|52/100|[from] item: Leftovers\n|upkeep\n|turn|11\n|\n|t:|1695174848\n|-terastallize|p2a: Gholdengo|Water\n|move|p2a: Gholdengo|Shadow Ball|p1a: Heatran\n|-damage|p1a: Heatran|10/100\n|move|p1a: Heatran|Magma Storm|p2a: Gholdengo\n|-resisted|p2a: Gholdengo\n|-damage|p2a: Gholdengo|86/100\n|-activate|p2a: Gholdengo|move: Magma Storm|[of] p1a: Heatran\n|\n|-weather|Snow|[upkeep]\n|-end|p2a: Gholdengo|move: Future Sight\n|-damage|p2a: Gholdengo|58/100\n|-heal|p2a: Gholdengo|64/100|[from] item: Leftovers\n|-heal|p1a: Heatran|16/100|[from] item: Leftovers\n|-damage|p2a: Gholdengo|52/100|[from] move: Magma Storm|[partiallytrapped]\n|upkeep\n|turn|12\n|inactive|godpartikle has 120 seconds left.\n|\n|t:|1695174864\n|move|p2a: Gholdengo|Recover|p2a: Gholdengo\n|-heal|p2a: Gholdengo|100/100\n|move|p1a: Heatran|Earth Power|p2a: Gholdengo\n|-damage|p2a: Gholdengo|84/100\n|\n|-weather|Snow|[upkeep]\n|-heal|p2a: Gholdengo|90/100|[from] item: Leftovers\n|-heal|p1a: Heatran|22/100|[from] item: Leftovers\n|-damage|p2a: Gholdengo|78/100|[from] move: Magma Storm|[partiallytrapped]\n|upkeep\n|turn|13\n|\n|t:|1695174882\n|move|p2a: Gholdengo|Shadow Ball|p1a: Heatran\n|-damage|p1a: Heatran|0 fnt\n|faint|p1a: Heatran\n|\n|-weather|Snow|[upkeep]\n|-heal|p2a: Gholdengo|84/100|[from] item: Leftovers\n|-end|p2a: Gholdengo|Magma Storm|[partiallytrapped]|[silent]\n|upkeep\n|\n|t:|1695174885\n|switch|p1a: Rillaboom|Rillaboom, F|100/100\n|-fieldstart|move: Grassy Terrain|[from] ability: Grassy Surge|[of] p1a: Rillaboom\n|turn|14\n|\n|t:|1695174894\n|switch|p2a: Corviknight|Corviknight, F, shiny|100/100\n|move|p1a: Rillaboom|Knock Off|p2a: Corviknight\n|-damage|p2a: Corviknight|67/100\n|-damage|p1a: Rillaboom|84/100|[from] item: Rocky Helmet|[of] p2a: Corviknight\n|-enditem|p2a: Corviknight|Rocky Helmet|[from] move: Knock Off|[of] p1a: Rillaboom\n|\n|-weather|none\n|-heal|p1a: Rillaboom|90/100|[from] Grassy Terrain\n|upkeep\n|turn|15\n|\n|t:|1695174907\n|switch|p1a: Slowking|Slowking, M|56/100\n|move|p2a: Corviknight|Roost|p2a: Corviknight\n|-heal|p2a: Corviknight|100/100\n|-singleturn|p2a: Corviknight|move: Roost\n|\n|-heal|p1a: Slowking|62/100|[from] Grassy Terrain\n|upkeep\n|turn|16\n|\n|t:|1695174918\n|move|p2a: Corviknight|U-turn|p1a: Slowking\n|-supereffective|p1a: Slowking\n|-damage|p1a: Slowking|33/100\n|\n|t:|1695174926\n|switch|p2a: Gholdengo|Gholdengo, tera:Water|84/100|[from] U-turn\n|move|p1a: Slowking|Chilly Reception|p1a: Slowking\n|-weather|Snow\n|inactive|godpartikle has 120 seconds left.\n|\n|t:|1695174955\n|switch|p1a: Rillaboom|Rillaboom, F|90/100|[from] Chilly Reception\n|\n|-weather|Snow|[upkeep]\n|-heal|p1a: Rillaboom|96/100|[from] Grassy Terrain\n|-heal|p2a: Gholdengo|90/100|[from] Grassy Terrain\n|-heal|p2a: Gholdengo|96/100|[from] item: Leftovers\n|upkeep\n|turn|17\n|inactive|godpartikle has 120 seconds left.\n|\n|t:|1695174965\n|switch|p2a: Corviknight|Corviknight, F, shiny|100/100\n|move|p1a: Rillaboom|Wood Hammer|p2a: Corviknight\n|-resisted|p2a: Corviknight\n|-damage|p2a: Corviknight|81/100\n|-damage|p1a: Rillaboom|89/100|[from] Recoil\n|\n|-weather|Snow|[upkeep]\n|-heal|p1a: Rillaboom|95/100|[from] Grassy Terrain\n|upkeep\n|turn|18\n|\n|t:|1695174976\n|switch|p1a: Ursaluna|Ursaluna-Bloodmoon, M|40/100\n|move|p2a: Corviknight|U-turn|p1a: Ursaluna\n|-damage|p1a: Ursaluna|32/100\n|\n|t:|1695174983\n|switch|p2a: Dragapult|Dragapult, F, shiny|46/100|[from] U-turn\n|\n|-weather|Snow|[upkeep]\n|-heal|p2a: Dragapult|52/100|[from] Grassy Terrain\n|-heal|p1a: Ursaluna|38/100|[from] Grassy Terrain\n|-heal|p1a: Ursaluna|44/100|[from] item: Leftovers\n|-fieldend|move: Grassy Terrain\n|upkeep\n|turn|19\n|\n|t:|1695174994\n|switch|p1a: Slowking|Slowking, M|66/100\n|move|p2a: Dragapult|Surf|p1a: Slowking\n|-resisted|p1a: Slowking\n|-damage|p1a: Slowking|54/100\n|\n|-weather|Snow|[upkeep]\n|upkeep\n|turn|20\n|\n|t:|1695175012\n|switch|p2a: Rillaboom|Rillaboom, F|100/100\n|-fieldstart|move: Grassy Terrain|[from] ability: Grassy Surge|[of] p2a: Rillaboom\n|move|p1a: Slowking|Chilly Reception|p1a: Slowking\n|\n|t:|1695175031\n|switch|p1a: Weezing|Weezing-Galar, M|100/100|[from] Chilly Reception\n|\n|-weather|none\n|upkeep\n|turn|21\n|\n|t:|1695175038\n|switch|p2a: Gholdengo|Gholdengo, tera:Water|96/100\n|move|p1a: Weezing|Sludge Bomb|p2a: Gholdengo\n|-damage|p2a: Gholdengo|78/100\n|\n|-heal|p2a: Gholdengo|84/100|[from] Grassy Terrain\n|-heal|p2a: Gholdengo|90/100|[from] item: Leftovers\n|upkeep\n|turn|22\n|\n|t:|1695175054\n|switch|p1a: Slowking|Slowking, M|88/100\n|move|p2a: Gholdengo|Make It Rain|p1a: Slowking\n|-resisted|p1a: Slowking\n|-damage|p1a: Slowking|72/100\n|-unboost|p2a: Gholdengo|spa|1\n|\n|-heal|p2a: Gholdengo|97/100|[from] Grassy Terrain\n|-heal|p2a: Gholdengo|100/100|[from] item: Leftovers\n|-heal|p1a: Slowking|78/100|[from] Grassy Terrain\n|upkeep\n|turn|23\n|\n|t:|1695175069\n|switch|p2a: Dragapult|Dragapult, F, shiny|52/100\n|move|p1a: Slowking|Future Sight|p2a: Dragapult\n|-start|p1a: Slowking|move: Future Sight\n|\n|-heal|p2a: Dragapult|58/100|[from] Grassy Terrain\n|-heal|p1a: Slowking|84/100|[from] Grassy Terrain\n|upkeep\n|turn|24\n|\n|t:|1695175083\n|move|p2a: Dragapult|Shadow Ball|p1a: Slowking\n|-supereffective|p1a: Slowking\n|-damage|p1a: Slowking|28/100\n|move|p1a: Slowking|Slack Off|p1a: Slowking\n|-heal|p1a: Slowking|78/100\n|\n|-heal|p2a: Dragapult|64/100|[from] Grassy Terrain\n|-heal|p1a: Slowking|84/100|[from] Grassy Terrain\n|-fieldend|move: Grassy Terrain\n|upkeep\n|turn|25\n|\n|t:|1695175094\n|switch|p2a: Gholdengo|Gholdengo, tera:Water|100/100\n|switch|p1a: Ursaluna|Ursaluna-Bloodmoon, M|44/100\n|\n|-end|p2a: Gholdengo|move: Future Sight\n|-damage|p2a: Gholdengo|73/100\n|-heal|p2a: Gholdengo|79/100|[from] item: Leftovers\n|-heal|p1a: Ursaluna|50/100|[from] item: Leftovers\n|upkeep\n|turn|26\n|\n|t:|1695175106\n|switch|p1a: Slowking|Slowking, M|100/100\n|move|p2a: Gholdengo|Make It Rain|p1a: Slowking\n|-resisted|p1a: Slowking\n|-damage|p1a: Slowking|86/100\n|-unboost|p2a: Gholdengo|spa|1\n|\n|-heal|p2a: Gholdengo|85/100|[from] item: Leftovers\n|upkeep\n|turn|27\n|\n|t:|1695175118\n|switch|p2a: Dragapult|Dragapult, F, shiny|64/100\n|move|p1a: Slowking|Future Sight|p2a: Dragapult\n|-start|p1a: Slowking|move: Future Sight\n|\n|upkeep\n|turn|28\n|\n|t:|1695175126\n|switch|p2a: Gholdengo|Gholdengo, tera:Water|85/100\n|move|p1a: Slowking|Chilly Reception|p1a: Slowking\n|-weather|Snow\n|\n|t:|1695175138\n|switch|p1a: Rillaboom|Rillaboom, F|95/100|[from] Chilly Reception\n|-fieldstart|move: Grassy Terrain|[from] ability: Grassy Surge|[of] p1a: Rillaboom\n|\n|-weather|Snow|[upkeep]\n|-heal|p1a: Rillaboom|100/100|[from] Grassy Terrain\n|-heal|p2a: Gholdengo|91/100|[from] Grassy Terrain\n|-heal|p2a: Gholdengo|97/100|[from] item: Leftovers\n|upkeep\n|turn|29\n|\n|t:|1695175151\n|switch|p2a: Corviknight|Corviknight, F, shiny|81/100\n|move|p1a: Rillaboom|U-turn|p2a: Corviknight\n|-resisted|p2a: Corviknight\n|-damage|p2a: Corviknight|75/100\n|inactive|godpartikle has 120 seconds left.\n|inactive|godpartikle has 90 seconds left.\n|\n|t:|1695175216\n|switch|p1a: Ursaluna|Ursaluna-Bloodmoon, M|50/100|[from] U-turn\n|\n|-weather|Snow|[upkeep]\n|-end|p2a: Corviknight|move: Future Sight\n|-resisted|p2a: Corviknight\n|-damage|p2a: Corviknight|55/100\n|-heal|p1a: Ursaluna|56/100|[from] Grassy Terrain\n|-heal|p1a: Ursaluna|62/100|[from] item: Leftovers\n|upkeep\n|turn|30\n|inactive|godpartikle has 90 seconds left.\n|\n|t:|1695175232\n|move|p2a: Corviknight|Body Press|p1a: Ursaluna\n|-supereffective|p1a: Ursaluna\n|-damage|p1a: Ursaluna|34/100\n|move|p1a: Ursaluna|Blood Moon|p2a: Corviknight\n|-resisted|p2a: Corviknight\n|-damage|p2a: Corviknight|26/100\n|\n|-weather|Snow|[upkeep]\n|-heal|p1a: Ursaluna|40/100|[from] Grassy Terrain\n|-heal|p1a: Ursaluna|46/100|[from] item: Leftovers\n|upkeep\n|turn|31\n|\n|t:|1695175244\n|move|p2a: Corviknight|Roost|p2a: Corviknight\n|-heal|p2a: Corviknight|76/100\n|-singleturn|p2a: Corviknight|move: Roost\n|move|p1a: Ursaluna|Moonlight|p1a: Ursaluna\n|-heal|p1a: Ursaluna|71/100\n|\n|-weather|Snow|[upkeep]\n|-heal|p2a: Corviknight|82/100|[from] Grassy Terrain\n|-heal|p1a: Ursaluna|77/100|[from] Grassy Terrain\n|-heal|p1a: Ursaluna|83/100|[from] item: Leftovers\n|upkeep\n|turn|32\n|\n|t:|1695175258\n|move|p2a: Corviknight|Body Press|p1a: Ursaluna\n|-supereffective|p1a: Ursaluna\n|-damage|p1a: Ursaluna|58/100\n|move|p1a: Ursaluna|Calm Mind|p1a: Ursaluna\n|-boost|p1a: Ursaluna|spa|1\n|-boost|p1a: Ursaluna|spd|1\n|\n|-weather|none\n|-heal|p1a: Ursaluna|64/100|[from] Grassy Terrain\n|-heal|p1a: Ursaluna|70/100|[from] item: Leftovers\n|-fieldend|move: Grassy Terrain\n|upkeep\n|turn|33\n|\n|t:|1695175276\n|move|p2a: Corviknight|Body Press|p1a: Ursaluna\n|-supereffective|p1a: Ursaluna\n|-crit|p1a: Ursaluna\n|-damage|p1a: Ursaluna|33/100\n|move|p1a: Ursaluna|Blood Moon|p2a: Corviknight\n|-resisted|p2a: Corviknight\n|-damage|p2a: Corviknight|33/100\n|\n|-heal|p1a: Ursaluna|39/100|[from] item: Leftovers\n|upkeep\n|turn|34\n|\n|t:|1695175289\n|move|p2a: Corviknight|Body Press|p1a: Ursaluna\n|-supereffective|p1a: Ursaluna\n|-damage|p1a: Ursaluna|14/100\n|move|p1a: Ursaluna|Moonlight|p1a: Ursaluna\n|-heal|p1a: Ursaluna|64/100\n|\n|-heal|p1a: Ursaluna|70/100|[from] item: Leftovers\n|upkeep\n|turn|35\n|\n|t:|1695175298\n|move|p2a: Corviknight|Roost|p2a: Corviknight\n|-heal|p2a: Corviknight|83/100\n|-singleturn|p2a: Corviknight|move: Roost\n|move|p1a: Ursaluna|Calm Mind|p1a: Ursaluna\n|-boost|p1a: Ursaluna|spa|1\n|-boost|p1a: Ursaluna|spd|1\n|\n|-heal|p1a: Ursaluna|76/100|[from] item: Leftovers\n|upkeep\n|turn|36\n|inactive|godpartikle has 120 seconds left.\n|\n|t:|1695175312\n|move|p2a: Corviknight|Body Press|p1a: Ursaluna\n|-supereffective|p1a: Ursaluna\n|-damage|p1a: Ursaluna|50/100\n|move|p1a: Ursaluna|Moonlight|p1a: Ursaluna\n|-heal|p1a: Ursaluna|99/100\n|\n|-heal|p1a: Ursaluna|100/100|[from] item: Leftovers\n|upkeep\n|turn|37\n|\n|t:|1695175322\n|move|p2a: Corviknight|Body Press|p1a: Ursaluna\n|-supereffective|p1a: Ursaluna\n|-damage|p1a: Ursaluna|72/100\n|move|p1a: Ursaluna|Calm Mind|p1a: Ursaluna\n|-boost|p1a: Ursaluna|spa|1\n|-boost|p1a: Ursaluna|spd|1\n|\n|-heal|p1a: Ursaluna|78/100|[from] item: Leftovers\n|upkeep\n|turn|38\n|\n|t:|1695175340\n|move|p2a: Corviknight|Body Press|p1a: Ursaluna\n|-supereffective|p1a: Ursaluna\n|-damage|p1a: Ursaluna|52/100\n|move|p1a: Ursaluna|Calm Mind|p1a: Ursaluna\n|-boost|p1a: Ursaluna|spa|1\n|-boost|p1a: Ursaluna|spd|1\n|\n|-heal|p1a: Ursaluna|58/100|[from] item: Leftovers\n|upkeep\n|turn|39\n|\n|t:|1695175350\n|switch|p2a: Rillaboom|Rillaboom, F|100/100\n|-fieldstart|move: Grassy Terrain|[from] ability: Grassy Surge|[of] p2a: Rillaboom\n|move|p1a: Ursaluna|Moonlight|p1a: Ursaluna\n|-heal|p1a: Ursaluna|100/100\n|\n|upkeep\n|turn|40\n|inactive|godpartikle has 120 seconds left.\n|\n|t:|1695175387\n|switch|p1a: Weezing|Weezing-Galar, M|100/100\n|move|p2a: Rillaboom|Wood Hammer|p1a: Weezing\n|-resisted|p1a: Weezing\n|-damage|p1a: Weezing|65/100\n|-damage|p2a: Rillaboom|89/100|[from] Recoil\n|\n|-heal|p2a: Rillaboom|95/100|[from] Grassy Terrain\n|-heal|p1a: Weezing|71/100|[from] item: Black Sludge\n|upkeep\n|turn|41\n|\n|t:|1695175399\n|switch|p2a: Corviknight|Corviknight, F, shiny|83/100\n|move|p1a: Weezing|Sludge Bomb|p2a: Corviknight\n|-immune|p2a: Corviknight\n|\n|-heal|p1a: Weezing|77/100|[from] item: Black Sludge\n|upkeep\n|turn|42\n|\n|t:|1695175408\n|move|p2a: Corviknight|U-turn|p1a: Weezing\n|-resisted|p1a: Weezing\n|-damage|p1a: Weezing|75/100\n|\n|t:|1695175416\n|switch|p2a: Gholdengo|Gholdengo, tera:Water|97/100|[from] U-turn\n|move|p1a: Weezing|Sludge Bomb|p2a: Gholdengo\n|-damage|p2a: Gholdengo|79/100\n|\n|-heal|p2a: Gholdengo|85/100|[from] Grassy Terrain\n|-heal|p2a: Gholdengo|91/100|[from] item: Leftovers\n|-heal|p1a: Weezing|81/100|[from] item: Black Sludge\n|upkeep\n|turn|43\n|\n|t:|1695175429\n|switch|p1a: Slowking|Slowking, M|100/100\n|move|p2a: Gholdengo|Shadow Ball|p1a: Slowking\n|-supereffective|p1a: Slowking\n|-damage|p1a: Slowking|59/100\n|-unboost|p1a: Slowking|spd|1\n|\n|-heal|p2a: Gholdengo|97/100|[from] Grassy Terrain\n|-heal|p2a: Gholdengo|100/100|[from] item: Leftovers\n|-heal|p1a: Slowking|65/100|[from] Grassy Terrain\n|-fieldend|move: Grassy Terrain\n|upkeep\n|turn|44\n|\n|t:|1695175442\n|switch|p1a: Rillaboom|Rillaboom, F|100/100\n|-fieldstart|move: Grassy Terrain|[from] ability: Grassy Surge|[of] p1a: Rillaboom\n|move|p2a: Gholdengo|Shadow Ball|p1a: Rillaboom\n|-damage|p1a: Rillaboom|54/100\n|\n|-heal|p1a: Rillaboom|60/100|[from] Grassy Terrain\n|upkeep\n|turn|45\n|\n|t:|1695175453\n|switch|p2a: Corviknight|Corviknight, F, shiny|83/100\n|move|p1a: Rillaboom|U-turn|p2a: Corviknight\n|-resisted|p2a: Corviknight\n|-damage|p2a: Corviknight|77/100\n|inactive|godpartikle has 120 seconds left.\n|\n|t:|1695175503\n|switch|p1a: Ursaluna|Ursaluna-Bloodmoon, M|100/100|[from] U-turn\n|\n|upkeep\n|turn|46\n|\n|t:|1695175514\n|switch|p2a: Rillaboom|Rillaboom, F|95/100\n|move|p1a: Ursaluna|Blood Moon|p2a: Rillaboom\n|-damage|p2a: Rillaboom|18/100\n|\n|-heal|p2a: Rillaboom|24/100|[from] Grassy Terrain\n|upkeep\n|turn|47\n|\n|t:|1695175522\n|switch|p1a: Weezing|Weezing-Galar, M|81/100\n|move|p2a: Rillaboom|Wood Hammer|p1a: Weezing\n|-resisted|p1a: Weezing\n|-damage|p1a: Weezing|45/100\n|-damage|p2a: Rillaboom|13/100|[from] Recoil\n|\n|-heal|p2a: Rillaboom|19/100|[from] Grassy Terrain\n|-heal|p1a: Weezing|51/100|[from] item: Black Sludge\n|upkeep\n|turn|48\n|inactive|godpartikle has 120 seconds left.\n|\n|t:|1695175535\n|switch|p2a: Gholdengo|Gholdengo, tera:Water|100/100\n|move|p1a: Weezing|Will-O-Wisp|p2a: Gholdengo\n|-immune|p2a: Gholdengo|[from] ability: Good as Gold\n|\n|-heal|p1a: Weezing|57/100|[from] item: Black Sludge\n|-fieldend|move: Grassy Terrain\n|upkeep\n|turn|49\n|\n|t:|1695175544\n|switch|p1a: Slowking|Slowking, M|99/100\n|move|p2a: Gholdengo|Nasty Plot|p2a: Gholdengo\n|-boost|p2a: Gholdengo|spa|2\n|\n|upkeep\n|turn|50\n|\n|t:|1695175553\n|switch|p1a: Weavile|Weavile, M|100/100\n|-ability|p1a: Weavile|Pressure\n|move|p2a: Gholdengo|Shadow Ball|p1a: Weavile\n|-resisted|p1a: Weavile\n|-damage|p1a: Weavile|49/100\n|\n|upkeep\n|turn|51\n|\n|t:|1695175561\n|move|p1a: Weavile|Knock Off|p2a: Gholdengo\n|-damage|p2a: Gholdengo|51/100\n|-enditem|p2a: Gholdengo|Leftovers|[from] move: Knock Off|[of] p1a: Weavile\n|move|p2a: Gholdengo|Make It Rain|p1a: Weavile\n|-supereffective|p1a: Weavile\n|-damage|p1a: Weavile|0 fnt\n|-unboost|p2a: Gholdengo|spa|1\n|faint|p1a: Weavile\n|\n|upkeep\n|\n|t:|1695175575\n|switch|p1a: Rillaboom|Rillaboom, F|60/100\n|-fieldstart|move: Grassy Terrain|[from] ability: Grassy Surge|[of] p1a: Rillaboom\n|turn|52\n|inactive|godpartikle has 120 seconds left.\n|\n|t:|1695175603\n|switch|p2a: Corviknight|Corviknight, F, shiny|77/100\n|move|p1a: Rillaboom|Grassy Glide|p2a: Corviknight\n|-resisted|p2a: Corviknight\n|-damage|p2a: Corviknight|69/100\n|\n|-heal|p1a: Rillaboom|66/100|[from] Grassy Terrain\n|upkeep\n|turn|53\n|\n|t:|1695175613\n|switch|p1a: Ursaluna|Ursaluna-Bloodmoon, M|100/100\n|move|p2a: Corviknight|Roost|p2a: Corviknight\n|-heal|p2a: Corviknight|100/100\n|-singleturn|p2a: Corviknight|move: Roost\n|\n|upkeep\n|turn|54\n|\n|t:|1695175627\n|move|p2a: Corviknight|Body Press|p1a: Ursaluna\n|-supereffective|p1a: Ursaluna\n|-damage|p1a: Ursaluna|75/100\n|move|p1a: Ursaluna|Calm Mind|p1a: Ursaluna\n|-boost|p1a: Ursaluna|spa|1\n|-boost|p1a: Ursaluna|spd|1\n|\n|-heal|p1a: Ursaluna|81/100|[from] Grassy Terrain\n|-heal|p1a: Ursaluna|87/100|[from] item: Leftovers\n|upkeep\n|turn|55\n|\n|t:|1695175639\n|move|p2a: Corviknight|Body Press|p1a: Ursaluna\n|-supereffective|p1a: Ursaluna\n|-damage|p1a: Ursaluna|60/100\n|move|p1a: Ursaluna|Blood Moon|p2a: Corviknight\n|-resisted|p2a: Corviknight\n|-damage|p2a: Corviknight|58/100\n|\n|-heal|p1a: Ursaluna|66/100|[from] Grassy Terrain\n|-heal|p1a: Ursaluna|72/100|[from] item: Leftovers\n|upkeep\n|turn|56\n|\n|t:|1695175649\n|move|p2a: Corviknight|Body Press|p1a: Ursaluna\n|-supereffective|p1a: Ursaluna\n|-damage|p1a: Ursaluna|47/100\n|move|p1a: Ursaluna|Earth Power|p2a: Corviknight\n|-immune|p2a: Corviknight\n|\n|-heal|p1a: Ursaluna|54/100|[from] Grassy Terrain\n|-heal|p1a: Ursaluna|60/100|[from] item: Leftovers\n|-fieldend|move: Grassy Terrain\n|upkeep\n|turn|57\n|\n|t:|1695175661\n|move|p2a: Corviknight|Body Press|p1a: Ursaluna\n|-supereffective|p1a: Ursaluna\n|-damage|p1a: Ursaluna|30/100\n|move|p1a: Ursaluna|Calm Mind|p1a: Ursaluna\n|-boost|p1a: Ursaluna|spa|1\n|-boost|p1a: Ursaluna|spd|1\n|\n|-heal|p1a: Ursaluna|36/100|[from] item: Leftovers\n|upkeep\n|turn|58\n|\n|t:|1695175671\n|switch|p2a: Cinderace|Cinderace, M|5/100\n|move|p1a: Ursaluna|Moonlight|p1a: Ursaluna\n|-heal|p1a: Ursaluna|86/100\n|\n|-heal|p1a: Ursaluna|92/100|[from] item: Leftovers\n|upkeep\n|turn|59\n|\n|t:|1695175694\n|-terastallize|p1a: Ursaluna|Fairy\n|move|p2a: Cinderace|High Jump Kick|p1a: Ursaluna\n|-start|p2a: Cinderace|typechange|Fighting|[from] ability: Libero\n|-resisted|p1a: Ursaluna\n|-damage|p1a: Ursaluna|76/100\n|move|p1a: Ursaluna|Calm Mind|p1a: Ursaluna\n|-boost|p1a: Ursaluna|spa|1\n|-boost|p1a: Ursaluna|spd|1\n|\n|-heal|p1a: Ursaluna|82/100|[from] item: Leftovers\n|upkeep\n|turn|60\n|inactive|Juliuse has 120 seconds left.\n|\n|t:|1695175740\n|switch|p2a: Gholdengo|Gholdengo, tera:Water|51/100\n|move|p1a: Ursaluna|Earth Power|p2a: Gholdengo\n|-damage|p2a: Gholdengo|0 fnt\n|faint|p2a: Gholdengo\n|\n|-heal|p1a: Ursaluna|88/100|[from] item: Leftovers\n|upkeep\n|\n|t:|1695175750\n|switch|p2a: Rillaboom|Rillaboom, F|19/100\n|-fieldstart|move: Grassy Terrain|[from] ability: Grassy Surge|[of] p2a: Rillaboom\n|turn|61\n|inactive|godpartikle has 120 seconds left.\n|\n|t:|1695175787\n|switch|p1a: Weezing|Weezing-Galar, M|57/100\n|move|p2a: Rillaboom|Wood Hammer|p1a: Weezing\n|-resisted|p1a: Weezing\n|-damage|p1a: Weezing|21/100\n|-damage|p2a: Rillaboom|7/100|[from] Recoil\n|\n|-heal|p2a: Rillaboom|13/100|[from] Grassy Terrain\n|-heal|p1a: Weezing|27/100|[from] item: Black Sludge\n|upkeep\n|turn|62\n|inactive|Juliuse has 120 seconds left.\n|inactive|Juliuse has 90 seconds left.\n|\n|t:|1695175839\n|switch|p2a: Dragapult|Dragapult, F, shiny|64/100\n|move|p1a: Weezing|Will-O-Wisp|p2a: Dragapult\n|-status|p2a: Dragapult|brn\n|\n|-heal|p2a: Dragapult|70/100 brn|[from] Grassy Terrain\n|-heal|p1a: Weezing|33/100|[from] item: Black Sludge\n|-damage|p2a: Dragapult|64/100 brn|[from] brn\n|upkeep\n|turn|63\n|inactive|godpartikle has 90 seconds left.\n|\n|t:|1695175895\n|switch|p1a: Slowking|Slowking, M|100/100\n|move|p2a: Dragapult|Shadow Ball|p1a: Slowking\n|-supereffective|p1a: Slowking\n|-damage|p1a: Slowking|41/100\n|\n|-heal|p2a: Dragapult|70/100 brn|[from] Grassy Terrain\n|-heal|p1a: Slowking|47/100|[from] Grassy Terrain\n|-damage|p2a: Dragapult|64/100 brn|[from] brn\n|upkeep\n|turn|64\n|\n|t:|1695175912\n|switch|p2a: Cinderace|Cinderace, M|5/100\n|switch|p1a: Ursaluna|Ursaluna-Bloodmoon, M, tera:Fairy|88/100\n|\n|-heal|p2a: Cinderace|11/100|[from] Grassy Terrain\n|-heal|p1a: Ursaluna|94/100|[from] Grassy Terrain\n|-heal|p1a: Ursaluna|99/100|[from] item: Leftovers\n|upkeep\n|turn|65\n|inactive|godpartikle has 60 seconds left.\n|\n|t:|1695175967\n|move|p2a: Cinderace|Pyro Ball|p1a: Ursaluna|[miss]\n|-miss|p2a: Cinderace|p1a: Ursaluna\n|move|p1a: Ursaluna|Earth Power|p2a: Cinderace\n|-supereffective|p2a: Cinderace\n|-damage|p2a: Cinderace|0 fnt\n|faint|p2a: Cinderace\n|\n|-heal|p1a: Ursaluna|100/100|[from] Grassy Terrain\n|-fieldend|move: Grassy Terrain\n|upkeep\n|\n|t:|1695175978\n|switch|p2a: Rillaboom|Rillaboom, F|13/100\n|-fieldstart|move: Grassy Terrain|[from] ability: Grassy Surge|[of] p2a: Rillaboom\n|turn|66\n|\n|t:|1695175994\n|switch|p1a: Weezing|Weezing-Galar, M|33/100\n|move|p2a: Rillaboom|Wood Hammer|p1a: Weezing\n|-resisted|p1a: Weezing\n|-damage|p1a: Weezing|3/100\n|-damage|p2a: Rillaboom|3/100|[from] Recoil\n|\n|-heal|p2a: Rillaboom|10/100|[from] Grassy Terrain\n|-heal|p1a: Weezing|9/100|[from] item: Black Sludge\n|upkeep\n|turn|67\n|inactive|godpartikle has 30 seconds left.\n|\n|t:|1695176011\n|move|p2a: Rillaboom|Grassy Glide|p1a: Weezing\n|-resisted|p1a: Weezing\n|-damage|p1a: Weezing|0 fnt\n|faint|p1a: Weezing\n|\n|-heal|p2a: Rillaboom|16/100|[from] Grassy Terrain\n|upkeep\n|\n|t:|1695176013\n|switch|p1a: Rillaboom|Rillaboom, F|66/100\n|turn|68\n|\n|t:|1695176021\n|switch|p2a: Corviknight|Corviknight, F, shiny|58/100\n|move|p1a: Rillaboom|U-turn|p2a: Corviknight\n|-resisted|p2a: Corviknight\n|-damage|p2a: Corviknight|53/100\n|\n|t:|1695176024\n|switch|p1a: Slowking|Slowking, M|80/100|[from] U-turn\n|\n|-heal|p1a: Slowking|87/100|[from] Grassy Terrain\n|upkeep\n|turn|69\n|\n|t:|1695176033\n|move|p2a: Corviknight|Roost|p2a: Corviknight\n|-heal|p2a: Corviknight|100/100\n|-singleturn|p2a: Corviknight|move: Roost\n|move|p1a: Slowking|Scald|p2a: Corviknight\n|-damage|p2a: Corviknight|75/100\n|\n|-heal|p2a: Corviknight|81/100|[from] Grassy Terrain\n|-heal|p1a: Slowking|93/100|[from] Grassy Terrain\n|upkeep\n|turn|70\n|\n|t:|1695176045\n|switch|p2a: Dragapult|Dragapult, F, shiny|64/100 brn\n|move|p1a: Slowking|Scald|p2a: Dragapult\n|-resisted|p2a: Dragapult\n|-damage|p2a: Dragapult|45/100 brn\n|\n|-heal|p2a: Dragapult|51/100 brn|[from] Grassy Terrain\n|-heal|p1a: Slowking|99/100|[from] Grassy Terrain\n|-damage|p2a: Dragapult|45/100 brn|[from] brn\n|-fieldend|move: Grassy Terrain\n|upkeep\n|turn|71\n|inactive|godpartikle has 60 seconds left.\n|\n|t:|1695176082\n|move|p2a: Dragapult|Shadow Ball|p1a: Slowking\n|-supereffective|p1a: Slowking\n|-crit|p1a: Slowking\n|-damage|p1a: Slowking|0 fnt\n|faint|p1a: Slowking\n|\n|-damage|p2a: Dragapult|39/100 brn|[from] brn\n|upkeep\n|\n|t:|1695176087\n|switch|p1a: Ursaluna|Ursaluna-Bloodmoon, M, tera:Fairy|100/100\n|turn|72\n|\n|t:|1695176096\n|move|p2a: Dragapult|Shadow Ball|p1a: Ursaluna\n|-damage|p1a: Ursaluna|41/100\n|move|p1a: Ursaluna|Calm Mind|p1a: Ursaluna\n|-boost|p1a: Ursaluna|spa|1\n|-boost|p1a: Ursaluna|spd|1\n|\n|-heal|p1a: Ursaluna|47/100|[from] item: Leftovers\n|-damage|p2a: Dragapult|33/100 brn|[from] brn\n|upkeep\n|turn|73\n|-message|godpartikle forfeited.\n|\n|win|Juliuse\n|raw|godpartikle's rating: 1454 &rarr; <strong>1428</strong><br />(-26 for losing)\n|raw|Juliuse's rating: 1348 &rarr; <strong>1374</strong><br />(+26 for winning)\n|l|\u2606godpartikle\n", "uploadtime": 1695176176, "views": 6, "p1id": "godpartikle", "p2id": "juliuse", "formatid": "gen9ou", "rating": 1374, "private": 0, "password": ""}