{"id": "gen9ou-1947687608", "p1": "AraAraBlasted", "p2": "keykiko", "format": "gen9ou", "log": "|j|\u203dAraAraBlasted\n|j|\u2606keykiko\n|t:|1695187169\n|gametype|singles\n|player|p1|AraAraBlasted|169|1358\n|player|p2|keykiko|lillie|1334\n|teamsize|p1|6\n|teamsize|p2|6\n|gen|9\n|tier|[Gen 9] OU\n|rated|\n|rule|Sleep Clause Mod: Limit one foe put to sleep\n|rule|Species Clause: Limit one of each Pok\u00e9mon\n|rule|OHKO Clause: OHKO moves are banned\n|rule|Evasion Items Clause: Evasion items are banned\n|rule|Evasion Moves Clause: Evasion moves are banned\n|rule|Endless Battle Clause: Forcing endless battles is banned\n|rule|HP Percentage Mod: HP is shown in percentages\n|clearpoke\n|poke|p1|Landorus-Therian, M|\n|poke|p1|Greninja-*, M|\n|poke|p1|Clodsire, F|\n|poke|p1|Ogerpon-Hearthflame, F|\n|poke|p1|Cinderace, F|\n|poke|p1|Iron Moth|\n|poke|p2|Rotom-Wash|\n|poke|p2|Roaring Moon|\n|poke|p2|Dragapult, F|\n|poke|p2|Torterra, M|\n|poke|p2|Hatterene, F|\n|poke|p2|Great Tusk|\n|teampreview\n|inactive|Battle timer is ON: inactive players will automatically lose when time's up. (requested by AraAraBlasted)\n|\n|t:|1695187207\n|start\n|switch|p1a: Iron Moth|Iron Moth|100/100\n|switch|p2a: \u9f99\u821e\u8b66\u544a|Dragapult, F|100/100\n|-enditem|p1a: Iron Moth|Booster Energy\n|-activate|p1a: Iron Moth|ability: Quark Drive|[fromitem]\n|-start|p1a: Iron Moth|quarkdrivespe\n|turn|1\n|\n|t:|1695187217\n|move|p1a: Iron Moth|Substitute|p1a: Iron Moth\n|-start|p1a: Iron Moth|Substitute\n|-damage|p1a: Iron Moth|76/100\n|move|p2a: \u9f99\u821e\u8b66\u544a|U-turn|p1a: Iron Moth\n|-resisted|p1a: Iron Moth\n|-damage|p1a: Iron Moth|70/100\n|\n|t:|1695187232\n|switch|p2a: \u6076\u9b54\u4eba\u53e4\u4ee3\u6a21\u677f|Roaring Moon|100/100|[from] U-turn\n|-enditem|p2a: \u6076\u9b54\u4eba\u53e4\u4ee3\u6a21\u677f|Booster Energy\n|-activate|p2a: \u6076\u9b54\u4eba\u53e4\u4ee3\u6a21\u677f|ability: Protosynthesis|[fromitem]\n|-start|p2a: \u6076\u9b54\u4eba\u53e4\u4ee3\u6a21\u677f|protosynthesisspe\n|\n|upkeep\n|turn|2\n|\n|t:|1695187244\n|move|p2a: \u6076\u9b54\u4eba\u53e4\u4ee3\u6a21\u677f|Crunch|p1a: Iron Moth\n|-end|p1a: Iron Moth|Substitute\n|move|p1a: Iron Moth|Fiery Dance|p2a: \u6076\u9b54\u4eba\u53e4\u4ee3\u6a21\u677f\n|-resisted|p2a: \u6076\u9b54\u4eba\u53e4\u4ee3\u6a21\u677f\n|-damage|p2a: \u6076\u9b54\u4eba\u53e4\u4ee3\u6a21\u677f|80/100\n|\n|upkeep\n|turn|3\n|\n|t:|1695187252\n|move|p2a: \u6076\u9b54\u4eba\u53e4\u4ee3\u6a21\u677f|Dragon Dance|p2a: \u6076\u9b54\u4eba\u53e4\u4ee3\u6a21\u677f\n|-boost|p2a: \u6076\u9b54\u4eba\u53e4\u4ee3\u6a21\u677f|atk|1\n|-boost|p2a: \u6076\u9b54\u4eba\u53e4\u4ee3\u6a21\u677f|spe|1\n|move|p1a: Iron Moth|Substitute|p1a: Iron Moth\n|-start|p1a: Iron Moth|Substitute\n|-damage|p1a: Iron Moth|45/100\n|\n|upkeep\n|turn|4\n|\n|t:|1695187260\n|move|p2a: \u6076\u9b54\u4eba\u53e4\u4ee3\u6a21\u677f|Crunch|p1a: Iron Moth\n|-end|p1a: Iron Moth|Substitute\n|move|p1a: Iron Moth|Sludge Wave|p2a: \u6076\u9b54\u4eba\u53e4\u4ee3\u6a21\u677f\n|-damage|p2a: \u6076\u9b54\u4eba\u53e4\u4ee3\u6a21\u677f|36/100\n|\n|upkeep\n|turn|5\n|\n|t:|1695187274\n|-end|p1a: Iron Moth|Quark Drive|[silent]\n|switch|p1a: Landorus|Landorus-Therian, M|100/100\n|-ability|p1a: Landorus|Intimidate|boost\n|-unboost|p2a: \u6076\u9b54\u4eba\u53e4\u4ee3\u6a21\u677f|atk|1\n|move|p2a: \u6076\u9b54\u4eba\u53e4\u4ee3\u6a21\u677f|Crunch|p1a: Landorus\n|-damage|p1a: Landorus|70/100\n|-unboost|p1a: Landorus|def|1\n|-damage|p2a: \u6076\u9b54\u4eba\u53e4\u4ee3\u6a21\u677f|19/100|[from] item: Rocky Helmet|[of] p1a: Landorus\n|\n|upkeep\n|turn|6\n|\n|t:|1695187296\n|move|p2a: \u6076\u9b54\u4eba\u53e4\u4ee3\u6a21\u677f|Outrage|p1a: Landorus\n|-damage|p1a: Landorus|0 fnt\n|-damage|p2a: \u6076\u9b54\u4eba\u53e4\u4ee3\u6a21\u677f|3/100|[from] item: Rocky Helmet|[of] p1a: Landorus\n|faint|p1a: Landorus\n|\n|upkeep\n|\n|t:|1695187300\n|switch|p1a: Greninja|Greninja, M|100/100\n|turn|7\n|\n|t:|1695187304\n|move|p2a: \u6076\u9b54\u4eba\u53e4\u4ee3\u6a21\u677f|Outrage|p1a: Greninja|[from]lockedmove\n|-damage|p1a: Greninja|2/100\n|-start|p2a: \u6076\u9b54\u4eba\u53e4\u4ee3\u6a21\u677f|confusion|[fatigue]\n|move|p1a: Greninja|Dark Pulse|p2a: \u6076\u9b54\u4eba\u53e4\u4ee3\u6a21\u677f\n|-resisted|p2a: \u6076\u9b54\u4eba\u53e4\u4ee3\u6a21\u677f\n|-damage|p2a: \u6076\u9b54\u4eba\u53e4\u4ee3\u6a21\u677f|0 fnt\n|faint|p2a: \u6076\u9b54\u4eba\u53e4\u4ee3\u6a21\u677f\n|-end|p2a: \u6076\u9b54\u4eba\u53e4\u4ee3\u6a21\u677f|Protosynthesis|[silent]\n|-ability|p1a: Greninja|Battle Bond|boost\n|-boost|p1a: Greninja|atk|1\n|-boost|p1a: Greninja|spa|1\n|-boost|p1a: Greninja|spe|1\n|-activate|p1a: Greninja|ability: Battle Bond\n|-damage|p1a: Greninja|0 fnt|[from] item: Life Orb\n|faint|p1a: Greninja\n|\n|upkeep\n|\n|t:|1695187316\n|switch|p1a: Clodsire|Clodsire, F|100/100\n|switch|p2a: \u6c83\u53bb\u6015\u58f3|Torterra, M|100/100\n|turn|8\n|\n|t:|1695187323\n|move|p2a: \u6c83\u53bb\u6015\u58f3|Shell Smash|p2a: \u6c83\u53bb\u6015\u58f3\n|-unboost|p2a: \u6c83\u53bb\u6015\u58f3|def|1\n|-unboost|p2a: \u6c83\u53bb\u6015\u58f3|spd|1\n|-boost|p2a: \u6c83\u53bb\u6015\u58f3|atk|2\n|-boost|p2a: \u6c83\u53bb\u6015\u58f3|spa|2\n|-boost|p2a: \u6c83\u53bb\u6015\u58f3|spe|2\n|-enditem|p2a: \u6c83\u53bb\u6015\u58f3|White Herb\n|-clearnegativeboost|p2a: \u6c83\u53bb\u6015\u58f3|[silent]\n|move|p1a: Clodsire|Toxic|p2a: \u6c83\u53bb\u6015\u58f3\n|-status|p2a: \u6c83\u53bb\u6015\u58f3|tox\n|\n|-damage|p2a: \u6c83\u53bb\u6015\u58f3|94/100 tox|[from] psn\n|upkeep\n|turn|9\n|\n|t:|1695187332\n|move|p2a: \u6c83\u53bb\u6015\u58f3|Earthquake|p1a: Clodsire\n|-supereffective|p1a: Clodsire\n|-damage|p1a: Clodsire|0 fnt\n|faint|p1a: Clodsire\n|\n|-damage|p2a: \u6c83\u53bb\u6015\u58f3|82/100 tox|[from] psn\n|upkeep\n|\n|t:|1695187340\n|switch|p1a: Ogerpon|Ogerpon-Hearthflame, F|100/100\n|-ability|p1a: Ogerpon|Mold Breaker\n|turn|10\n|\n|t:|1695187345\n|-terastallize|p2a: \u6c83\u53bb\u6015\u58f3|Rock\n|move|p2a: \u6c83\u53bb\u6015\u58f3|Rock Slide|p1a: Ogerpon\n|-supereffective|p1a: Ogerpon\n|-damage|p1a: Ogerpon|0 fnt\n|faint|p1a: Ogerpon\n|\n|-damage|p2a: \u6c83\u53bb\u6015\u58f3|64/100 tox|[from] psn\n|upkeep\n|\n|t:|1695187353\n|switch|p1a: Iron Moth|Iron Moth|45/100\n|turn|11\n|\n|t:|1695187362\n|-terastallize|p1a: Iron Moth|Grass\n|move|p2a: \u6c83\u53bb\u6015\u58f3|Earthquake|p1a: Iron Moth\n|-resisted|p1a: Iron Moth\n|-damage|p1a: Iron Moth|0 fnt\n|faint|p1a: Iron Moth\n|-end|p1a: Iron Moth|Quark Drive|[silent]\n|\n|-damage|p2a: \u6c83\u53bb\u6015\u58f3|40/100 tox|[from] psn\n|upkeep\n|-message|AraAraBlasted forfeited.\n|\n|win|keykiko\n|raw|AraAraBlasted's rating: 1358 &rarr; <strong>1337</strong><br />(-21 for losing)\n|raw|keykiko's rating: 1334 &rarr; <strong>1355</strong><br />(+21 for winning)\n|l|\u203dAraAraBlasted\n", "uploadtime": 1695187372, "views": 6, "p1id": "araarablasted", "p2id": "keykiko", "formatid": "gen9ou", "rating": 1337, "private": 0, "password": ""}