{"id": "gen9ou-1947625898", "p1": "Skreemull", "p2": "HenrytheCharizard", "format": "gen9ou", "log": "|j|\u2606Skreemull\n|j|\u2606HenrytheCharizard\n|t:|1695179259\n|gametype|singles\n|player|p1|Skreemull|biker-gen4|1135\n|player|p2|HenrytheCharizard|102|1128\n|teamsize|p1|6\n|teamsize|p2|6\n|gen|9\n|tier|[Gen 9] OU\n|rated|\n|rule|Sleep Clause Mod: Limit one foe put to sleep\n|rule|Species Clause: Limit one of each Pok\u00e9mon\n|rule|OHKO Clause: OHKO moves are banned\n|rule|Evasion Items Clause: Evasion items are banned\n|rule|Evasion Moves Clause: Evasion moves are banned\n|rule|Endless Battle Clause: Forcing endless battles is banned\n|rule|HP Percentage Mod: HP is shown in percentages\n|clearpoke\n|poke|p1|Glimmora, F|\n|poke|p1|Breloom, M|\n|poke|p1|Skeledirge, M|\n|poke|p1|Orthworm, M|\n|poke|p1|Kingambit, M|\n|poke|p1|Blissey, F|\n|poke|p2|Samurott-Hisui, F|\n|poke|p2|Chandelure, F|\n|poke|p2|Empoleon, M|\n|poke|p2|Crawdaunt, F|\n|poke|p2|Sinistcha-Masterpiece|\n|poke|p2|Lurantis, M|\n|teampreview\n|inactive|Battle timer is ON: inactive players will automatically lose when time's up. (requested by Skreemull)\n|\n|t:|1695179289\n|start\n|switch|p1a: Breloom|Breloom, M|100/100\n|switch|p2a: Lurantis|Lurantis, M|100/100\n|turn|1\n|\n|t:|1695179297\n|move|p1a: Breloom|Swords Dance|p1a: Breloom\n|-boost|p1a: Breloom|atk|2\n|move|p2a: Lurantis|Superpower|p1a: Breloom\n|-damage|p1a: Breloom|51/100\n|-boost|p2a: Lurantis|atk|1\n|-boost|p2a: Lurantis|def|1\n|\n|upkeep\n|turn|2\n|\n|t:|1695179307\n|move|p1a: Breloom|Bullet Seed|p2a: Lurantis\n|-resisted|p2a: Lurantis\n|-damage|p2a: Lurantis|86/100\n|-resisted|p2a: Lurantis\n|-damage|p2a: Lurantis|71/100\n|-resisted|p2a: Lurantis\n|-damage|p2a: Lurantis|57/100\n|-resisted|p2a: Lurantis\n|-damage|p2a: Lurantis|43/100\n|-resisted|p2a: Lurantis\n|-damage|p2a: Lurantis|28/100\n|-hitcount|p2a: Lurantis|5\n|move|p2a: Lurantis|Knock Off|p1a: Breloom\n|-resisted|p1a: Breloom\n|-damage|p1a: Breloom|20/100\n|-enditem|p1a: Breloom|Loaded Dice|[from] move: Knock Off|[of] p2a: Lurantis\n|\n|upkeep\n|turn|3\n|\n|t:|1695179321\n|switch|p2a: Sinistcha|Sinistcha-Masterpiece|100/100\n|move|p1a: Breloom|Bullet Seed|p2a: Sinistcha\n|-resisted|p2a: Sinistcha\n|-damage|p2a: Sinistcha|80/100\n|-resisted|p2a: Sinistcha\n|-damage|p2a: Sinistcha|61/100\n|-resisted|p2a: Sinistcha\n|-damage|p2a: Sinistcha|39/100\n|-resisted|p2a: Sinistcha\n|-damage|p2a: Sinistcha|19/100\n|-hitcount|p2a: Sinistcha|4\n|\n|-heal|p2a: Sinistcha|25/100|[from] item: Leftovers\n|upkeep\n|turn|4\n|\n|t:|1695179333\n|move|p1a: Breloom|Mach Punch|p2a: Sinistcha\n|-immune|p2a: Sinistcha\n|move|p2a: Sinistcha|Trick Room|p2a: Sinistcha\n|-fieldstart|move: Trick Room|[of] p2a: Sinistcha\n|\n|-heal|p2a: Sinistcha|31/100|[from] item: Leftovers\n|upkeep\n|turn|5\n|inactive|HenrytheCharizard has 120 seconds left.\n|\n|t:|1695179366\n|move|p2a: Sinistcha|Memento|p1a: Breloom\n|-unboost|p1a: Breloom|atk|2\n|-unboost|p1a: Breloom|spa|2\n|faint|p2a: Sinistcha\n|move|p1a: Breloom|Bullet Seed|p2: Sinistcha|[notarget]\n|-fail|p1a: Breloom\n|\n|upkeep\n|inactive|HenrytheCharizard has 120 seconds left.\n|\n|t:|1695179384\n|switch|p2a: Chandelure|Chandelure, F|100/100\n|turn|6\n|\n|t:|1695179393\n|move|p2a: Chandelure|Fire Blast|p1a: Breloom|[miss]\n|-miss|p2a: Chandelure|p1a: Breloom\n|move|p1a: Breloom|Leech Seed|p2a: Chandelure\n|-start|p2a: Chandelure|move: Leech Seed\n|\n|-damage|p2a: Chandelure|88/100|[from] Leech Seed|[of] p1a: Breloom\n|-heal|p1a: Breloom|33/100|[silent]\n|upkeep\n|turn|7\n|\n|t:|1695179400\n|move|p2a: Chandelure|Shadow Ball|p1a: Breloom\n|-damage|p1a: Breloom|0 fnt\n|faint|p1a: Breloom\n|\n|upkeep\n|\n|t:|1695179408\n|switch|p1a: Orthworm|Orthworm, M, shiny|100/100\n|turn|8\n|\n|t:|1695179420\n|-terastallize|p1a: Orthworm|Ground\n|move|p2a: Chandelure|Fire Blast|p1a: Orthworm\n|-damage|p1a: Orthworm|0 fnt\n|faint|p1a: Orthworm\n|\n|-fieldend|move: Trick Room\n|upkeep\n|\n|t:|1695179433\n|switch|p1a: Glimmora|Glimmora, F|100/100\n|turn|9\n|\n|t:|1695179442\n|move|p1a: Glimmora|Earth Power|p2a: Chandelure\n|-supereffective|p2a: Chandelure\n|-damage|p2a: Chandelure|24/100\n|-unboost|p2a: Chandelure|spd|1\n|-enditem|p2a: Chandelure|Weakness Policy\n|-boost|p2a: Chandelure|atk|2|[from] item: Weakness Policy\n|-boost|p2a: Chandelure|spa|2|[from] item: Weakness Policy\n|move|p2a: Chandelure|Shadow Ball|p1a: Glimmora\n|-damage|p1a: Glimmora|34/100\n|\n|-damage|p2a: Chandelure|11/100|[from] Leech Seed|[of] p1a: Glimmora\n|-heal|p1a: Glimmora|45/100|[silent]\n|upkeep\n|turn|10\n|\n|t:|1695179466\n|move|p1a: Glimmora|Earth Power|p2a: Chandelure\n|-supereffective|p2a: Chandelure\n|-damage|p2a: Chandelure|0 fnt\n|faint|p2a: Chandelure\n|\n|upkeep\n|\n|t:|1695179479\n|switch|p2a: Crawdaunt|Crawdaunt, F|100/100\n|turn|11\n|\n|t:|1695179486\n|-terastallize|p2a: Crawdaunt|Water\n|move|p2a: Crawdaunt|Aqua Jet|p1a: Glimmora\n|-supereffective|p1a: Glimmora\n|-damage|p1a: Glimmora|0 fnt\n|-activate|p1a: Glimmora|ability: Toxic Debris\n|-sidestart|p2: HenrytheCharizard|move: Toxic Spikes\n|faint|p1a: Glimmora\n|\n|upkeep\n|\n|t:|1695179496\n|switch|p1a: Kingambit|Kingambit, M, shiny|100/100\n|-activate|p1a: Kingambit|ability: Supreme Overlord\n|-start|p1a: Kingambit|fallen3|[silent]\n|turn|12\n|\n|t:|1695179503\n|move|p2a: Crawdaunt|Crabhammer|p1a: Kingambit|[miss]\n|-miss|p2a: Crawdaunt|p1a: Kingambit\n|move|p1a: Kingambit|Kowtow Cleave|p2a: Crawdaunt\n|-damage|p2a: Crawdaunt|29/100\n|\n|upkeep\n|turn|13\n|\n|t:|1695179514\n|switch|p2a: Samurott|Samurott-Hisui, F|100/100\n|-status|p2a: Samurott|psn\n|move|p1a: Kingambit|Sucker Punch||[still]\n|-fail|p1a: Kingambit\n|\n|-damage|p2a: Samurott|88/100 psn|[from] psn\n|upkeep\n|turn|14\n|\n|t:|1695179523\n|move|p2a: Samurott|Encore|p1a: Kingambit\n|-start|p1a: Kingambit|Encore\n|move|p1a: Kingambit|Sucker Punch||[still]\n|-fail|p1a: Kingambit\n|\n|-damage|p2a: Samurott|75/100 psn|[from] psn\n|upkeep\n|turn|15\n|\n|t:|1695179530\n|switch|p2a: Lurantis|Lurantis, M|28/100\n|-status|p2a: Lurantis|psn\n|move|p1a: Kingambit|Sucker Punch||[still]\n|-fail|p1a: Kingambit\n|\n|-damage|p2a: Lurantis|15/100 psn|[from] psn\n|upkeep\n|turn|16\n|\n|t:|1695179537\n|move|p1a: Kingambit|Sucker Punch||[still]\n|-fail|p1a: Kingambit\n|move|p2a: Lurantis|Rest|p2a: Lurantis\n|-status|p2a: Lurantis|slp|[from] move: Rest\n|-heal|p2a: Lurantis|100/100 slp|[silent]\n|-enditem|p2a: Lurantis|Chesto Berry|[eat]\n|-curestatus|p2a: Lurantis|slp|[msg]\n|\n|-end|p1a: Kingambit|Encore\n|upkeep\n|turn|17\n|\n|t:|1695179550\n|move|p1a: Kingambit|Kowtow Cleave|p2a: Lurantis\n|-damage|p2a: Lurantis|24/100\n|move|p2a: Lurantis|Superpower|p1a: Kingambit\n|-supereffective|p1a: Kingambit\n|-enditem|p1a: Kingambit|Focus Sash\n|-damage|p1a: Kingambit|1/100\n|-boost|p2a: Lurantis|atk|1\n|-boost|p2a: Lurantis|def|1\n|\n|upkeep\n|turn|18\n|\n|t:|1695179566\n|move|p1a: Kingambit|Kowtow Cleave|p2a: Lurantis\n|-damage|p2a: Lurantis|0 fnt\n|faint|p2a: Lurantis\n|\n|upkeep\n|\n|t:|1695179573\n|switch|p2a: Samurott|Samurott-Hisui, F|75/100 psn\n|turn|19\n|\n|t:|1695179576\n|move|p2a: Samurott|Aqua Jet|p1a: Kingambit\n|-damage|p1a: Kingambit|0 fnt\n|faint|p1a: Kingambit\n|-end|p1a: Kingambit|fallen3|[silent]\n|\n|-damage|p2a: Samurott|63/100 psn|[from] psn\n|upkeep\n|\n|t:|1695179582\n|switch|p1a: Skeledirge|Skeledirge, M|100/100\n|turn|20\n|\n|t:|1695179592\n|move|p2a: Samurott|Ceaseless Edge|p1a: Skeledirge\n|-supereffective|p1a: Skeledirge\n|-damage|p1a: Skeledirge|58/100\n|-sidestart|p1: Skreemull|Spikes\n|move|p1a: Skeledirge|Shadow Ball|p2a: Samurott\n|-resisted|p2a: Samurott\n|-damage|p2a: Samurott|45/100 psn\n|\n|-damage|p2a: Samurott|32/100 psn|[from] psn\n|upkeep\n|turn|21\n|\n|t:|1695179606\n|move|p2a: Samurott|Ceaseless Edge|p1a: Skeledirge\n|-supereffective|p1a: Skeledirge\n|-damage|p1a: Skeledirge|17/100\n|-sidestart|p1: Skreemull|Spikes\n|-enditem|p1a: Skeledirge|Salac Berry|[eat]\n|-boost|p1a: Skeledirge|spe|1|[from] item: Salac Berry\n|move|p1a: Skeledirge|Will-O-Wisp||[still]\n|-fail|p1a: Skeledirge\n|\n|-damage|p2a: Samurott|20/100 psn|[from] psn\n|upkeep\n|turn|22\n|\n|t:|1695179614\n|move|p1a: Skeledirge|Slack Off|p1a: Skeledirge\n|-heal|p1a: Skeledirge|67/100\n|move|p2a: Samurott|Ceaseless Edge|p1a: Skeledirge|[miss]\n|-miss|p2a: Samurott|p1a: Skeledirge\n|\n|-damage|p2a: Samurott|7/100 psn|[from] psn\n|upkeep\n|turn|23\n|\n|t:|1695179622\n|move|p1a: Skeledirge|Slack Off|p1a: Skeledirge\n|-heal|p1a: Skeledirge|100/100\n|move|p2a: Samurott|Taunt|p1a: Skeledirge\n|-start|p1a: Skeledirge|move: Taunt\n|\n|-damage|p2a: Samurott|0 fnt|[from] psn\n|faint|p2a: Samurott\n|upkeep\n|\n|t:|1695179627\n|switch|p2a: Empoleon|Empoleon, M|100/100\n|turn|24\n|\n|t:|1695179631\n|move|p1a: Skeledirge|Shadow Ball|p2a: Empoleon\n|-damage|p2a: Empoleon|75/100\n|-unboost|p2a: Empoleon|spd|1\n|-ability|p2a: Empoleon|Competitive|boost\n|-boost|p2a: Empoleon|spa|2\n|move|p2a: Empoleon|Hydro Pump|p1a: Skeledirge\n|-supereffective|p1a: Skeledirge\n|-damage|p1a: Skeledirge|0 fnt\n|faint|p1a: Skeledirge\n|\n|upkeep\n|\n|t:|1695179640\n|switch|p1a: Blissey|Blissey, F, shiny|100/100\n|-damage|p1a: Blissey|84/100|[from] Spikes\n|turn|25\n|\n|t:|1695179644\n|move|p1a: Blissey|Light Screen|p1a: Blissey\n|-sidestart|p1: Skreemull|move: Light Screen\n|move|p2a: Empoleon|Hydro Pump|p1a: Blissey\n|-damage|p1a: Blissey|62/100\n|\n|-heal|p1a: Blissey|68/100|[from] item: Leftovers\n|upkeep\n|turn|26\n|\n|t:|1695179650\n|move|p1a: Blissey|Seismic Toss|p2a: Empoleon\n|-damage|p2a: Empoleon|48/100\n|move|p2a: Empoleon|Hydro Pump|p1a: Blissey\n|-damage|p1a: Blissey|43/100\n|\n|-heal|p1a: Blissey|49/100|[from] item: Leftovers\n|upkeep\n|turn|27\n|\n|t:|1695179657\n|move|p1a: Blissey|Soft-Boiled|p1a: Blissey\n|-heal|p1a: Blissey|99/100\n|move|p2a: Empoleon|Hydro Pump|p1a: Blissey\n|-damage|p1a: Blissey|76/100\n|\n|-heal|p1a: Blissey|82/100|[from] item: Leftovers\n|upkeep\n|turn|28\n|\n|t:|1695179664\n|move|p1a: Blissey|Seismic Toss|p2a: Empoleon\n|-damage|p2a: Empoleon|21/100\n|move|p2a: Empoleon|Hydro Pump|p1a: Blissey\n|-crit|p1a: Blissey\n|-damage|p1a: Blissey|6/100\n|\n|-heal|p1a: Blissey|12/100|[from] item: Leftovers\n|upkeep\n|turn|29\n|\n|t:|1695179675\n|switch|p2a: Crawdaunt|Crawdaunt, F, tera:Water|29/100\n|-status|p2a: Crawdaunt|psn\n|move|p1a: Blissey|Soft-Boiled|p1a: Blissey\n|-heal|p1a: Blissey|62/100\n|\n|-heal|p1a: Blissey|68/100|[from] item: Leftovers\n|-damage|p2a: Crawdaunt|17/100 psn|[from] psn\n|-sideend|p1: Skreemull|move: Light Screen\n|upkeep\n|turn|30\n|\n|t:|1695179684\n|move|p2a: Crawdaunt|Aqua Jet|p1a: Blissey\n|-damage|p1a: Blissey|6/100\n|move|p1a: Blissey|Soft-Boiled|p1a: Blissey\n|-heal|p1a: Blissey|56/100\n|\n|-heal|p1a: Blissey|62/100|[from] item: Leftovers\n|-damage|p2a: Crawdaunt|4/100 psn|[from] psn\n|upkeep\n|turn|31\n|\n|t:|1695179692\n|move|p2a: Crawdaunt|Aqua Jet|p1a: Blissey\n|-damage|p1a: Blissey|1/100\n|move|p1a: Blissey|Soft-Boiled|p1a: Blissey\n|-heal|p1a: Blissey|51/100\n|\n|-heal|p1a: Blissey|57/100|[from] item: Leftovers\n|-damage|p2a: Crawdaunt|0 fnt|[from] psn\n|faint|p2a: Crawdaunt\n|upkeep\n|c|\u2606HenrytheCharizard|gg\n|\n|t:|1695179695\n|switch|p2a: Empoleon|Empoleon, M|21/100\n|turn|32\n|c|\u2606Skreemull|gg\n|c|\u2606Skreemull|so close\n|\n|t:|1695179704\n|move|p2a: Empoleon|Vacuum Wave|p1a: Blissey\n|-supereffective|p1a: Blissey\n|-damage|p1a: Blissey|45/100\n|move|p1a: Blissey|Soft-Boiled|p1a: Blissey\n|-heal|p1a: Blissey|95/100\n|\n|-heal|p1a: Blissey|100/100|[from] item: Leftovers\n|upkeep\n|turn|33\n|-message|HenrytheCharizard forfeited.\n|\n|win|Skreemull\n|raw|Skreemull's rating: 1135 &rarr; <strong>1159</strong><br />(+24 for winning)\n|raw|HenrytheCharizard's rating: 1128 &rarr; <strong>1104</strong><br />(-24 for losing)\n|l|\u2606HenrytheCharizard\n", "uploadtime": 1695179728, "views": 5, "p1id": "skreemull", "p2id": "henrythecharizard", "formatid": "gen9ou", "rating": 1104, "private": 0, "password": ""}