{"id": "gen9ou-1947563001", "p1": "Face Funky", "p2": "BOX CRUSHER", "format": "gen9ou", "log": "|j|\u2606Face Funky\n|j|\u2606BOX CRUSHER\n|t:|1695172876\n|gametype|singles\n|player|p1|Face Funky|red|\n|player|p2|BOX CRUSHER|ruinmaniac|\n|teamsize|p1|6\n|teamsize|p2|6\n|gen|9\n|tier|[Gen 9] OU\n|rule|Sleep Clause Mod: Limit one foe put to sleep\n|rule|Species Clause: Limit one of each Pok\u00e9mon\n|rule|OHKO Clause: OHKO moves are banned\n|rule|Evasion Items Clause: Evasion items are banned\n|rule|Evasion Moves Clause: Evasion moves are banned\n|rule|Endless Battle Clause: Forcing endless battles is banned\n|rule|HP Percentage Mod: HP is shown in percentages\n|clearpoke\n|poke|p1|Infernape, M|\n|poke|p1|Gliscor, M|\n|poke|p1|Dondozo, M|\n|poke|p1|Zapdos|\n|poke|p1|Kingambit, M|\n|poke|p1|Great Tusk|\n|poke|p2|Scizor, M|\n|poke|p2|Dachsbun, F|\n|poke|p2|Muk-Alola, F|\n|poke|p2|Garchomp, M|\n|poke|p2|Cryogonal|\n|poke|p2|Corviknight, F|\n|teampreview\n|\n|t:|1695172927\n|start\n|switch|p1a: Great Tusk|Great Tusk|100/100\n|switch|p2a: Cryptocurrency|Cryogonal|100/100\n|turn|1\n|inactive|Battle timer is ON: inactive players will automatically lose when time's up. (requested by BOX CRUSHER)\n|\n|t:|1695172950\n|switch|p2a: BLUE PILL CHAD|Garchomp, M|100/100\n|move|p1a: Great Tusk|Stealth Rock|p2a: BLUE PILL CHAD\n|-sidestart|p2: BOX CRUSHER|move: Stealth Rock\n|\n|upkeep\n|turn|2\n|\n|t:|1695172970\n|move|p2a: BLUE PILL CHAD|Stealth Rock|p1a: Great Tusk\n|-sidestart|p1: Face Funky|move: Stealth Rock\n|move|p1a: Great Tusk|Knock Off|p2a: BLUE PILL CHAD\n|-damage|p2a: BLUE PILL CHAD|67/100\n|-damage|p1a: Great Tusk|88/100|[from] ability: Rough Skin|[of] p2a: BLUE PILL CHAD\n|-enditem|p2a: BLUE PILL CHAD|Life Orb|[from] move: Knock Off|[of] p1a: Great Tusk\n|\n|-heal|p1a: Great Tusk|94/100|[from] item: Leftovers\n|upkeep\n|turn|3\n|\n|t:|1695172980\n|move|p2a: BLUE PILL CHAD|Earthquake|p1a: Great Tusk\n|-damage|p1a: Great Tusk|59/100\n|move|p1a: Great Tusk|Stealth Rock||[still]\n|-fail|p1a: Great Tusk\n|\n|-heal|p1a: Great Tusk|65/100|[from] item: Leftovers\n|upkeep\n|turn|4\n|\n|t:|1695172985\n|move|p2a: BLUE PILL CHAD|Earthquake|p1a: Great Tusk\n|-damage|p1a: Great Tusk|27/100\n|move|p1a: Great Tusk|Rapid Spin|p2a: BLUE PILL CHAD\n|-damage|p2a: BLUE PILL CHAD|50/100\n|-boost|p1a: Great Tusk|spe|1\n|-damage|p1a: Great Tusk|14/100|[from] ability: Rough Skin|[of] p2a: BLUE PILL CHAD\n|-sideend|p1: Face Funky|Stealth Rock|[from] move: Rapid Spin|[of] p1a: Great Tusk\n|\n|-heal|p1a: Great Tusk|20/100|[from] item: Leftovers\n|upkeep\n|turn|5\n|\n|t:|1695172998\n|move|p1a: Great Tusk|Earthquake|p2a: BLUE PILL CHAD\n|-damage|p2a: BLUE PILL CHAD|0 fnt\n|faint|p2a: BLUE PILL CHAD\n|\n|-heal|p1a: Great Tusk|27/100|[from] item: Leftovers\n|upkeep\n|\n|t:|1695173007\n|switch|p2a: Digimon|Dachsbun, F|100/100\n|-damage|p2a: Digimon|88/100|[from] Stealth Rock\n|turn|6\n|\n|t:|1695173013\n|move|p1a: Great Tusk|Earthquake|p2a: Digimon\n|-damage|p2a: Digimon|52/100\n|move|p2a: Digimon|Wish|p2a: Digimon\n|\n|-heal|p1a: Great Tusk|33/100|[from] item: Leftovers\n|upkeep\n|turn|7\n|\n|t:|1695173019\n|-end|p1a: Great Tusk|Protosynthesis|[silent]\n|switch|p1a: Kingambit|Kingambit, M|100/100\n|move|p2a: Digimon|Body Press|p1a: Kingambit\n|-supereffective|p1a: Kingambit\n|-damage|p1a: Kingambit|25/100\n|\n|-heal|p2a: Digimon|100/100|[from] move: Wish|[wisher] Digimon\n|-heal|p1a: Kingambit|31/100|[from] item: Leftovers\n|upkeep\n|turn|8\n|inactive|Face Funky has 270 seconds left.\n|\n|t:|1695173064\n|move|p2a: Digimon|Body Press|p1a: Kingambit\n|-supereffective|p1a: Kingambit\n|-damage|p1a: Kingambit|0 fnt\n|faint|p1a: Kingambit\n|-end|p1a: Kingambit|fallenundefined|[silent]\n|\n|upkeep\n|\n|t:|1695173067\n|switch|p1a: Zapdos|Zapdos|100/100\n|turn|9\n|\n|t:|1695173077\n|switch|p2a: REDDIT GOD|Muk-Alola, F|100/100\n|-damage|p2a: REDDIT GOD|88/100|[from] Stealth Rock\n|move|p1a: Zapdos|Thunderbolt|p2a: REDDIT GOD\n|-damage|p2a: REDDIT GOD|63/100\n|\n|upkeep\n|turn|10\n|\n|t:|1695173088\n|move|p1a: Zapdos|Volt Switch|p2a: REDDIT GOD\n|-damage|p2a: REDDIT GOD|43/100\n|\n|t:|1695173092\n|switch|p1a: Great Tusk|Great Tusk|33/100|[from] Volt Switch\n|move|p2a: REDDIT GOD|Knock Off|p1a: Great Tusk\n|-resisted|p1a: Great Tusk\n|-damage|p1a: Great Tusk|15/100\n|-enditem|p1a: Great Tusk|Leftovers|[from] move: Knock Off|[of] p2a: REDDIT GOD\n|\n|upkeep\n|turn|11\n|inactive|BOX CRUSHER has 270 seconds left.\n|inactive|BOX CRUSHER has 240 seconds left.\n|\n|t:|1695173171\n|-terastallize|p2a: REDDIT GOD|Bug\n|move|p1a: Great Tusk|Earthquake|p2a: REDDIT GOD\n|-resisted|p2a: REDDIT GOD\n|-damage|p2a: REDDIT GOD|15/100\n|move|p2a: REDDIT GOD|Drain Punch|p1a: Great Tusk\n|-damage|p1a: Great Tusk|0 fnt\n|-heal|p2a: REDDIT GOD|21/100|[from] drain|[of] p1a: Great Tusk\n|faint|p1a: Great Tusk\n|-end|p1a: Great Tusk|Protosynthesis|[silent]\n|\n|upkeep\n|\n|t:|1695173176\n|switch|p1a: Gliscor|Gliscor, M, shiny|100/100\n|turn|12\n|\n|t:|1695173182\n|move|p1a: Gliscor|Dual Wingbeat|p2a: REDDIT GOD\n|-supereffective|p2a: REDDIT GOD\n|-damage|p2a: REDDIT GOD|0 fnt\n|faint|p2a: REDDIT GOD\n|-hitcount|p2: REDDIT GOD|1\n|\n|-status|p1a: Gliscor|tox|[from] item: Toxic Orb\n|upkeep\n|\n|t:|1695173188\n|switch|p2a: Cryptocurrency|Cryogonal|100/100\n|turn|13\n|inactive|BOX CRUSHER has 240 seconds left.\n|inactive|Face Funky has 270 seconds left.\n|\n|t:|1695173221\n|switch|p1a: Dondozo|Dondozo, M|100/100\n|move|p2a: Cryptocurrency|Rapid Spin|p1a: Dondozo\n|-damage|p1a: Dondozo|98/100\n|-boost|p2a: Cryptocurrency|spe|1\n|-sideend|p2: BOX CRUSHER|Stealth Rock|[from] move: Rapid Spin|[of] p2a: Cryptocurrency\n|\n|-heal|p1a: Dondozo|100/100|[from] item: Leftovers\n|upkeep\n|turn|14\n|inactive|BOX CRUSHER has 240 seconds left.\n|\n|t:|1695173234\n|move|p2a: Cryptocurrency|Freeze-Dry|p1a: Dondozo\n|-supereffective|p1a: Dondozo\n|-damage|p1a: Dondozo|42/100\n|move|p1a: Dondozo|Body Press|p2a: Cryptocurrency\n|-supereffective|p2a: Cryptocurrency\n|-damage|p2a: Cryptocurrency|0 fnt\n|faint|p2a: Cryptocurrency\n|\n|-heal|p1a: Dondozo|48/100|[from] item: Leftovers\n|upkeep\n|inactive|BOX CRUSHER has 240 seconds left.\n|\n|t:|1695173247\n|switch|p2a: IRS|Corviknight, F|100/100\n|-ability|p2a: IRS|Pressure\n|turn|15\n|\n|t:|1695173250\n|switch|p1a: Zapdos|Zapdos|100/100\n|move|p2a: IRS|Spite||[still]\n|-fail|p2a: IRS\n|\n|upkeep\n|turn|16\n|\n|t:|1695173257\n|switch|p2a: '09 weezy|Scizor, M|100/100\n|move|p1a: Zapdos|Thunderbolt|p2a: '09 weezy\n|-damage|p2a: '09 weezy|48/100\n|\n|upkeep\n|turn|17\n|\n|t:|1695173260\n|move|p2a: '09 weezy|Bullet Punch|p1a: Zapdos\n|-resisted|p1a: Zapdos\n|-damage|p1a: Zapdos|70/100\n|move|p1a: Zapdos|Thunderbolt|p2a: '09 weezy\n|-crit|p2a: '09 weezy\n|-damage|p2a: '09 weezy|0 fnt\n|faint|p2a: '09 weezy\n|\n|upkeep\n|\n|t:|1695173264\n|switch|p2a: Digimon|Dachsbun, F|100/100\n|turn|18\n|\n|t:|1695173268\n|move|p1a: Zapdos|Volt Switch|p2a: Digimon\n|-damage|p2a: Digimon|55/100\n|\n|t:|1695173271\n|switch|p1a: Gliscor|Gliscor, M, shiny|100/100 tox|[from] Volt Switch\n|move|p2a: Digimon|Wish|p2a: Digimon\n|\n|upkeep\n|turn|19\n|\n|t:|1695173290\n|move|p1a: Gliscor|Knock Off|p2a: Digimon\n|-resisted|p2a: Digimon\n|-damage|p2a: Digimon|45/100\n|-damage|p1a: Gliscor|84/100 tox|[from] item: Rocky Helmet|[of] p2a: Digimon\n|-enditem|p2a: Digimon|Rocky Helmet|[from] move: Knock Off|[of] p1a: Gliscor\n|move|p2a: Digimon|Body Press|p1a: Gliscor\n|-resisted|p1a: Gliscor\n|-damage|p1a: Gliscor|71/100 tox\n|\n|-heal|p2a: Digimon|95/100|[from] move: Wish|[wisher] Digimon\n|-heal|p1a: Gliscor|83/100 tox|[from] ability: Poison Heal\n|upkeep\n|turn|20\n|\n|t:|1695173298\n|move|p1a: Gliscor|Earthquake|p2a: Digimon\n|-crit|p2a: Digimon\n|-damage|p2a: Digimon|54/100\n|move|p2a: Digimon|Wish|p2a: Digimon\n|\n|-heal|p1a: Gliscor|96/100 tox|[from] ability: Poison Heal\n|upkeep\n|turn|21\n|\n|t:|1695173304\n|switch|p2a: IRS|Corviknight, F|100/100\n|-ability|p2a: IRS|Pressure\n|move|p1a: Gliscor|Swords Dance|p1a: Gliscor\n|-boost|p1a: Gliscor|atk|2\n|\n|-heal|p1a: Gliscor|100/100 tox|[from] ability: Poison Heal\n|upkeep\n|turn|22\n|\n|t:|1695173308\n|move|p1a: Gliscor|Knock Off|p2a: IRS\n|-damage|p2a: IRS|55/100\n|-enditem|p2a: IRS|Leftovers|[from] move: Knock Off|[of] p1a: Gliscor\n|move|p2a: IRS|Bulk Up|p2a: IRS\n|-boost|p2a: IRS|atk|1\n|-boost|p2a: IRS|def|1\n|\n|upkeep\n|turn|23\n|\n|t:|1695173312\n|move|p1a: Gliscor|Swords Dance|p1a: Gliscor\n|-boost|p1a: Gliscor|atk|2\n|move|p2a: IRS|Bulk Up|p2a: IRS\n|-boost|p2a: IRS|atk|1\n|-boost|p2a: IRS|def|1\n|\n|upkeep\n|turn|24\n|\n|t:|1695173315\n|move|p1a: Gliscor|Swords Dance|p1a: Gliscor\n|-boost|p1a: Gliscor|atk|2\n|move|p2a: IRS|Roost|p2a: IRS\n|-heal|p2a: IRS|100/100\n|-singleturn|p2a: IRS|move: Roost\n|\n|upkeep\n|turn|25\n|\n|t:|1695173318\n|move|p1a: Gliscor|Knock Off|p2a: IRS\n|-damage|p2a: IRS|71/100\n|move|p2a: IRS|Bulk Up|p2a: IRS\n|-boost|p2a: IRS|atk|1\n|-boost|p2a: IRS|def|1\n|\n|upkeep\n|turn|26\n|\n|t:|1695173322\n|move|p1a: Gliscor|Knock Off|p2a: IRS\n|-crit|p2a: IRS\n|-damage|p2a: IRS|0 fnt\n|faint|p2a: IRS\n|\n|upkeep\n|inactive|BOX CRUSHER has 270 seconds left.\n|\n|t:|1695173361\n|switch|p2a: Digimon|Dachsbun, F|54/100\n|turn|27\n|inactive|Face Funky has 270 seconds left.\n|\n|t:|1695173394\n|move|p1a: Gliscor|Dual Wingbeat|p2a: Digimon\n|-damage|p2a: Digimon|6/100\n|-damage|p2a: Digimon|0 fnt\n|faint|p2a: Digimon\n|-hitcount|p2: Digimon|2\n|\n|win|Face Funky\n", "uploadtime": 1695173424, "views": 2, "p1id": "facefunky", "p2id": "boxcrusher", "formatid": "gen9ou", "rating": 0, "private": 0, "password": ""}