{"id": "gen9ou-1947641828", "p1": "SolkerTEST", "p2": "georgiethefirst", "format": "gen9ou", "log": "|j|\u2606SolkerTEST\n|j|\u2606georgiethefirst\n|t:|1695181032\n|gametype|singles\n|player|p1|SolkerTEST|hero-conquest|1551\n|player|p2|georgiethefirst|hiker-gen2|1595\n|teamsize|p1|6\n|teamsize|p2|6\n|gen|9\n|tier|[Gen 9] OU\n|rated|\n|rule|Sleep Clause Mod: Limit one foe put to sleep\n|rule|Species Clause: Limit one of each Pok\u00e9mon\n|rule|OHKO Clause: OHKO moves are banned\n|rule|Evasion Items Clause: Evasion items are banned\n|rule|Evasion Moves Clause: Evasion moves are banned\n|rule|Endless Battle Clause: Forcing endless battles is banned\n|rule|HP Percentage Mod: HP is shown in percentages\n|clearpoke\n|poke|p1|Torkoal, F|\n|poke|p1|Walking Wake|\n|poke|p1|Kingambit, F|\n|poke|p1|Chandelure, F|\n|poke|p1|Great Tusk|\n|poke|p1|Ogerpon-Hearthflame, F|\n|poke|p2|Ogerpon-Wellspring, F|\n|poke|p2|Cresselia, F|\n|poke|p2|Great Tusk|\n|poke|p2|Gliscor, M|\n|poke|p2|Garganacl, M|\n|poke|p2|Gholdengo|\n|teampreview\n|inactive|Battle timer is ON: inactive players will automatically lose when time's up. (requested by SolkerTEST)\n|j| mathismathin\n|j| Optical real\n|\n|t:|1695181057\n|start\n|switch|p1a: Ogerpon|Ogerpon-Hearthflame, F|100/100\n|switch|p2a: Ogerpon|Ogerpon-Wellspring, F|100/100\n|-ability|p1a: Ogerpon|Mold Breaker\n|turn|1\n|\n|t:|1695181068\n|switch|p1a: Torkoal|Torkoal, F|100/100\n|-weather|SunnyDay|[from] ability: Drought|[of] p1a: Torkoal\n|move|p2a: Ogerpon|Ivy Cudgel|p1a: Torkoal\n|-supereffective|p1a: Torkoal\n|-damage|p1a: Torkoal|69/100\n|\n|-weather|SunnyDay|[upkeep]\n|upkeep\n|turn|2\n|\n|t:|1695181077\n|switch|p1a: Walking Wake|Walking Wake|100/100\n|-activate|p1a: Walking Wake|ability: Protosynthesis\n|-start|p1a: Walking Wake|protosynthesisspe\n|move|p2a: Ogerpon|Substitute|p2a: Ogerpon\n|-start|p2a: Ogerpon|Substitute\n|-damage|p2a: Ogerpon|76/100\n|\n|-weather|SunnyDay|[upkeep]\n|upkeep\n|turn|3\n|\n|t:|1695181087\n|move|p1a: Walking Wake|Dragon Pulse|p2a: Ogerpon\n|-end|p2a: Ogerpon|Substitute\n|move|p2a: Ogerpon|Horn Leech|p1a: Walking Wake\n|-damage|p1a: Walking Wake|55/100\n|-heal|p2a: Ogerpon|100/100|[from] drain|[of] p1a: Walking Wake\n|\n|-weather|SunnyDay|[upkeep]\n|upkeep\n|turn|4\n|\n|t:|1695181095\n|switch|p2a: Gholdengo|Gholdengo|100/100\n|-item|p2a: Gholdengo|Air Balloon\n|move|p1a: Walking Wake|Dragon Pulse|p2a: Gholdengo\n|-resisted|p2a: Gholdengo\n|-damage|p2a: Gholdengo|68/100\n|-enditem|p2a: Gholdengo|Air Balloon\n|\n|-weather|SunnyDay|[upkeep]\n|upkeep\n|turn|5\n|\n|t:|1695181110\n|-end|p1a: Walking Wake|Protosynthesis|[silent]\n|switch|p1a: Great Tusk|Great Tusk, shiny|100/100\n|-activate|p1a: Great Tusk|ability: Protosynthesis\n|-start|p1a: Great Tusk|protosynthesisatk\n|switch|p2a: Gliscor|Gliscor, M|100/100\n|\n|-weather|SunnyDay|[upkeep]\n|-status|p2a: Gliscor|tox|[from] item: Toxic Orb\n|upkeep\n|turn|6\n|\n|t:|1695181134\n|move|p2a: Gliscor|Protect|p2a: Gliscor\n|-singleturn|p2a: Gliscor|Protect\n|move|p1a: Great Tusk|Ice Spinner|p2a: Gliscor\n|-activate|p2a: Gliscor|move: Protect\n|\n|-weather|SunnyDay|[upkeep]\n|upkeep\n|turn|7\n|\n|t:|1695181144\n|switch|p2a: Cresselia|Cresselia, F, shiny|100/100\n|move|p1a: Great Tusk|Headlong Rush|p2a: Cresselia\n|-immune|p2a: Cresselia|[from] ability: Levitate\n|\n|-weather|SunnyDay|[upkeep]\n|upkeep\n|turn|8\n|\n|t:|1695181152\n|-end|p1a: Great Tusk|Protosynthesis|[silent]\n|switch|p1a: Kingambit|Kingambit, F|100/100\n|move|p2a: Cresselia|Calm Mind|p2a: Cresselia\n|-boost|p2a: Cresselia|spa|1\n|-boost|p2a: Cresselia|spd|1\n|\n|-weather|none\n|upkeep\n|turn|9\n|\n|t:|1695181155\n|switch|p2a: Gliscor|Gliscor, M|100/100 tox\n|move|p1a: Kingambit|Kowtow Cleave|p2a: Gliscor\n|-damage|p2a: Gliscor|64/100 tox\n|\n|-heal|p2a: Gliscor|76/100 tox|[from] ability: Poison Heal\n|upkeep\n|turn|10\n|\n|t:|1695181160\n|-end|p1a: Kingambit|fallenundefined|[silent]\n|switch|p1a: Torkoal|Torkoal, F|69/100\n|-weather|SunnyDay|[from] ability: Drought|[of] p1a: Torkoal\n|move|p2a: Gliscor|Spikes|p1a: Torkoal\n|-sidestart|p1: SolkerTEST|Spikes\n|\n|-weather|SunnyDay|[upkeep]\n|-heal|p2a: Gliscor|89/100 tox|[from] ability: Poison Heal\n|upkeep\n|turn|11\n|\n|t:|1695181164\n|switch|p1a: Great Tusk|Great Tusk, shiny|100/100\n|-damage|p1a: Great Tusk|88/100|[from] Spikes\n|-activate|p1a: Great Tusk|ability: Protosynthesis\n|-start|p1a: Great Tusk|protosynthesisatk\n|move|p2a: Gliscor|Earthquake|p1a: Great Tusk\n|-damage|p1a: Great Tusk|66/100\n|\n|-weather|SunnyDay|[upkeep]\n|-heal|p2a: Gliscor|100/100 tox|[from] ability: Poison Heal\n|upkeep\n|turn|12\n|\n|t:|1695181171\n|switch|p2a: Cresselia|Cresselia, F, shiny|100/100\n|move|p1a: Great Tusk|Rapid Spin|p2a: Cresselia\n|-crit|p2a: Cresselia\n|-damage|p2a: Cresselia|82/100\n|-boost|p1a: Great Tusk|spe|1\n|-sideend|p1: SolkerTEST|Spikes|[from] move: Rapid Spin|[of] p1a: Great Tusk\n|\n|-weather|SunnyDay|[upkeep]\n|-heal|p2a: Cresselia|89/100|[from] item: Leftovers\n|upkeep\n|turn|13\n|\n|t:|1695181176\n|-end|p1a: Great Tusk|Protosynthesis|[silent]\n|switch|p1a: Chandelure|Chandelure, F, shiny|100/100\n|move|p2a: Cresselia|Moonblast|p1a: Chandelure\n|-resisted|p1a: Chandelure\n|-damage|p1a: Chandelure|88/100\n|\n|-weather|SunnyDay|[upkeep]\n|-heal|p2a: Cresselia|95/100|[from] item: Leftovers\n|upkeep\n|turn|14\n|\n|t:|1695181179\n|switch|p2a: Garganacl|Garganacl, M|100/100\n|move|p1a: Chandelure|Shadow Ball|p2a: Garganacl\n|-damage|p2a: Garganacl|80/100\n|\n|-weather|SunnyDay|[upkeep]\n|upkeep\n|turn|15\n|\n|t:|1695181187\n|switch|p1a: Great Tusk|Great Tusk, shiny|66/100\n|-activate|p1a: Great Tusk|ability: Protosynthesis\n|-start|p1a: Great Tusk|protosynthesisatk\n|move|p2a: Garganacl|Salt Cure|p1a: Great Tusk\n|-resisted|p1a: Great Tusk\n|-damage|p1a: Great Tusk|64/100\n|-start|p1a: Great Tusk|Salt Cure\n|\n|-weather|SunnyDay|[upkeep]\n|-damage|p1a: Great Tusk|51/100|[from] Salt Cure\n|upkeep\n|turn|16\n|\n|t:|1695181192\n|move|p2a: Garganacl|Protect|p2a: Garganacl\n|-singleturn|p2a: Garganacl|Protect\n|move|p1a: Great Tusk|Close Combat|p2a: Garganacl\n|-activate|p2a: Garganacl|move: Protect\n|\n|-weather|SunnyDay|[upkeep]\n|-damage|p1a: Great Tusk|39/100|[from] Salt Cure\n|upkeep\n|turn|17\n|\n|t:|1695181206\n|switch|p2a: Cresselia|Cresselia, F, shiny|95/100\n|move|p1a: Great Tusk|Headlong Rush|p2a: Cresselia\n|-immune|p2a: Cresselia|[from] ability: Levitate\n|\n|-weather|none\n|-end|p1a: Great Tusk|Protosynthesis\n|-heal|p2a: Cresselia|100/100|[from] item: Leftovers\n|-damage|p1a: Great Tusk|26/100|[from] Salt Cure\n|upkeep\n|turn|18\n|l| Optical real\n|\n|t:|1695181220\n|-end|p1a: Great Tusk|Protosynthesis|[silent]\n|switch|p1a: Ogerpon|Ogerpon-Hearthflame, F|100/100\n|-ability|p1a: Ogerpon|Mold Breaker\n|move|p2a: Cresselia|Moonblast|p1a: Ogerpon\n|-resisted|p1a: Ogerpon\n|-damage|p1a: Ogerpon|90/100\n|\n|upkeep\n|turn|19\n|\n|t:|1695181234\n|switch|p2a: Ogerpon|Ogerpon-Wellspring, F|100/100\n|move|p1a: Ogerpon|Substitute|p1a: Ogerpon\n|-start|p1a: Ogerpon|Substitute\n|-damage|p1a: Ogerpon|65/100\n|\n|upkeep\n|turn|20\n|\n|t:|1695181238\n|move|p1a: Ogerpon|Trailblaze|p2a: Ogerpon\n|-damage|p2a: Ogerpon|61/100\n|-boost|p1a: Ogerpon|spe|1\n|move|p2a: Ogerpon|Ivy Cudgel|p1a: Ogerpon\n|-crit|p1a: Ogerpon\n|-end|p1a: Ogerpon|Substitute\n|\n|upkeep\n|turn|21\n|j| aquavanilla\n|inactive|SolkerTEST has 120 seconds left.\n|\n|t:|1695181271\n|-terastallize|p1a: Ogerpon|Fire\n|detailschange|p1a: Ogerpon|Ogerpon-Hearthflame-Tera, F, tera:Fire\n|-ability|p1a: Ogerpon|Embody Aspect (Hearthflame)|boost\n|-boost|p1a: Ogerpon|atk|1\n|-terastallize|p2a: Ogerpon|Water\n|detailschange|p2a: Ogerpon|Ogerpon-Wellspring-Tera, F, tera:Water\n|-ability|p2a: Ogerpon|Embody Aspect (Wellspring)|boost\n|-boost|p2a: Ogerpon|spd|1\n|move|p1a: Ogerpon|Ivy Cudgel|p2a: Ogerpon\n|-resisted|p2a: Ogerpon\n|-damage|p2a: Ogerpon|0 fnt\n|faint|p2a: Ogerpon\n|\n|upkeep\n|\n|t:|1695181290\n|switch|p2a: Gliscor|Gliscor, M|100/100 tox\n|turn|22\n|inactive|SolkerTEST has 120 seconds left.\n|j| htcl\n|\n|t:|1695181318\n|move|p1a: Ogerpon|Ivy Cudgel|p2a: Gliscor\n|-damage|p2a: Gliscor|4/100 tox\n|move|p2a: Gliscor|Earthquake|p1a: Ogerpon\n|-supereffective|p1a: Ogerpon\n|-damage|p1a: Ogerpon|0 fnt\n|faint|p1a: Ogerpon\n|\n|-heal|p2a: Gliscor|16/100 tox|[from] ability: Poison Heal\n|upkeep\n|\n|t:|1695181339\n|switch|p1a: Walking Wake|Walking Wake|55/100\n|turn|23\n|\n|t:|1695181352\n|move|p2a: Gliscor|Protect|p2a: Gliscor\n|-singleturn|p2a: Gliscor|Protect\n|move|p1a: Walking Wake|Hydro Steam|p2a: Gliscor\n|-activate|p2a: Gliscor|move: Protect\n|\n|-heal|p2a: Gliscor|29/100 tox|[from] ability: Poison Heal\n|upkeep\n|turn|24\n|\n|t:|1695181358\n|move|p1a: Walking Wake|Hydro Steam|p2a: Gliscor\n|-supereffective|p2a: Gliscor\n|-damage|p2a: Gliscor|0 fnt\n|faint|p2a: Gliscor\n|\n|upkeep\n|\n|t:|1695181361\n|switch|p2a: Cresselia|Cresselia, F, shiny|100/100\n|turn|25\n|\n|t:|1695181365\n|-end|p1a: Walking Wake|Protosynthesis|[silent]\n|switch|p1a: Kingambit|Kingambit, F|100/100\n|-activate|p1a: Kingambit|ability: Supreme Overlord\n|-start|p1a: Kingambit|fallen1|[silent]\n|switch|p2a: Great Tusk|Great Tusk|100/100\n|-enditem|p2a: Great Tusk|Booster Energy\n|-activate|p2a: Great Tusk|ability: Protosynthesis|[fromitem]\n|-start|p2a: Great Tusk|protosynthesisspe\n|\n|upkeep\n|turn|26\n|\n|t:|1695181370\n|-end|p1a: Kingambit|fallen1|[silent]\n|switch|p1a: Great Tusk|Great Tusk, shiny|26/100\n|move|p2a: Great Tusk|Rapid Spin|p1a: Great Tusk\n|-damage|p1a: Great Tusk|16/100\n|-boost|p2a: Great Tusk|spe|1\n|\n|upkeep\n|turn|27\n|\n|t:|1695181373\n|move|p2a: Great Tusk|Bulk Up|p2a: Great Tusk\n|-boost|p2a: Great Tusk|atk|1\n|-boost|p2a: Great Tusk|def|1\n|move|p1a: Great Tusk|Ice Spinner|p2a: Great Tusk\n|-supereffective|p2a: Great Tusk\n|-damage|p2a: Great Tusk|78/100\n|\n|upkeep\n|turn|28\n|\n|t:|1695181381\n|-end|p1a: Great Tusk|Protosynthesis|[silent]\n|switch|p1a: Torkoal|Torkoal, F|69/100\n|-weather|SunnyDay|[from] ability: Drought|[of] p1a: Torkoal\n|move|p2a: Great Tusk|Bulk Up|p2a: Great Tusk\n|-boost|p2a: Great Tusk|atk|1\n|-boost|p2a: Great Tusk|def|1\n|\n|-weather|SunnyDay|[upkeep]\n|upkeep\n|turn|29\n|\n|t:|1695181387\n|switch|p1a: Great Tusk|Great Tusk, shiny|16/100\n|-activate|p1a: Great Tusk|ability: Protosynthesis\n|-start|p1a: Great Tusk|protosynthesisatk\n|move|p2a: Great Tusk|Earthquake|p1a: Great Tusk\n|-damage|p1a: Great Tusk|0 fnt\n|faint|p1a: Great Tusk\n|-end|p1a: Great Tusk|Protosynthesis|[silent]\n|\n|-weather|SunnyDay|[upkeep]\n|upkeep\n|\n|t:|1695181390\n|switch|p1a: Walking Wake|Walking Wake|55/100\n|-activate|p1a: Walking Wake|ability: Protosynthesis\n|-start|p1a: Walking Wake|protosynthesisspe\n|turn|30\n|\n|t:|1695181391\n|move|p2a: Great Tusk|Earthquake|p1a: Walking Wake\n|-damage|p1a: Walking Wake|0 fnt\n|faint|p1a: Walking Wake\n|-end|p1a: Walking Wake|Protosynthesis|[silent]\n|\n|-weather|SunnyDay|[upkeep]\n|upkeep\n|\n|t:|1695181416\n|switch|p1a: Torkoal|Torkoal, F|69/100\n|turn|31\n|\n|t:|1695181419\n|move|p2a: Great Tusk|Earthquake|p1a: Torkoal\n|-supereffective|p1a: Torkoal\n|-damage|p1a: Torkoal|0 fnt\n|faint|p1a: Torkoal\n|\n|-weather|SunnyDay|[upkeep]\n|upkeep\n|-message|SolkerTEST forfeited.\n|\n|win|georgiethefirst\n|raw|SolkerTEST's rating: 1551 &rarr; <strong>1534</strong><br />(-17 for losing)\n|raw|georgiethefirst's rating: 1595 &rarr; <strong>1612</strong><br />(+17 for winning)\n|l|\u2606SolkerTEST\n", "uploadtime": 1695181426, "views": 5, "p1id": "solkertest", "p2id": "georgiethefirst", "formatid": "gen9ou", "rating": 1534, "private": 0, "password": ""}