{"id": "gen9ou-1947621912", "p1": "apio32", "p2": "EstosNueses", "format": "gen9ou", "log": "|j|\u2606apio32\n|j|\u2606EstosNueses\n|t:|1695178828\n|gametype|singles\n|player|p1|apio32|101|1009\n|player|p2|EstosNueses|backersf|1000\n|teamsize|p1|6\n|teamsize|p2|6\n|gen|9\n|tier|[Gen 9] OU\n|rated|\n|rule|Sleep Clause Mod: Limit one foe put to sleep\n|rule|Species Clause: Limit one of each Pok\u00e9mon\n|rule|OHKO Clause: OHKO moves are banned\n|rule|Evasion Items Clause: Evasion items are banned\n|rule|Evasion Moves Clause: Evasion moves are banned\n|rule|Endless Battle Clause: Forcing endless battles is banned\n|rule|HP Percentage Mod: HP is shown in percentages\n|clearpoke\n|poke|p1|Gholdengo|\n|poke|p1|Cresselia, F|\n|poke|p1|Ursaluna, M|\n|poke|p1|Dragonite, F|\n|poke|p1|Snorlax, F|\n|poke|p1|Forretress, M|\n|poke|p2|Samurott-Hisui, M|\n|poke|p2|Corviknight, M|\n|poke|p2|Kommo-o, M|\n|poke|p2|Ursaluna-Bloodmoon, M|\n|poke|p2|Amoonguss, M|\n|poke|p2|Arcanine-Hisui, M|\n|teampreview\n|inactive|Battle timer is ON: inactive players will automatically lose when time's up. (requested by EstosNueses)\n|\n|t:|1695178833\n|start\n|switch|p1a: Forretress|Forretress, M|100/100\n|switch|p2a: Samurott|Samurott-Hisui, M, shiny|100/100\n|turn|1\n|\n|t:|1695178842\n|move|p2a: Samurott|Ceaseless Edge|p1a: Forretress\n|-damage|p1a: Forretress|68/100\n|-sidestart|p1: apio32|Spikes\n|move|p1a: Forretress|Stealth Rock|p2a: Samurott\n|-sidestart|p2: EstosNueses|move: Stealth Rock\n|\n|upkeep\n|turn|2\n|\n|t:|1695178848\n|move|p2a: Samurott|Knock Off|p1a: Forretress\n|-damage|p1a: Forretress|35/100\n|-enditem|p1a: Forretress|Aguav Berry|[from] move: Knock Off|[of] p2a: Samurott\n|move|p1a: Forretress|Giga Drain|p2a: Samurott\n|-supereffective|p2a: Samurott\n|-crit|p2a: Samurott\n|-damage|p2a: Samurott|51/100\n|-heal|p1a: Forretress|60/100|[from] drain|[of] p2a: Samurott\n|\n|upkeep\n|turn|3\n|\n|t:|1695178859\n|switch|p2a: Arcanine|Arcanine-Hisui, M, shiny|100/100\n|move|p1a: Forretress|Spikes|p2a: Arcanine\n|-sidestart|p2: EstosNueses|Spikes\n|\n|upkeep\n|turn|4\n|\n|t:|1695178865\n|move|p2a: Arcanine|Flare Blitz|p1a: Forretress\n|-supereffective|p1a: Forretress\n|-damage|p1a: Forretress|0 fnt\n|faint|p1a: Forretress\n|\n|upkeep\n|\n|t:|1695178871\n|switch|p1a: Gholdengo|Gholdengo|100/100\n|-damage|p1a: Gholdengo|88/100|[from] Spikes\n|turn|5\n|\n|t:|1695178890\n|move|p2a: Arcanine|Flare Blitz|p1a: Gholdengo\n|-supereffective|p1a: Gholdengo\n|-damage|p1a: Gholdengo|0 fnt\n|faint|p1a: Gholdengo\n|\n|upkeep\n|\n|t:|1695178898\n|switch|p1a: Ursaluna|Ursaluna, M|100/100\n|-damage|p1a: Ursaluna|88/100|[from] Spikes\n|turn|6\n|\n|t:|1695178912\n|switch|p2a: Samurott|Samurott-Hisui, M, shiny|51/100\n|-damage|p2a: Samurott|39/100|[from] Stealth Rock\n|-damage|p2a: Samurott|26/100|[from] Spikes\n|move|p1a: Ursaluna|Substitute|p1a: Ursaluna\n|-start|p1a: Ursaluna|Substitute\n|-damage|p1a: Ursaluna|63/100\n|\n|-status|p1a: Ursaluna|brn|[from] item: Flame Orb\n|upkeep\n|turn|7\n|\n|t:|1695178924\n|move|p2a: Samurott|Ceaseless Edge|p1a: Ursaluna\n|-end|p1a: Ursaluna|Substitute\n|-sidestart|p1: apio32|Spikes\n|move|p1a: Ursaluna|Play Rough|p2a: Samurott\n|-supereffective|p2a: Samurott\n|-damage|p2a: Samurott|0 fnt\n|faint|p2a: Samurott\n|\n|-damage|p1a: Ursaluna|57/100 brn|[from] brn\n|upkeep\n|\n|t:|1695178938\n|switch|p2a: Amoonguss|Amoonguss, M, shiny|100/100\n|-damage|p2a: Amoonguss|88/100|[from] Stealth Rock\n|-damage|p2a: Amoonguss|75/100|[from] Spikes\n|turn|8\n|\n|t:|1695178955\n|switch|p1a: Snorlax|Snorlax, F|100/100\n|-damage|p1a: Snorlax|84/100|[from] Spikes\n|move|p2a: Amoonguss|Spore|p1a: Snorlax\n|-status|p1a: Snorlax|slp|[from] move: Spore\n|\n|upkeep\n|turn|9\n|\n|t:|1695178967\n|switch|p1a: Ursaluna|Ursaluna, M|57/100 brn\n|-damage|p1a: Ursaluna|40/100 brn|[from] Spikes\n|move|p2a: Amoonguss|Giga Drain|p1a: Ursaluna\n|-supereffective|p1a: Ursaluna\n|-damage|p1a: Ursaluna|0 fnt\n|-heal|p2a: Amoonguss|96/100|[from] drain|[of] p1a: Ursaluna\n|faint|p1a: Ursaluna\n|\n|upkeep\n|\n|t:|1695178977\n|switch|p1a: Dragonite|Dragonite, F|100/100\n|turn|10\n|\n|t:|1695178985\n|switch|p2a: Arcanine|Arcanine-Hisui, M, shiny|100/100\n|move|p1a: Dragonite|Extreme Speed|p2a: Arcanine\n|-resisted|p2a: Arcanine\n|-damage|p2a: Arcanine|73/100\n|\n|upkeep\n|turn|11\n|\n|t:|1695178993\n|move|p1a: Dragonite|Extreme Speed|p2a: Arcanine\n|-resisted|p2a: Arcanine\n|-damage|p2a: Arcanine|46/100\n|move|p2a: Arcanine|Head Smash|p1a: Dragonite\n|-supereffective|p1a: Dragonite\n|-damage|p1a: Dragonite|15/100\n|\n|upkeep\n|turn|12\n|\n|t:|1695179002\n|-terastallize|p1a: Dragonite|Normal\n|move|p2a: Arcanine|Extreme Speed|p1a: Dragonite\n|-damage|p1a: Dragonite|0 fnt\n|faint|p1a: Dragonite\n|\n|upkeep\n|\n|t:|1695179008\n|switch|p1a: Cresselia|Cresselia, F, shiny|100/100\n|turn|13\n|\n|t:|1695179016\n|move|p2a: Arcanine|Flare Blitz|p1a: Cresselia\n|-damage|p1a: Cresselia|63/100\n|move|p1a: Cresselia|Ice Beam|p2a: Arcanine\n|-resisted|p2a: Arcanine\n|-damage|p2a: Arcanine|36/100\n|-status|p2a: Arcanine|frz\n|\n|-heal|p1a: Cresselia|70/100|[from] item: Leftovers\n|upkeep\n|turn|14\n|\n|t:|1695179025\n|-curestatus|p2a: Arcanine|frz|[from] move: Flare Blitz\n|move|p2a: Arcanine|Flare Blitz|p1a: Cresselia\n|-damage|p1a: Cresselia|28/100\n|move|p1a: Cresselia|Moonlight|p1a: Cresselia\n|-heal|p1a: Cresselia|78/100\n|\n|-heal|p1a: Cresselia|84/100|[from] item: Leftovers\n|upkeep\n|turn|15\n|\n|t:|1695179038\n|move|p2a: Arcanine|Flare Blitz|p1a: Cresselia\n|-crit|p1a: Cresselia\n|-damage|p1a: Cresselia|20/100\n|move|p1a: Cresselia|Future Sight|p2a: Arcanine\n|-start|p1a: Cresselia|move: Future Sight\n|\n|-heal|p1a: Cresselia|27/100|[from] item: Leftovers\n|upkeep\n|turn|16\n|\n|t:|1695179045\n|move|p2a: Arcanine|Flare Blitz|p1a: Cresselia\n|-damage|p1a: Cresselia|0 fnt\n|faint|p1a: Cresselia\n|\n|upkeep\n|\n|t:|1695179053\n|switch|p1a: Snorlax|Snorlax, F|84/100 slp\n|-damage|p1a: Snorlax|67/100 slp|[from] Spikes\n|turn|17\n|\n|t:|1695179062\n|move|p2a: Arcanine|Head Smash|p1a: Snorlax\n|-damage|p1a: Snorlax|14/100 slp\n|-enditem|p1a: Snorlax|Aguav Berry|[eat]\n|-heal|p1a: Snorlax|47/100 slp|[from] item: Aguav Berry\n|cant|p1a: Snorlax|slp\n|\n|-end|p2a: Arcanine|move: Future Sight\n|-damage|p2a: Arcanine|0 fnt\n|faint|p2a: Arcanine\n|upkeep\n|\n|t:|1695179074\n|switch|p2a: Ursaluna|Ursaluna-Bloodmoon, M|100/100\n|-damage|p2a: Ursaluna|94/100|[from] Stealth Rock\n|-damage|p2a: Ursaluna|82/100|[from] Spikes\n|turn|18\n|\n|t:|1695179080\n|-terastallize|p2a: Ursaluna|Normal\n|move|p2a: Ursaluna|Blood Moon|p1a: Snorlax\n|-damage|p1a: Snorlax|0 fnt\n|faint|p1a: Snorlax\n|\n|win|EstosNueses\n|raw|apio32's rating: 1009 &rarr; <strong>1000</strong><br />(-9 for losing)\n|raw|EstosNueses's rating: 1000 &rarr; <strong>1041</strong><br />(+41 for winning)\n|l|\u2606apio32\n", "uploadtime": 1695179089, "views": 4, "p1id": "apio32", "p2id": "estosnueses", "formatid": "gen9ou", "rating": 1000, "private": 0, "password": ""}