{"id": "gen9ou-1947684153", "p1": "MasterWalker", "p2": "hyrwb5eu", "format": "gen9ou", "log": "|j|\u2606MasterWalker\n|j|\u2606hyrwb5eu\n|t:|1695186653\n|gametype|singles\n|player|p1|MasterWalker|169|1085\n|player|p2|hyrwb5eu|boarder|1049\n|teamsize|p1|6\n|teamsize|p2|6\n|gen|9\n|tier|[Gen 9] OU\n|rated|\n|rule|Sleep Clause Mod: Limit one foe put to sleep\n|rule|Species Clause: Limit one of each Pok\u00e9mon\n|rule|OHKO Clause: OHKO moves are banned\n|rule|Evasion Items Clause: Evasion items are banned\n|rule|Evasion Moves Clause: Evasion moves are banned\n|rule|Endless Battle Clause: Forcing endless battles is banned\n|rule|HP Percentage Mod: HP is shown in percentages\n|clearpoke\n|poke|p1|Ambipom, F|\n|poke|p1|Torterra, M|\n|poke|p1|Munkidori, M|\n|poke|p1|Ogerpon-Cornerstone, F|\n|poke|p1|Rotom-Wash|\n|poke|p1|Kommo-o, F|\n|poke|p2|Ogerpon-Hearthflame, F|\n|poke|p2|Ninetales-Alola, F|\n|poke|p2|Ditto|\n|poke|p2|Gliscor, M|\n|poke|p2|Garchomp, F|\n|poke|p2|Munkidori, M|\n|teampreview\n|inactive|Battle timer is ON: inactive players will automatically lose when time's up. (requested by hyrwb5eu)\n|\n|t:|1695186658\n|start\n|switch|p1a: Ambipom|Ambipom, F|100/100\n|switch|p2a: Munkidori|Munkidori, M|100/100\n|turn|1\n|\n|t:|1695186664\n|move|p1a: Ambipom|Fake Out|p2a: Munkidori\n|-crit|p2a: Munkidori\n|-damage|p2a: Munkidori|24/100\n|cant|p2a: Munkidori|flinch\n|\n|upkeep\n|turn|2\n|\n|t:|1695186672\n|move|p2a: Munkidori|U-turn|p1a: Ambipom\n|-damage|p1a: Ambipom|82/100\n|\n|t:|1695186674\n|switch|p2a: Garchomp|Garchomp, F|100/100|[from] U-turn\n|move|p1a: Ambipom|Double Hit|p2a: Garchomp\n|-damage|p2a: Garchomp|74/100\n|-damage|p1a: Ambipom|70/100|[from] ability: Rough Skin|[of] p2a: Garchomp\n|-damage|p2a: Garchomp|45/100\n|-damage|p1a: Ambipom|57/100|[from] ability: Rough Skin|[of] p2a: Garchomp\n|-hitcount|p2a: Garchomp|2\n|\n|upkeep\n|turn|3\n|\n|t:|1695186686\n|move|p1a: Ambipom|Knock Off|p2a: Garchomp\n|-damage|p2a: Garchomp|16/100\n|-damage|p1a: Ambipom|45/100|[from] ability: Rough Skin|[of] p2a: Garchomp\n|-enditem|p2a: Garchomp|Loaded Dice|[from] move: Knock Off|[of] p1a: Ambipom\n|move|p2a: Garchomp|Earthquake|p1a: Ambipom\n|-damage|p1a: Ambipom|0 fnt\n|faint|p1a: Ambipom\n|\n|upkeep\n|\n|t:|1695186703\n|switch|p1a: Torterra|Torterra, M|100/100\n|turn|4\n|\n|t:|1695186707\n|move|p2a: Garchomp|Scale Shot|p1a: Torterra\n|-damage|p1a: Torterra|89/100\n|-damage|p1a: Torterra|78/100\n|-damage|p1a: Torterra|67/100\n|-hitcount|p1a: Torterra|3\n|-unboost|p2a: Garchomp|def|1\n|-boost|p2a: Garchomp|spe|1\n|move|p1a: Torterra|Shell Smash|p1a: Torterra\n|-unboost|p1a: Torterra|def|1\n|-unboost|p1a: Torterra|spd|1\n|-boost|p1a: Torterra|atk|2\n|-boost|p1a: Torterra|spa|2\n|-boost|p1a: Torterra|spe|2\n|-enditem|p1a: Torterra|White Herb\n|-clearnegativeboost|p1a: Torterra|[silent]\n|\n|upkeep\n|turn|5\n|\n|t:|1695186723\n|move|p2a: Garchomp|Scale Shot|p1a: Torterra\n|-damage|p1a: Torterra|55/100\n|-damage|p1a: Torterra|44/100\n|-damage|p1a: Torterra|33/100\n|-hitcount|p1a: Torterra|3\n|-unboost|p2a: Garchomp|def|1\n|-boost|p2a: Garchomp|spe|1\n|move|p1a: Torterra|Zen Headbutt|p2a: Garchomp\n|-damage|p2a: Garchomp|0 fnt\n|-damage|p1a: Torterra|21/100|[from] ability: Rough Skin|[of] p2a: Garchomp\n|faint|p2a: Garchomp\n|\n|upkeep\n|\n|t:|1695186738\n|switch|p2a: Munkidori|Munkidori, M|24/100\n|turn|6\n|\n|t:|1695186741\n|move|p2a: Munkidori|Psychic|p1a: Torterra\n|-damage|p1a: Torterra|0 fnt\n|faint|p1a: Torterra\n|\n|upkeep\n|\n|t:|1695186752\n|switch|p1a: Munkidori|Munkidori, M|100/100\n|turn|7\n|\n|t:|1695186759\n|switch|p2a: Gliscor|Gliscor, M|100/100\n|move|p1a: Munkidori|Psychic|p2a: Gliscor\n|-damage|p2a: Gliscor|45/100\n|-unboost|p2a: Gliscor|spd|1\n|-status|p2a: Gliscor|tox|[from] ability: Toxic Chain|[of] p1a: Munkidori\n|\n|-heal|p2a: Gliscor|57/100 tox|[from] ability: Poison Heal\n|upkeep\n|turn|8\n|\n|t:|1695186772\n|move|p2a: Gliscor|Protect|p2a: Gliscor\n|-singleturn|p2a: Gliscor|Protect\n|move|p1a: Munkidori|Psychic|p2a: Gliscor\n|-activate|p2a: Gliscor|move: Protect\n|\n|-heal|p2a: Gliscor|69/100 tox|[from] ability: Poison Heal\n|upkeep\n|turn|9\n|\n|t:|1695186784\n|switch|p2a: Ninetales|Ninetales-Alola, F|100/100\n|-weather|Snow|[from] ability: Snow Warning|[of] p2a: Ninetales\n|move|p1a: Munkidori|Parting Shot|p2a: Ninetales\n|-unboost|p2a: Ninetales|atk|1\n|-unboost|p2a: Ninetales|spa|1\n|\n|t:|1695186797\n|switch|p1a: Ogerpon|Ogerpon-Cornerstone, F|100/100|[from] Parting Shot\n|\n|-weather|Snow|[upkeep]\n|upkeep\n|turn|10\n|\n|t:|1695186805\n|move|p1a: Ogerpon|Ivy Cudgel|p2a: Ninetales\n|-supereffective|p2a: Ninetales\n|-damage|p2a: Ninetales|7/100\n|move|p2a: Ninetales|Aurora Veil|p2a: Ninetales\n|-sidestart|p2: hyrwb5eu|move: Aurora Veil\n|\n|-weather|Snow|[upkeep]\n|upkeep\n|turn|11\n|\n|t:|1695186812\n|switch|p2a: Gliscor|Gliscor, M|69/100 tox\n|move|p1a: Ogerpon|Horn Leech|p2a: Gliscor\n|-damage|p2a: Gliscor|56/100 tox\n|\n|-weather|Snow|[upkeep]\n|-heal|p2a: Gliscor|69/100 tox|[from] ability: Poison Heal\n|upkeep\n|turn|12\n|\n|t:|1695186823\n|move|p1a: Ogerpon|Ivy Cudgel|p2a: Gliscor\n|-crit|p2a: Gliscor\n|-damage|p2a: Gliscor|8/100 tox\n|move|p2a: Gliscor|Earthquake|p1a: Ogerpon\n|-crit|p1a: Ogerpon\n|-damage|p1a: Ogerpon|33/100\n|\n|-weather|Snow|[upkeep]\n|-heal|p2a: Gliscor|21/100 tox|[from] ability: Poison Heal\n|upkeep\n|turn|13\n|\n|t:|1695186834\n|move|p2a: Gliscor|Protect|p2a: Gliscor\n|-singleturn|p2a: Gliscor|Protect\n|move|p1a: Ogerpon|Ivy Cudgel|p2a: Gliscor\n|-activate|p2a: Gliscor|move: Protect\n|\n|-weather|none\n|-heal|p2a: Gliscor|33/100 tox|[from] ability: Poison Heal\n|upkeep\n|turn|14\n|\n|t:|1695186842\n|move|p1a: Ogerpon|Ivy Cudgel|p2a: Gliscor\n|-damage|p2a: Gliscor|16/100 tox\n|move|p2a: Gliscor|Earthquake|p1a: Ogerpon\n|-damage|p1a: Ogerpon|0 fnt\n|faint|p1a: Ogerpon\n|\n|-heal|p2a: Gliscor|28/100 tox|[from] ability: Poison Heal\n|upkeep\n|\n|t:|1695186853\n|switch|p1a: Kommo-o|Kommo-o, F|100/100\n|turn|15\n|\n|t:|1695186861\n|move|p1a: Kommo-o|Clangorous Soul|p1a: Kommo-o\n|-boost|p1a: Kommo-o|atk|1\n|-boost|p1a: Kommo-o|def|1\n|-boost|p1a: Kommo-o|spa|1\n|-boost|p1a: Kommo-o|spd|1\n|-boost|p1a: Kommo-o|spe|1\n|-damage|p1a: Kommo-o|68/100\n|-enditem|p1a: Kommo-o|Throat Spray\n|-boost|p1a: Kommo-o|spa|1|[from] item: Throat Spray\n|move|p2a: Gliscor|Earthquake|p1a: Kommo-o\n|-damage|p1a: Kommo-o|44/100\n|\n|-heal|p2a: Gliscor|41/100 tox|[from] ability: Poison Heal\n|upkeep\n|turn|16\n|\n|t:|1695186877\n|move|p1a: Kommo-o|Boomburst|p2a: Gliscor\n|-damage|p2a: Gliscor|0 fnt\n|faint|p2a: Gliscor\n|\n|upkeep\n|\n|t:|1695186881\n|switch|p2a: Ditto|Ditto|100/100\n|-transform|p2a: Ditto|p1a: Kommo-o|[from] ability: Imposter\n|turn|17\n|\n|t:|1695186891\n|move|p2a: Ditto|Boomburst|p1a: Kommo-o\n|-damage|p1a: Kommo-o|0 fnt\n|faint|p1a: Kommo-o\n|\n|-sideend|p2: hyrwb5eu|move: Aurora Veil\n|upkeep\n|\n|t:|1695186898\n|switch|p1a: Munkidori|Munkidori, M|100/100\n|turn|18\n|\n|t:|1695186904\n|-terastallize|p2a: Ditto|Normal\n|move|p2a: Ditto|Boomburst|p1a: Munkidori\n|-damage|p1a: Munkidori|0 fnt\n|faint|p1a: Munkidori\n|\n|upkeep\n|\n|t:|1695186911\n|switch|p1a: Rotom|Rotom-Wash|100/100\n|turn|19\n|\n|t:|1695186915\n|move|p2a: Ditto|Boomburst|p1a: Rotom\n|-damage|p1a: Rotom|0 fnt\n|faint|p1a: Rotom\n|\n|win|hyrwb5eu\n|raw|MasterWalker's rating: 1085 &rarr; <strong>1060</strong><br />(-25 for losing)\n|raw|hyrwb5eu's rating: 1049 &rarr; <strong>1085</strong><br />(+36 for winning)\n", "uploadtime": 1695186921, "views": 7, "p1id": "masterwalker", "p2id": "hyrwb5eu", "formatid": "gen9ou", "rating": 1060, "private": 0, "password": ""}