{"id": "gen9ou-1947621474", "p1": "FoilFred", "p2": "start fresh 3", "format": "gen9ou", "log": "|j|\u2606FoilFred\n|j|\u2606start fresh 3\n|t:|1695178783\n|gametype|singles\n|player|p1|FoilFred|gambler|1419\n|player|p2|start fresh 3|169|1349\n|teamsize|p1|6\n|teamsize|p2|6\n|gen|9\n|tier|[Gen 9] OU\n|rated|\n|rule|Sleep Clause Mod: Limit one foe put to sleep\n|rule|Species Clause: Limit one of each Pok\u00e9mon\n|rule|OHKO Clause: OHKO moves are banned\n|rule|Evasion Items Clause: Evasion items are banned\n|rule|Evasion Moves Clause: Evasion moves are banned\n|rule|Endless Battle Clause: Forcing endless battles is banned\n|rule|HP Percentage Mod: HP is shown in percentages\n|clearpoke\n|poke|p1|Ursaluna-Bloodmoon, M|\n|poke|p1|Jirachi|\n|poke|p1|Zapdos|\n|poke|p1|Iron Moth|\n|poke|p1|Kommo-o, F|\n|poke|p1|Enamorus, F|\n|poke|p2|Iron Hands|\n|poke|p2|Rillaboom, F|\n|poke|p2|Great Tusk|\n|poke|p2|Ursaluna-Bloodmoon, M|\n|poke|p2|Dragapult, M|\n|poke|p2|Glimmora, M|\n|teampreview\n|\n|t:|1695178799\n|start\n|switch|p1a: Jirachi|Jirachi|100/100\n|switch|p2a: Glimmora|Glimmora, M|100/100\n|turn|1\n|\n|t:|1695178816\n|move|p2a: Glimmora|Earth Power|p1a: Jirachi\n|-supereffective|p1a: Jirachi\n|-damage|p1a: Jirachi|61/100\n|move|p1a: Jirachi|Iron Head|p2a: Glimmora\n|-supereffective|p2a: Glimmora\n|-damage|p2a: Glimmora|39/100\n|-activate|p2a: Glimmora|ability: Toxic Debris\n|-sidestart|p1: FoilFred|move: Toxic Spikes\n|\n|-heal|p1a: Jirachi|68/100|[from] item: Leftovers\n|upkeep\n|turn|2\n|\n|t:|1695178823\n|switch|p2a: Great Tusk|Great Tusk|100/100\n|move|p1a: Jirachi|Iron Head|p2a: Great Tusk\n|-damage|p2a: Great Tusk|84/100\n|\n|-heal|p1a: Jirachi|74/100|[from] item: Leftovers\n|upkeep\n|turn|3\n|\n|t:|1695178830\n|switch|p1a: Zapdos|Zapdos, shiny|100/100\n|move|p2a: Great Tusk|Stealth Rock|p1a: Zapdos\n|-sidestart|p1: FoilFred|move: Stealth Rock\n|\n|upkeep\n|turn|4\n|\n|t:|1695178835\n|move|p1a: Zapdos|U-turn|p2a: Great Tusk\n|-resisted|p2a: Great Tusk\n|-damage|p2a: Great Tusk|80/100\n|\n|t:|1695178838\n|switch|p1a: Iron Moth|Iron Moth|100/100|[from] U-turn\n|-enditem|p1a: Iron Moth|Booster Energy\n|-activate|p1a: Iron Moth|ability: Quark Drive|[fromitem]\n|-start|p1a: Iron Moth|quarkdrivespe\n|-sideend|p1: FoilFred|move: Toxic Spikes|[of] p1a: Iron Moth\n|-damage|p1a: Iron Moth|76/100|[from] Stealth Rock\n|move|p2a: Great Tusk|Knock Off|p1a: Iron Moth\n|-damage|p1a: Iron Moth|46/100\n|\n|upkeep\n|turn|5\n|\n|t:|1695178852\n|-end|p2a: Great Tusk|Protosynthesis|[silent]\n|switch|p2a: Dragapult|Dragapult, M|100/100\n|move|p1a: Iron Moth|Fiery Dance|p2a: Dragapult\n|-resisted|p2a: Dragapult\n|-damage|p2a: Dragapult|71/100\n|-boost|p1a: Iron Moth|spa|1\n|\n|-heal|p2a: Dragapult|77/100|[from] item: Leftovers\n|upkeep\n|turn|6\n|\n|t:|1695178863\n|move|p1a: Iron Moth|Dazzling Gleam|p2a: Dragapult\n|-supereffective|p2a: Dragapult\n|-damage|p2a: Dragapult|0 fnt\n|faint|p2a: Dragapult\n|\n|upkeep\n|\n|t:|1695178871\n|switch|p2a: Ursaluna|Ursaluna-Bloodmoon, M|100/100\n|turn|7\n|\n|t:|1695178878\n|move|p1a: Iron Moth|Fiery Dance|p2a: Ursaluna\n|-damage|p2a: Ursaluna|34/100\n|-boost|p1a: Iron Moth|spa|1\n|move|p2a: Ursaluna|Blood Moon|p1a: Iron Moth\n|-damage|p1a: Iron Moth|0 fnt\n|faint|p1a: Iron Moth\n|-end|p1a: Iron Moth|Quark Drive|[silent]\n|\n|-heal|p2a: Ursaluna|40/100|[from] item: Leftovers\n|upkeep\n|\n|t:|1695178884\n|switch|p1a: Kommo-o|Kommo-o, F|100/100\n|-damage|p1a: Kommo-o|94/100|[from] Stealth Rock\n|turn|8\n|\n|t:|1695178889\n|move|p1a: Kommo-o|Drain Punch|p2a: Ursaluna\n|-supereffective|p2a: Ursaluna\n|-damage|p2a: Ursaluna|0 fnt\n|-heal|p1a: Kommo-o|100/100|[from] drain|[of] p2a: Ursaluna\n|faint|p2a: Ursaluna\n|\n|upkeep\n|\n|t:|1695178902\n|switch|p2a: Glimmora|Glimmora, M|39/100\n|turn|9\n|\n|t:|1695178907\n|-terastallize|p1a: Kommo-o|Steel\n|move|p2a: Glimmora|Sludge Wave|p1a: Kommo-o\n|-immune|p1a: Kommo-o\n|move|p1a: Kommo-o|Clangorous Soul|p1a: Kommo-o\n|-boost|p1a: Kommo-o|atk|1\n|-boost|p1a: Kommo-o|def|1\n|-boost|p1a: Kommo-o|spa|1\n|-boost|p1a: Kommo-o|spd|1\n|-boost|p1a: Kommo-o|spe|1\n|-damage|p1a: Kommo-o|68/100\n|\n|-heal|p1a: Kommo-o|74/100|[from] item: Leftovers\n|upkeep\n|turn|10\n|\n|t:|1695178921\n|switch|p2a: Great Tusk|Great Tusk|80/100\n|move|p1a: Kommo-o|Clangorous Soul|p1a: Kommo-o\n|-boost|p1a: Kommo-o|atk|1\n|-boost|p1a: Kommo-o|def|1\n|-boost|p1a: Kommo-o|spa|1\n|-boost|p1a: Kommo-o|spd|1\n|-boost|p1a: Kommo-o|spe|1\n|-damage|p1a: Kommo-o|41/100\n|\n|-heal|p1a: Kommo-o|47/100|[from] item: Leftovers\n|upkeep\n|turn|11\n|\n|t:|1695178925\n|move|p1a: Kommo-o|Drain Punch|p2a: Great Tusk\n|-damage|p2a: Great Tusk|35/100\n|-heal|p1a: Kommo-o|80/100|[from] drain|[of] p2a: Great Tusk\n|move|p2a: Great Tusk|Earthquake|p1a: Kommo-o\n|-supereffective|p1a: Kommo-o\n|-damage|p1a: Kommo-o|34/100\n|\n|-heal|p1a: Kommo-o|40/100|[from] item: Leftovers\n|upkeep\n|turn|12\n|\n|t:|1695178933\n|move|p1a: Kommo-o|Drain Punch|p2a: Great Tusk\n|-crit|p2a: Great Tusk\n|-damage|p2a: Great Tusk|0 fnt\n|-heal|p1a: Kommo-o|66/100|[from] drain|[of] p2a: Great Tusk\n|faint|p2a: Great Tusk\n|-end|p2a: Great Tusk|Protosynthesis|[silent]\n|\n|-heal|p1a: Kommo-o|72/100|[from] item: Leftovers\n|upkeep\n|\n|t:|1695178936\n|switch|p2a: Iron Hands|Iron Hands|100/100\n|turn|13\n|\n|t:|1695178951\n|-terastallize|p2a: Iron Hands|Flying\n|move|p1a: Kommo-o|Earthquake|p2a: Iron Hands\n|-immune|p2a: Iron Hands\n|move|p2a: Iron Hands|Swords Dance|p2a: Iron Hands\n|-boost|p2a: Iron Hands|atk|2\n|\n|-heal|p1a: Kommo-o|79/100|[from] item: Leftovers\n|upkeep\n|turn|14\n|\n|t:|1695178956\n|move|p1a: Kommo-o|Iron Head|p2a: Iron Hands\n|-damage|p2a: Iron Hands|48/100\n|cant|p2a: Iron Hands|flinch\n|\n|-heal|p1a: Kommo-o|85/100|[from] item: Leftovers\n|-heal|p2a: Iron Hands|55/100|[from] item: Leftovers\n|upkeep\n|turn|15\n|\n|t:|1695178959\n|move|p1a: Kommo-o|Iron Head|p2a: Iron Hands\n|-damage|p2a: Iron Hands|6/100\n|cant|p2a: Iron Hands|flinch\n|\n|-heal|p1a: Kommo-o|91/100|[from] item: Leftovers\n|-heal|p2a: Iron Hands|12/100|[from] item: Leftovers\n|upkeep\n|turn|16\n|-message|start fresh 3 forfeited.\n|\n|win|FoilFred\n|raw|FoilFred's rating: 1419 &rarr; <strong>1435</strong><br />(+16 for winning)\n|raw|start fresh 3's rating: 1349 &rarr; <strong>1333</strong><br />(-16 for losing)\n|l|\u2606start fresh 3\n", "uploadtime": 1695178967, "views": 3, "p1id": "foilfred", "p2id": "startfresh3", "formatid": "gen9ou", "rating": 1333, "private": 0, "password": ""}