{"id": "gen9ou-1947605984", "p1": "JeanC17", "p2": "Skully tree", "format": "gen9ou", "log": "|j|\u2606JeanC17\n|j|\u2606Skully tree\n|t:|1695177174\n|gametype|singles\n|player|p1|JeanC17|1|1316\n|player|p2|Skully tree|170|1378\n|teamsize|p1|6\n|teamsize|p2|6\n|gen|9\n|tier|[Gen 9] OU\n|rated|\n|rule|Sleep Clause Mod: Limit one foe put to sleep\n|rule|Species Clause: Limit one of each Pok\u00e9mon\n|rule|OHKO Clause: OHKO moves are banned\n|rule|Evasion Items Clause: Evasion items are banned\n|rule|Evasion Moves Clause: Evasion moves are banned\n|rule|Endless Battle Clause: Forcing endless battles is banned\n|rule|HP Percentage Mod: HP is shown in percentages\n|clearpoke\n|poke|p1|Azumarill, M|\n|poke|p1|Staraptor, M|\n|poke|p1|Toedscruel, F|\n|poke|p1|Skeledirge, M|\n|poke|p1|Ninetales-Alola, M|\n|poke|p1|Iron Valiant|\n|poke|p2|Tornadus-Therian, M|\n|poke|p2|Dragonite, F|\n|poke|p2|Gliscor, M|\n|poke|p2|Clefable, M|\n|poke|p2|Iron Treads|\n|poke|p2|Gholdengo|\n|teampreview\n|\n|t:|1695177200\n|start\n|switch|p1a: Staraptor|Staraptor, M|100/100\n|switch|p2a: Iron Treads|Iron Treads|100/100\n|-ability|p1a: Staraptor|Intimidate|boost\n|-unboost|p2a: Iron Treads|atk|1\n|turn|1\n|\n|t:|1695177211\n|switch|p1a: Toedscruel|Toedscruel, F|100/100\n|move|p2a: Iron Treads|Volt Switch|p1a: Toedscruel\n|-immune|p1a: Toedscruel\n|\n|upkeep\n|turn|2\n|\n|t:|1695177218\n|move|p2a: Iron Treads|Knock Off|p1a: Toedscruel\n|-damage|p1a: Toedscruel|86/100\n|-enditem|p1a: Toedscruel|Leftovers|[from] move: Knock Off|[of] p2a: Iron Treads\n|move|p1a: Toedscruel|Spore|p2a: Iron Treads\n|-status|p2a: Iron Treads|slp|[from] move: Spore\n|\n|upkeep\n|turn|3\n|\n|t:|1695177227\n|-end|p2a: Iron Treads|Quark Drive|[silent]\n|switch|p2a: Clefable|Clefable, M|100/100\n|move|p1a: Toedscruel|Spikes|p2a: Clefable\n|-sidestart|p2: Skully tree|Spikes\n|\n|upkeep\n|turn|4\n|\n|t:|1695177231\n|move|p1a: Toedscruel|Knock Off|p2a: Clefable\n|-resisted|p2a: Clefable\n|-damage|p2a: Clefable|92/100\n|-enditem|p2a: Clefable|Leftovers|[from] move: Knock Off|[of] p1a: Toedscruel\n|move|p2a: Clefable|Stealth Rock|p1a: Toedscruel\n|-sidestart|p1: JeanC17|move: Stealth Rock\n|\n|upkeep\n|turn|5\n|\n|t:|1695177239\n|switch|p2a: Gliscor|Gliscor, M|100/100\n|move|p1a: Toedscruel|Rapid Spin|p2a: Gliscor\n|-damage|p2a: Gliscor|95/100\n|-boost|p1a: Toedscruel|spe|1\n|-sideend|p1: JeanC17|Stealth Rock|[from] move: Rapid Spin|[of] p1a: Toedscruel\n|\n|-status|p2a: Gliscor|tox|[from] item: Toxic Orb\n|upkeep\n|turn|6\n|\n|t:|1695177256\n|switch|p1a: Ninetales|Ninetales-Alola, M|100/100\n|-weather|Snow|[from] ability: Snow Warning|[of] p1a: Ninetales\n|move|p2a: Gliscor|Toxic|p1a: Ninetales\n|-status|p1a: Ninetales|tox\n|\n|-weather|Snow|[upkeep]\n|-damage|p1a: Ninetales|94/100 tox|[from] psn\n|-heal|p2a: Gliscor|100/100 tox|[from] ability: Poison Heal\n|upkeep\n|turn|7\n|\n|t:|1695177262\n|switch|p2a: Iron Treads|Iron Treads|100/100 slp\n|-damage|p2a: Iron Treads|88/100 slp|[from] Spikes\n|move|p1a: Ninetales|Aurora Veil|p1a: Ninetales\n|-sidestart|p1: JeanC17|move: Aurora Veil\n|\n|-weather|Snow|[upkeep]\n|-damage|p1a: Ninetales|82/100 tox|[from] psn\n|upkeep\n|turn|8\n|\n|t:|1695177275\n|switch|p1a: Staraptor|Staraptor, M|100/100\n|-ability|p1a: Staraptor|Intimidate|boost\n|-unboost|p2a: Iron Treads|atk|1\n|cant|p2a: Iron Treads|slp\n|\n|-weather|Snow|[upkeep]\n|upkeep\n|turn|9\n|\n|t:|1695177278\n|move|p1a: Staraptor|Final Gambit|p2a: Iron Treads\n|-damage|p2a: Iron Treads|0 fnt\n|faint|p1a: Staraptor\n|faint|p2a: Iron Treads\n|-end|p2a: Iron Treads|Quark Drive|[silent]\n|\n|-weather|Snow|[upkeep]\n|upkeep\n|\n|t:|1695177286\n|switch|p2a: Clefable|Clefable, M|92/100\n|switch|p1a: Toedscruel|Toedscruel, F|86/100\n|turn|10\n|\n|t:|1695177291\n|switch|p2a: Gliscor|Gliscor, M|100/100 tox\n|move|p1a: Toedscruel|Spore||[still]\n|-fail|p1a: Toedscruel\n|\n|-weather|none\n|upkeep\n|turn|11\n|\n|t:|1695177295\n|switch|p1a: Ninetales|Ninetales-Alola, M|82/100 tox\n|-weather|Snow|[from] ability: Snow Warning|[of] p1a: Ninetales\n|move|p2a: Gliscor|Toxic|p1a: Ninetales\n|-fail|p1a: Ninetales|tox\n|\n|-weather|Snow|[upkeep]\n|-damage|p1a: Ninetales|76/100 tox|[from] psn\n|upkeep\n|turn|12\n|\n|t:|1695177303\n|switch|p2a: Clefable|Clefable, M|92/100\n|move|p1a: Ninetales|Blizzard|p2a: Clefable\n|-damage|p2a: Clefable|69/100\n|\n|-weather|Snow|[upkeep]\n|-damage|p1a: Ninetales|64/100 tox|[from] psn\n|upkeep\n|turn|13\n|\n|t:|1695177308\n|switch|p1a: Toedscruel|Toedscruel, F|86/100\n|move|p2a: Clefable|Stealth Rock|p1a: Toedscruel\n|-sidestart|p1: JeanC17|move: Stealth Rock\n|\n|-weather|Snow|[upkeep]\n|upkeep\n|turn|14\n|\n|t:|1695177317\n|switch|p2a: Gliscor|Gliscor, M|100/100 tox\n|move|p1a: Toedscruel|Rapid Spin|p2a: Gliscor\n|-damage|p2a: Gliscor|95/100 tox\n|-boost|p1a: Toedscruel|spe|1\n|-sideend|p1: JeanC17|Stealth Rock|[from] move: Rapid Spin|[of] p1a: Toedscruel\n|\n|-weather|Snow|[upkeep]\n|-heal|p2a: Gliscor|100/100 tox|[from] ability: Poison Heal\n|-sideend|p1: JeanC17|move: Aurora Veil\n|upkeep\n|turn|15\n|\n|t:|1695177326\n|switch|p1a: Ninetales|Ninetales-Alola, M|64/100 tox\n|move|p2a: Gliscor|Spikes|p1a: Ninetales\n|-sidestart|p1: JeanC17|Spikes\n|\n|-weather|none\n|-damage|p1a: Ninetales|58/100 tox|[from] psn\n|upkeep\n|turn|16\n|\n|t:|1695177331\n|switch|p1a: Toedscruel|Toedscruel, F|86/100\n|-damage|p1a: Toedscruel|74/100|[from] Spikes\n|switch|p2a: Clefable|Clefable, M|69/100\n|\n|upkeep\n|turn|17\n|\n|t:|1695177341\n|switch|p2a: Gholdengo|Gholdengo|100/100\n|-damage|p2a: Gholdengo|88/100|[from] Spikes\n|move|p1a: Toedscruel|Spore|p2a: Gholdengo\n|-status|p2a: Gholdengo|slp|[from] move: Spore\n|\n|-heal|p2a: Gholdengo|94/100 slp|[from] item: Leftovers\n|upkeep\n|turn|18\n|-message|Skully tree forfeited.\n|\n|win|JeanC17\n|raw|JeanC17's rating: 1316 &rarr; <strong>1340</strong><br />(+24 for winning)\n|raw|Skully tree's rating: 1378 &rarr; <strong>1354</strong><br />(-24 for losing)\n|l|\u2606Skully tree\n", "uploadtime": 1695177348, "views": 4, "p1id": "jeanc17", "p2id": "skullytree", "formatid": "gen9ou", "rating": 1340, "private": 0, "password": ""}