{"id": "gen9ou-1947655005", "p1": "donkeballs", "p2": "Cinny69", "format": "gen9ou", "log": "|j|\u2606donkeballs\n|j|\u2606Cinny69\n|t:|1695182645\n|gametype|singles\n|player|p1|donkeballs|169|1096\n|player|p2|Cinny69|skyla|1165\n|teamsize|p1|6\n|teamsize|p2|6\n|gen|9\n|tier|[Gen 9] OU\n|rated|\n|rule|Sleep Clause Mod: Limit one foe put to sleep\n|rule|Species Clause: Limit one of each Pok\u00e9mon\n|rule|OHKO Clause: OHKO moves are banned\n|rule|Evasion Items Clause: Evasion items are banned\n|rule|Evasion Moves Clause: Evasion moves are banned\n|rule|Endless Battle Clause: Forcing endless battles is banned\n|rule|HP Percentage Mod: HP is shown in percentages\n|clearpoke\n|poke|p1|Iron Moth|\n|poke|p1|Ursaluna-Bloodmoon, M|\n|poke|p1|Great Tusk|\n|poke|p1|Kingambit, F|\n|poke|p1|Dragonite, F|\n|poke|p1|Iron Valiant|\n|poke|p2|Revavroom, F|\n|poke|p2|Hydreigon, F|\n|poke|p2|Chandelure, F|\n|poke|p2|Great Tusk|\n|poke|p2|Iron Valiant|\n|poke|p2|Milotic, F|\n|teampreview\n|inactive|Battle timer is ON: inactive players will automatically lose when time's up. (requested by Cinny69)\n|inactive|donkeballs also wants the timer to be on.\n|inactive|donkeballs has 120 seconds left.\n|\n|t:|1695182688\n|start\n|switch|p1a: Ursaluna|Ursaluna-Bloodmoon, M|100/100\n|switch|p2a: Milotic|Milotic, F, shiny|100/100\n|turn|1\n|inactive|donkeballs has 120 seconds left.\n|\n|t:|1695182732\n|switch|p1a: Iron Valiant|Iron Valiant|100/100\n|-enditem|p1a: Iron Valiant|Booster Energy\n|-activate|p1a: Iron Valiant|ability: Quark Drive|[fromitem]\n|-start|p1a: Iron Valiant|quarkdrivespe\n|move|p2a: Milotic|Scald|p1a: Iron Valiant\n|-crit|p1a: Iron Valiant\n|-damage|p1a: Iron Valiant|33/100\n|\n|-status|p2a: Milotic|brn|[from] item: Flame Orb\n|upkeep\n|turn|2\n|\n|t:|1695182743\n|-terastallize|p1a: Iron Valiant|Electric\n|move|p1a: Iron Valiant|Thunderbolt|p2a: Milotic\n|-supereffective|p2a: Milotic\n|-damage|p2a: Milotic|56/100 brn\n|move|p2a: Milotic|Scald|p1a: Iron Valiant\n|-damage|p1a: Iron Valiant|0 fnt\n|faint|p1a: Iron Valiant\n|-end|p1a: Iron Valiant|Quark Drive|[silent]\n|\n|-damage|p2a: Milotic|50/100 brn|[from] brn\n|upkeep\n|inactive|donkeballs has 120 seconds left.\n|\n|t:|1695182753\n|switch|p1a: Dragonite|Dragonite, F|100/100\n|turn|3\n|inactive|donkeballs has 120 seconds left.\n|\n|t:|1695182765\n|move|p1a: Dragonite|Earthquake|p2a: Milotic\n|-damage|p2a: Milotic|24/100 brn\n|move|p2a: Milotic|Recover|p2a: Milotic\n|-heal|p2a: Milotic|74/100 brn\n|\n|-damage|p2a: Milotic|68/100 brn|[from] brn\n|upkeep\n|turn|4\n|inactive|donkeballs has 120 seconds left.\n|\n|t:|1695182778\n|move|p1a: Dragonite|Earthquake|p2a: Milotic\n|-damage|p2a: Milotic|43/100 brn\n|move|p2a: Milotic|Scald|p1a: Dragonite\n|-resisted|p1a: Dragonite\n|-damage|p1a: Dragonite|94/100\n|-status|p1a: Dragonite|brn\n|\n|-damage|p1a: Dragonite|88/100 brn|[from] brn\n|-damage|p2a: Milotic|37/100 brn|[from] brn\n|upkeep\n|turn|5\n|inactive|donkeballs has 120 seconds left.\n|\n|t:|1695182789\n|move|p1a: Dragonite|Dragon Dance|p1a: Dragonite\n|-boost|p1a: Dragonite|atk|1\n|-boost|p1a: Dragonite|spe|1\n|move|p2a: Milotic|Recover|p2a: Milotic\n|-heal|p2a: Milotic|87/100 brn\n|\n|-damage|p1a: Dragonite|82/100 brn|[from] brn\n|-damage|p2a: Milotic|81/100 brn|[from] brn\n|upkeep\n|turn|6\n|\n|t:|1695182797\n|move|p1a: Dragonite|Encore|p2a: Milotic\n|-start|p2a: Milotic|Encore\n|move|p2a: Milotic|Recover|p2a: Milotic\n|-heal|p2a: Milotic|100/100 brn\n|\n|-damage|p1a: Dragonite|76/100 brn|[from] brn\n|-damage|p2a: Milotic|94/100 brn|[from] brn\n|upkeep\n|turn|7\n|\n|t:|1695182806\n|switch|p2a: Great Tusk|Great Tusk|100/100\n|move|p1a: Dragonite|Dragon Dance|p1a: Dragonite\n|-boost|p1a: Dragonite|atk|1\n|-boost|p1a: Dragonite|spe|1\n|\n|-damage|p1a: Dragonite|70/100 brn|[from] brn\n|upkeep\n|turn|8\n|\n|t:|1695182814\n|move|p1a: Dragonite|Extreme Speed|p2a: Great Tusk\n|-damage|p2a: Great Tusk|83/100\n|move|p2a: Great Tusk|Ice Spinner|p1a: Dragonite\n|-supereffective|p1a: Dragonite\n|-damage|p1a: Dragonite|0 fnt\n|faint|p1a: Dragonite\n|\n|upkeep\n|\n|t:|1695182818\n|switch|p1a: Ursaluna|Ursaluna-Bloodmoon, M|100/100\n|turn|9\n|\n|t:|1695182825\n|move|p2a: Great Tusk|Close Combat|p1a: Ursaluna\n|-supereffective|p1a: Ursaluna\n|-damage|p1a: Ursaluna|24/100\n|-unboost|p2a: Great Tusk|def|1\n|-unboost|p2a: Great Tusk|spd|1\n|move|p1a: Ursaluna|Calm Mind|p1a: Ursaluna\n|-boost|p1a: Ursaluna|spa|1\n|-boost|p1a: Ursaluna|spd|1\n|\n|-heal|p1a: Ursaluna|30/100|[from] item: Leftovers\n|upkeep\n|turn|10\n|-message|donkeballs forfeited.\n|\n|win|Cinny69\n|raw|donkeballs's rating: 1096 &rarr; <strong>1076</strong><br />(-20 for losing)\n|raw|Cinny69's rating: 1165 &rarr; <strong>1185</strong><br />(+20 for winning)\n|l|\u2606donkeballs\n", "uploadtime": 1695182841, "views": 5, "p1id": "donkeballs", "p2id": "cinny69", "formatid": "gen9ou", "rating": 1076, "private": 0, "password": ""}