{"id": "gen9ou-1947668931", "p1": "puffboy", "p2": "Psychic boy clancy", "format": "gen9ou", "log": "|j|\u2606puffboy\n|j|\u2606Psychic boy clancy\n|t:|1695184513\n|gametype|singles\n|player|p1|puffboy|265|1640\n|player|p2|Psychic boy clancy|pokefan-gen4|1586\n|teamsize|p1|6\n|teamsize|p2|6\n|gen|9\n|tier|[Gen 9] OU\n|rated|\n|rule|Sleep Clause Mod: Limit one foe put to sleep\n|rule|Species Clause: Limit one of each Pok\u00e9mon\n|rule|OHKO Clause: OHKO moves are banned\n|rule|Evasion Items Clause: Evasion items are banned\n|rule|Evasion Moves Clause: Evasion moves are banned\n|rule|Endless Battle Clause: Forcing endless battles is banned\n|rule|HP Percentage Mod: HP is shown in percentages\n|clearpoke\n|poke|p1|Scream Tail|\n|poke|p1|Ursaluna-Bloodmoon, M|\n|poke|p1|Jirachi|\n|poke|p1|Sinistcha-Masterpiece|\n|poke|p1|Samurott-Hisui, M|\n|poke|p1|Great Tusk|\n|poke|p2|Crawdaunt, M|\n|poke|p2|Cinderace, F|\n|poke|p2|Enamorus, F|\n|poke|p2|Garganacl, M|\n|poke|p2|Kingambit, F|\n|poke|p2|Slowking-Galar, M|\n|teampreview\n|\n|t:|1695184531\n|start\n|switch|p1a: Jirachi|Jirachi|100/100\n|switch|p2a: Enamorus|Enamorus, F|100/100\n|turn|1\n|inactive|Battle timer is ON: inactive players will automatically lose when time's up. (requested by puffboy)\n|\n|t:|1695184539\n|switch|p2a: Cinderace|Cinderace, F|100/100\n|move|p1a: Jirachi|Iron Head|p2a: Cinderace\n|-resisted|p2a: Cinderace\n|-damage|p2a: Cinderace|77/100\n|\n|upkeep\n|turn|2\n|\n|t:|1695184546\n|switch|p1a: Great Tusk|Great Tusk|100/100\n|move|p2a: Cinderace|Pyro Ball|p1a: Great Tusk\n|-damage|p1a: Great Tusk|69/100\n|\n|-heal|p1a: Great Tusk|75/100|[from] item: Leftovers\n|upkeep\n|turn|3\n|\n|t:|1695184553\n|move|p2a: Cinderace|Will-O-Wisp|p1a: Great Tusk\n|-status|p1a: Great Tusk|brn\n|move|p1a: Great Tusk|Stealth Rock|p2a: Cinderace\n|-sidestart|p2: Psychic boy clancy|move: Stealth Rock\n|\n|-heal|p1a: Great Tusk|81/100 brn|[from] item: Leftovers\n|-damage|p1a: Great Tusk|75/100 brn|[from] brn\n|upkeep\n|turn|4\n|\n|t:|1695184563\n|move|p2a: Cinderace|Court Change|p2a: Cinderace\n|-start|p2a: Cinderace|typechange|Normal|[from] ability: Libero\n|-swapsideconditions\n|-activate|p2a: Cinderace|move: Court Change\n|move|p1a: Great Tusk|Rapid Spin|p2a: Cinderace\n|-damage|p2a: Cinderace|66/100\n|-boost|p1a: Great Tusk|spe|1\n|-sideend|p1: puffboy|Stealth Rock|[from] move: Rapid Spin|[of] p1a: Great Tusk\n|\n|-heal|p1a: Great Tusk|81/100 brn|[from] item: Leftovers\n|-damage|p1a: Great Tusk|75/100 brn|[from] brn\n|upkeep\n|turn|5\n|\n|t:|1695184574\n|move|p2a: Cinderace|Court Change||[still]\n|-swapsideconditions\n|-fail|p2a: Cinderace\n|move|p1a: Great Tusk|Knock Off|p2a: Cinderace\n|-damage|p2a: Cinderace|46/100\n|-enditem|p2a: Cinderace|Heavy-Duty Boots|[from] move: Knock Off|[of] p1a: Great Tusk\n|\n|-heal|p1a: Great Tusk|81/100 brn|[from] item: Leftovers\n|-damage|p1a: Great Tusk|75/100 brn|[from] brn\n|upkeep\n|turn|6\n|\n|t:|1695184582\n|move|p2a: Cinderace|Pyro Ball|p1a: Great Tusk\n|-damage|p1a: Great Tusk|55/100 brn\n|move|p1a: Great Tusk|Earthquake|p2a: Cinderace\n|-damage|p2a: Cinderace|12/100\n|\n|-heal|p1a: Great Tusk|61/100 brn|[from] item: Leftovers\n|-damage|p1a: Great Tusk|55/100 brn|[from] brn\n|upkeep\n|turn|7\n|\n|t:|1695184590\n|move|p2a: Cinderace|Pyro Ball|p1a: Great Tusk\n|-damage|p1a: Great Tusk|34/100 brn\n|move|p1a: Great Tusk|Knock Off|p2a: Cinderace\n|-crit|p2a: Cinderace\n|-damage|p2a: Cinderace|0 fnt\n|faint|p2a: Cinderace\n|\n|-heal|p1a: Great Tusk|40/100 brn|[from] item: Leftovers\n|-damage|p1a: Great Tusk|34/100 brn|[from] brn\n|upkeep\n|\n|t:|1695184605\n|switch|p2a: Enamorus|Enamorus, F|100/100\n|turn|8\n|\n|t:|1695184612\n|-end|p1a: Great Tusk|Protosynthesis|[silent]\n|switch|p1a: Sinistcha|Sinistcha-Masterpiece|100/100\n|move|p2a: Enamorus|Earth Power|p1a: Sinistcha\n|-resisted|p1a: Sinistcha\n|-damage|p1a: Sinistcha|81/100\n|\n|-heal|p1a: Sinistcha|87/100|[from] item: Leftovers\n|upkeep\n|turn|9\n|\n|t:|1695184630\n|switch|p2a: Kingambit|Kingambit, F|100/100\n|-activate|p2a: Kingambit|ability: Supreme Overlord\n|-start|p2a: Kingambit|fallen1|[silent]\n|move|p1a: Sinistcha|Calm Mind|p1a: Sinistcha\n|-boost|p1a: Sinistcha|spa|1\n|-boost|p1a: Sinistcha|spd|1\n|\n|-heal|p1a: Sinistcha|93/100|[from] item: Leftovers\n|upkeep\n|turn|10\n|\n|t:|1695184641\n|-terastallize|p1a: Sinistcha|Water\n|move|p2a: Kingambit|Kowtow Cleave|p1a: Sinistcha\n|-damage|p1a: Sinistcha|53/100\n|move|p1a: Sinistcha|Matcha Gotcha|p2a: Kingambit\n|-resisted|p2a: Kingambit\n|-damage|p2a: Kingambit|73/100\n|-heal|p1a: Sinistcha|67/100|[from] drain|[of] p2a: Kingambit\n|-status|p2a: Kingambit|brn\n|\n|-heal|p2a: Kingambit|79/100 brn|[from] item: Leftovers\n|-heal|p1a: Sinistcha|73/100|[from] item: Leftovers\n|-damage|p2a: Kingambit|73/100 brn|[from] brn\n|upkeep\n|turn|11\n|\n|t:|1695184664\n|move|p2a: Kingambit|Swords Dance|p2a: Kingambit\n|-boost|p2a: Kingambit|atk|2\n|move|p1a: Sinistcha|Calm Mind|p1a: Sinistcha\n|-boost|p1a: Sinistcha|spa|1\n|-boost|p1a: Sinistcha|spd|1\n|\n|-heal|p2a: Kingambit|79/100 brn|[from] item: Leftovers\n|-heal|p1a: Sinistcha|79/100|[from] item: Leftovers\n|-damage|p2a: Kingambit|73/100 brn|[from] brn\n|upkeep\n|turn|12\n|\n|t:|1695184691\n|move|p2a: Kingambit|Swords Dance|p2a: Kingambit\n|-boost|p2a: Kingambit|atk|2\n|move|p1a: Sinistcha|Scald|p2a: Kingambit\n|-damage|p2a: Kingambit|3/100 brn\n|\n|-heal|p2a: Kingambit|9/100 brn|[from] item: Leftovers\n|-heal|p1a: Sinistcha|85/100|[from] item: Leftovers\n|-damage|p2a: Kingambit|3/100 brn|[from] brn\n|upkeep\n|turn|13\n|\n|t:|1695184703\n|switch|p1a: Great Tusk|Great Tusk|34/100 brn\n|move|p2a: Kingambit|Kowtow Cleave|p1a: Great Tusk\n|-resisted|p1a: Great Tusk\n|-damage|p1a: Great Tusk|12/100 brn\n|\n|-heal|p1a: Great Tusk|18/100 brn|[from] item: Leftovers\n|-heal|p2a: Kingambit|9/100 brn|[from] item: Leftovers\n|-damage|p1a: Great Tusk|12/100 brn|[from] brn\n|-damage|p2a: Kingambit|3/100 brn|[from] brn\n|upkeep\n|turn|14\n|\n|t:|1695184713\n|move|p1a: Great Tusk|Rapid Spin|p2a: Kingambit\n|-resisted|p2a: Kingambit\n|-damage|p2a: Kingambit|0 fnt\n|-boost|p1a: Great Tusk|spe|1\n|faint|p2a: Kingambit\n|-end|p2a: Kingambit|fallen1|[silent]\n|\n|-heal|p1a: Great Tusk|18/100 brn|[from] item: Leftovers\n|-damage|p1a: Great Tusk|12/100 brn|[from] brn\n|upkeep\n|j| No nice name left\n|\n|t:|1695184727\n|switch|p2a: Crawdaunt|Crawdaunt, M|100/100\n|turn|15\n|\n|t:|1695184731\n|move|p2a: Crawdaunt|Aqua Jet|p1a: Great Tusk\n|-supereffective|p1a: Great Tusk\n|-damage|p1a: Great Tusk|0 fnt\n|faint|p1a: Great Tusk\n|-end|p1a: Great Tusk|Protosynthesis|[silent]\n|\n|upkeep\n|\n|t:|1695184744\n|switch|p1a: Jirachi|Jirachi|100/100\n|turn|16\n|\n|t:|1695184758\n|move|p1a: Jirachi|U-turn|p2a: Crawdaunt\n|-supereffective|p2a: Crawdaunt\n|-damage|p2a: Crawdaunt|45/100\n|\n|t:|1695184764\n|switch|p1a: Samurott|Samurott-Hisui, M|100/100|[from] U-turn\n|move|p2a: Crawdaunt|Knock Off|p1a: Samurott\n|-resisted|p1a: Samurott\n|-damage|p1a: Samurott|56/100\n|-enditem|p1a: Samurott|Black Glasses|[from] move: Knock Off|[of] p2a: Crawdaunt\n|\n|upkeep\n|turn|17\n|\n|t:|1695184771\n|move|p1a: Samurott|Sacred Sword|p2a: Crawdaunt\n|-supereffective|p2a: Crawdaunt\n|-damage|p2a: Crawdaunt|0 fnt\n|faint|p2a: Crawdaunt\n|\n|upkeep\n|\n|t:|1695184782\n|switch|p2a: Garganacl|Garganacl, M|100/100\n|turn|18\n|\n|t:|1695184790\n|-terastallize|p2a: Garganacl|Water\n|move|p1a: Samurott|Aqua Cutter|p2a: Garganacl\n|-resisted|p2a: Garganacl\n|-damage|p2a: Garganacl|89/100\n|move|p2a: Garganacl|Salt Cure|p1a: Samurott\n|-damage|p1a: Samurott|39/100\n|-start|p1a: Samurott|Salt Cure\n|\n|-heal|p2a: Garganacl|95/100|[from] item: Leftovers\n|-damage|p1a: Samurott|14/100|[from] Salt Cure\n|upkeep\n|turn|19\n|\n|t:|1695184809\n|switch|p2a: Enamorus|Enamorus, F|100/100\n|move|p1a: Samurott|Ceaseless Edge|p2a: Enamorus\n|-resisted|p2a: Enamorus\n|-crit|p2a: Enamorus\n|-damage|p2a: Enamorus|53/100\n|-sidestart|p2: Psychic boy clancy|Spikes\n|\n|-damage|p1a: Samurott|0 fnt|[from] Salt Cure\n|faint|p1a: Samurott\n|upkeep\n|j| enrage warrior hs\n|\n|t:|1695184827\n|switch|p1a: Jirachi|Jirachi|100/100\n|turn|20\n|\n|t:|1695184837\n|move|p1a: Jirachi|U-turn|p2a: Enamorus\n|-resisted|p2a: Enamorus\n|-damage|p2a: Enamorus|45/100\n|\n|t:|1695184840\n|switch|p1a: Scream Tail|Scream Tail|100/100|[from] U-turn\n|move|p2a: Enamorus|Earth Power|p1a: Scream Tail\n|-crit|p1a: Scream Tail\n|-damage|p1a: Scream Tail|65/100\n|\n|-heal|p1a: Scream Tail|71/100|[from] item: Leftovers\n|upkeep\n|turn|21\n|\n|t:|1695184848\n|switch|p2a: Slowking|Slowking-Galar, M|100/100\n|-damage|p2a: Slowking|88/100|[from] Spikes\n|move|p1a: Scream Tail|Thunder Wave|p2a: Slowking|[miss]\n|-miss|p1a: Scream Tail|p2a: Slowking\n|\n|-heal|p1a: Scream Tail|78/100|[from] item: Leftovers\n|-heal|p2a: Slowking|94/100|[from] item: Leftovers\n|upkeep\n|turn|22\n|\n|t:|1695184865\n|-end|p1a: Scream Tail|Protosynthesis|[silent]\n|switch|p1a: Ursaluna|Ursaluna-Bloodmoon, M|100/100\n|move|p2a: Slowking|Chilly Reception|p2a: Slowking\n|-weather|Snow\n|\n|t:|1695184871\n|switch|p2a: Enamorus|Enamorus, F|45/100|[from] Chilly Reception\n|\n|-weather|Snow|[upkeep]\n|upkeep\n|turn|23\n|\n|t:|1695184877\n|switch|p1a: Jirachi|Jirachi|100/100\n|move|p2a: Enamorus|Mystical Fire|p1a: Jirachi\n|-supereffective|p1a: Jirachi\n|-damage|p1a: Jirachi|47/100\n|-unboost|p1a: Jirachi|spa|1\n|\n|-weather|Snow|[upkeep]\n|upkeep\n|turn|24\n|j| Rheinhardt\n|\n|t:|1695184891\n|switch|p2a: Garganacl|Garganacl, M, tera:Water|95/100\n|-damage|p2a: Garganacl|82/100|[from] Spikes\n|move|p1a: Jirachi|Stealth Rock|p2a: Garganacl\n|-sidestart|p2: Psychic boy clancy|move: Stealth Rock\n|\n|-weather|Snow|[upkeep]\n|-heal|p2a: Garganacl|89/100|[from] item: Leftovers\n|upkeep\n|turn|25\n|\n|t:|1695184917\n|switch|p1a: Scream Tail|Scream Tail|78/100\n|move|p2a: Garganacl|Salt Cure|p1a: Scream Tail\n|-damage|p1a: Scream Tail|69/100\n|-start|p1a: Scream Tail|Salt Cure\n|\n|-weather|Snow|[upkeep]\n|-heal|p1a: Scream Tail|75/100|[from] item: Leftovers\n|-heal|p2a: Garganacl|95/100|[from] item: Leftovers\n|-damage|p1a: Scream Tail|62/100|[from] Salt Cure\n|upkeep\n|turn|26\n|\n|t:|1695184926\n|switch|p2a: Enamorus|Enamorus, F|45/100\n|-damage|p2a: Enamorus|20/100|[from] Stealth Rock\n|move|p1a: Scream Tail|Wish|p1a: Scream Tail\n|\n|-weather|none\n|-heal|p1a: Scream Tail|69/100|[from] item: Leftovers\n|-damage|p1a: Scream Tail|56/100|[from] Salt Cure\n|upkeep\n|turn|27\n|\n|t:|1695184936\n|move|p2a: Enamorus|Earth Power|p1a: Scream Tail\n|-damage|p1a: Scream Tail|33/100\n|move|p1a: Scream Tail|Dazzling Gleam|p2a: Enamorus\n|-damage|p2a: Enamorus|0 fnt\n|faint|p2a: Enamorus\n|\n|-heal|p1a: Scream Tail|83/100|[from] move: Wish|[wisher] Scream Tail\n|-heal|p1a: Scream Tail|89/100|[from] item: Leftovers\n|-damage|p1a: Scream Tail|77/100|[from] Salt Cure\n|upkeep\n|\n|t:|1695184948\n|switch|p2a: Slowking|Slowking-Galar, M|100/100\n|-damage|p2a: Slowking|88/100|[from] Spikes\n|-damage|p2a: Slowking|76/100|[from] Stealth Rock\n|turn|28\n|\n|t:|1695184956\n|move|p1a: Scream Tail|Wish|p1a: Scream Tail\n|move|p2a: Slowking|Chilly Reception|p2a: Slowking\n|-weather|Snow\n|\n|t:|1695184966\n|switch|p2a: Garganacl|Garganacl, M, tera:Water|95/100|[from] Chilly Reception\n|-damage|p2a: Garganacl|82/100|[from] Spikes\n|-damage|p2a: Garganacl|70/100|[from] Stealth Rock\n|\n|-weather|Snow|[upkeep]\n|-heal|p1a: Scream Tail|83/100|[from] item: Leftovers\n|-heal|p2a: Garganacl|76/100|[from] item: Leftovers\n|-damage|p1a: Scream Tail|71/100|[from] Salt Cure\n|upkeep\n|turn|29\n|\n|t:|1695184979\n|move|p1a: Scream Tail|Dazzling Gleam|p2a: Garganacl\n|-damage|p2a: Garganacl|60/100\n|move|p2a: Garganacl|Recover|p2a: Garganacl\n|-heal|p2a: Garganacl|100/100\n|\n|-weather|Snow|[upkeep]\n|-heal|p1a: Scream Tail|100/100|[from] move: Wish|[wisher] Scream Tail\n|-damage|p1a: Scream Tail|88/100|[from] Salt Cure\n|upkeep\n|turn|30\n|\n|t:|1695184988\n|move|p1a: Scream Tail|Encore|p2a: Garganacl\n|-start|p2a: Garganacl|Encore\n|move|p2a: Garganacl|Recover||[still]\n|-fail|p2a: Garganacl|heal\n|\n|-weather|Snow|[upkeep]\n|-heal|p1a: Scream Tail|94/100|[from] item: Leftovers\n|-damage|p1a: Scream Tail|82/100|[from] Salt Cure\n|upkeep\n|turn|31\n|\n|t:|1695184995\n|-end|p1a: Scream Tail|Protosynthesis|[silent]\n|switch|p1a: Ursaluna|Ursaluna-Bloodmoon, M|100/100\n|switch|p2a: Slowking|Slowking-Galar, M|100/100\n|-damage|p2a: Slowking|88/100|[from] Spikes\n|-damage|p2a: Slowking|76/100|[from] Stealth Rock\n|\n|-weather|Snow|[upkeep]\n|-heal|p2a: Slowking|82/100|[from] item: Leftovers\n|upkeep\n|turn|32\n|\n|t:|1695185007\n|move|p1a: Ursaluna|Calm Mind|p1a: Ursaluna\n|-boost|p1a: Ursaluna|spa|1\n|-boost|p1a: Ursaluna|spd|1\n|move|p2a: Slowking|Sludge Bomb|p1a: Ursaluna\n|-resisted|p1a: Ursaluna\n|-damage|p1a: Ursaluna|89/100\n|\n|-weather|none\n|-heal|p1a: Ursaluna|95/100|[from] item: Leftovers\n|-heal|p2a: Slowking|88/100|[from] item: Leftovers\n|upkeep\n|turn|33\n|-message|Psychic boy clancy forfeited.\n|\n|win|puffboy\n|raw|puffboy's rating: 1640 &rarr; <strong>1657</strong><br />(+17 for winning)\n|raw|Psychic boy clancy's rating: 1586 &rarr; <strong>1569</strong><br />(-17 for losing)\n|l|\u2606Psychic boy clancy\n|c|\u2606puffboy|gg\n|l|\u2606puffboy\n|l| Rheinhardt\n", "uploadtime": 1695185621, "views": 3, "p1id": "puffboy", "p2id": "psychicboyclancy", "formatid": "gen9ou", "rating": 1569, "private": 0, "password": ""}