{"id": "gen9ou-1947593337", "p1": "LaxativeCement", "p2": "Robert333", "format": "gen9ou", "log": "|j|\u2606LaxativeCement\n|j|\u2606Robert333\n|t:|1695175871\n|gametype|singles\n|player|p1|LaxativeCement|lucas|1744\n|player|p2|Robert333|lance|1706\n|teamsize|p1|6\n|teamsize|p2|6\n|gen|9\n|tier|[Gen 9] OU\n|rated|\n|rule|Sleep Clause Mod: Limit one foe put to sleep\n|rule|Species Clause: Limit one of each Pok\u00e9mon\n|rule|OHKO Clause: OHKO moves are banned\n|rule|Evasion Items Clause: Evasion items are banned\n|rule|Evasion Moves Clause: Evasion moves are banned\n|rule|Endless Battle Clause: Forcing endless battles is banned\n|rule|HP Percentage Mod: HP is shown in percentages\n|clearpoke\n|poke|p1|Ursaluna-Bloodmoon, M|\n|poke|p1|Torterra, F|\n|poke|p1|Enamorus, F|\n|poke|p1|Great Tusk|\n|poke|p1|Meowscarada, F|\n|poke|p1|Kingambit, M|\n|poke|p2|Dragapult, F|\n|poke|p2|Ceruledge, F|\n|poke|p2|Dragonite, F|\n|poke|p2|Goodra-Hisui, M|\n|poke|p2|Iron Valiant|\n|poke|p2|Great Tusk|\n|teampreview\n|inactive|Battle timer is ON: inactive players will automatically lose when time's up. (requested by LaxativeCement)\n|j| pppppeg\n|\n|t:|1695175895\n|start\n|switch|p1a: Nam|Enamorus, F|100/100\n|switch|p2a: Dragapult|Dragapult, F, shiny|100/100\n|turn|1\n|\n|t:|1695175899\n|switch|p2a: Goodra|Goodra-Hisui, M|100/100\n|move|p1a: Nam|Moonblast|p2a: Goodra\n|-damage|p2a: Goodra|72/100\n|\n|upkeep\n|turn|2\n|j| zikilemini\n|\n|t:|1695175910\n|switch|p1a: Kingarry|Kingambit, M|100/100\n|move|p2a: Goodra|Knock Off|p1a: Kingarry\n|-resisted|p1a: Kingarry\n|-damage|p1a: Kingarry|92/100\n|-enditem|p1a: Kingarry|Leftovers|[from] move: Knock Off|[of] p2a: Goodra\n|\n|upkeep\n|turn|3\n|\n|t:|1695175917\n|switch|p2a: Great Tusk|Great Tusk|100/100\n|move|p1a: Kingarry|Kowtow Cleave|p2a: Great Tusk\n|-resisted|p2a: Great Tusk\n|-damage|p2a: Great Tusk|87/100\n|\n|-heal|p2a: Great Tusk|94/100|[from] item: Leftovers\n|upkeep\n|turn|4\n|l| zikilemini\n|\n|t:|1695175926\n|-end|p1a: Kingarry|fallenundefined|[silent]\n|switch|p1a: Nam|Enamorus, F|100/100\n|move|p2a: Great Tusk|Stealth Rock|p1a: Nam\n|-sidestart|p1: LaxativeCement|move: Stealth Rock\n|\n|-heal|p2a: Great Tusk|99/100|[from] item: Leftovers\n|upkeep\n|turn|5\n|\n|t:|1695175932\n|-end|p2a: Great Tusk|Protosynthesis|[silent]\n|switch|p2a: Ceruledge|Ceruledge, F, shiny|100/100\n|move|p1a: Nam|Moonblast|p2a: Ceruledge\n|-resisted|p2a: Ceruledge\n|-damage|p2a: Ceruledge|74/100\n|\n|-heal|p2a: Ceruledge|80/100|[from] item: Leftovers\n|upkeep\n|turn|6\n|\n|t:|1695175936\n|switch|p1a: Mammoth Graveyard|Great Tusk|100/100\n|-damage|p1a: Mammoth Graveyard|98/100|[from] Stealth Rock\n|move|p2a: Ceruledge|Bulk Up|p2a: Ceruledge\n|-boost|p2a: Ceruledge|atk|1\n|-boost|p2a: Ceruledge|def|1\n|\n|-heal|p1a: Mammoth Graveyard|100/100|[from] item: Leftovers\n|-heal|p2a: Ceruledge|87/100|[from] item: Leftovers\n|upkeep\n|turn|7\n|\n|t:|1695175939\n|-terastallize|p2a: Ceruledge|Bug\n|move|p1a: Mammoth Graveyard|Earthquake|p2a: Ceruledge\n|-resisted|p2a: Ceruledge\n|-damage|p2a: Ceruledge|70/100\n|move|p2a: Ceruledge|Bulk Up|p2a: Ceruledge\n|-boost|p2a: Ceruledge|atk|1\n|-boost|p2a: Ceruledge|def|1\n|\n|-heal|p2a: Ceruledge|76/100|[from] item: Leftovers\n|upkeep\n|turn|8\n|\n|t:|1695175949\n|move|p1a: Mammoth Graveyard|Rapid Spin|p2a: Ceruledge\n|-damage|p2a: Ceruledge|68/100\n|-boost|p1a: Mammoth Graveyard|spe|1\n|-sideend|p1: LaxativeCement|Stealth Rock|[from] move: Rapid Spin|[of] p1a: Mammoth Graveyard\n|move|p2a: Ceruledge|Bitter Blade|p1a: Mammoth Graveyard\n|-damage|p1a: Mammoth Graveyard|67/100\n|-heal|p2a: Ceruledge|88/100|[from] drain|[of] p1a: Mammoth Graveyard\n|\n|-heal|p1a: Mammoth Graveyard|74/100|[from] item: Leftovers\n|-heal|p2a: Ceruledge|95/100|[from] item: Leftovers\n|upkeep\n|turn|9\n|j| vip10086\n|\n|t:|1695175962\n|-end|p1a: Mammoth Graveyard|Protosynthesis|[silent]\n|switch|p1a: Torterra|Torterra, F|100/100\n|move|p2a: Ceruledge|Bitter Blade|p1a: Torterra\n|-supereffective|p1a: Torterra\n|-damage|p1a: Torterra|0 fnt\n|-heal|p2a: Ceruledge|100/100|[from] drain|[of] p1a: Torterra\n|faint|p1a: Torterra\n|\n|upkeep\n|\n|t:|1695175978\n|switch|p1a: Meningitis|Ursaluna-Bloodmoon, M|100/100\n|turn|10\n|\n|t:|1695175991\n|-terastallize|p1a: Meningitis|Fighting\n|move|p2a: Ceruledge|Bitter Blade|p1a: Meningitis\n|-damage|p1a: Meningitis|45/100\n|move|p1a: Meningitis|Blood Moon|p2a: Ceruledge\n|-damage|p2a: Ceruledge|45/100\n|\n|-heal|p2a: Ceruledge|51/100|[from] item: Leftovers\n|-heal|p1a: Meningitis|51/100|[from] item: Leftovers\n|upkeep\n|turn|11\n|\n|t:|1695175998\n|move|p1a: Meningitis|Vacuum Wave|p2a: Ceruledge\n|-resisted|p2a: Ceruledge\n|-damage|p2a: Ceruledge|43/100\n|move|p2a: Ceruledge|Bitter Blade|p1a: Meningitis\n|-damage|p1a: Meningitis|0 fnt\n|-heal|p2a: Ceruledge|72/100|[from] drain|[of] p1a: Meningitis\n|faint|p1a: Meningitis\n|\n|-heal|p2a: Ceruledge|78/100|[from] item: Leftovers\n|upkeep\n|c|\u2606LaxativeCement|gg\n|\n|t:|1695176007\n|switch|p1a: Nam|Enamorus, F|100/100\n|turn|12\n|\n|t:|1695176010\n|move|p1a: Nam|Moonblast|p2a: Ceruledge\n|-damage|p2a: Ceruledge|25/100\n|-unboost|p2a: Ceruledge|spa|1\n|move|p2a: Ceruledge|Bitter Blade|p1a: Nam\n|-damage|p1a: Nam|0 fnt\n|-heal|p2a: Ceruledge|66/100|[from] drain|[of] p1a: Nam\n|faint|p1a: Nam\n|\n|-heal|p2a: Ceruledge|73/100|[from] item: Leftovers\n|upkeep\n|-message|LaxativeCement forfeited.\n|\n|win|Robert333\n|raw|LaxativeCement's rating: 1744 &rarr; <strong>1722</strong><br />(-22 for losing)\n|raw|Robert333's rating: 1706 &rarr; <strong>1728</strong><br />(+22 for winning)\n|l|\u2606LaxativeCement\n|l|\u2606Robert333\n|j|\u2606Robert333\n|player|p2|Robert333|lance\n", "uploadtime": 1695176033, "views": 3, "p1id": "laxativecement", "p2id": "robert333", "formatid": "gen9ou", "rating": 1722, "private": 0, "password": ""}