{"id": "gen9ou-1947701718", "p1": "Bump is testing", "p2": "aJAY Gamin'", "format": "gen9ou", "log": "|j|\u2606Bump is testing\n|j|\u2606aJAY Gamin'\n|t:|1695189375\n|gametype|singles\n|player|p1|Bump is testing|giovanni|1371\n|player|p2|aJAY Gamin'|hilbert|1267\n|teamsize|p1|6\n|teamsize|p2|6\n|gen|9\n|tier|[Gen 9] OU\n|rated|\n|rule|Sleep Clause Mod: Limit one foe put to sleep\n|rule|Species Clause: Limit one of each Pok\u00e9mon\n|rule|OHKO Clause: OHKO moves are banned\n|rule|Evasion Items Clause: Evasion items are banned\n|rule|Evasion Moves Clause: Evasion moves are banned\n|rule|Endless Battle Clause: Forcing endless battles is banned\n|rule|HP Percentage Mod: HP is shown in percentages\n|clearpoke\n|poke|p1|Clefable, F|\n|poke|p1|Zamazenta-*|\n|poke|p1|Corviknight, M|\n|poke|p1|Cinderace, M|\n|poke|p1|Greninja-*, M|\n|poke|p1|Garchomp, F|\n|poke|p2|Ogerpon-Hearthflame, F|\n|poke|p2|Ursaluna-Bloodmoon, M|\n|poke|p2|Conkeldurr, M|\n|poke|p2|Scream Tail|\n|poke|p2|Munkidori, M|\n|poke|p2|Alomomola, F|\n|teampreview\n|inactive|Battle timer is ON: inactive players will automatically lose when time's up. (requested by aJAY Gamin')\n|\n|t:|1695189401\n|start\n|switch|p1a: Greninja|Greninja, M|100/100\n|switch|p2a: Scream Tail|Scream Tail, shiny|100/100\n|turn|1\n|\n|t:|1695189421\n|move|p1a: Greninja|Surf|p2a: Scream Tail\n|-damage|p2a: Scream Tail|71/100\n|move|p2a: Scream Tail|Thunder Wave|p1a: Greninja\n|-status|p1a: Greninja|par\n|\n|-heal|p2a: Scream Tail|77/100|[from] item: Leftovers\n|upkeep\n|turn|2\n|\n|t:|1695189431\n|switch|p1a: Clefable|Clefable, F|100/100\n|move|p2a: Scream Tail|Stealth Rock|p1a: Clefable\n|-sidestart|p1: Bump is testing|move: Stealth Rock\n|\n|-heal|p2a: Scream Tail|83/100|[from] item: Leftovers\n|upkeep\n|turn|3\n|\n|t:|1695189437\n|move|p2a: Scream Tail|Thunder Wave|p1a: Clefable\n|-status|p1a: Clefable|par\n|move|p1a: Clefable|Thunder Wave|p2a: Scream Tail\n|-status|p2a: Scream Tail|par\n|\n|-heal|p2a: Scream Tail|89/100 par|[from] item: Leftovers\n|upkeep\n|turn|4\n|\n|t:|1695189445\n|-end|p2a: Scream Tail|Protosynthesis|[silent]\n|switch|p2a: Conkeldurr|Conkeldurr, M, shiny|100/100\n|move|p1a: Clefable|Wish|p1a: Clefable\n|\n|-status|p2a: Conkeldurr|brn|[from] item: Flame Orb\n|upkeep\n|turn|5\n|\n|t:|1695189466\n|switch|p2a: Munkidori|Munkidori, M|100/100\n|switch|p1a: Zamazenta|Zamazenta|100/100\n|-damage|p1a: Zamazenta|94/100|[from] Stealth Rock\n|-ability|p1a: Zamazenta|Dauntless Shield|boost\n|-boost|p1a: Zamazenta|def|1\n|\n|-heal|p1a: Zamazenta|100/100|[from] move: Wish|[wisher] Clefable\n|upkeep\n|turn|6\n|\n|t:|1695189486\n|move|p1a: Zamazenta|Substitute|p1a: Zamazenta\n|-start|p1a: Zamazenta|Substitute\n|-damage|p1a: Zamazenta|76/100\n|move|p2a: Munkidori|Future Sight|p1a: Zamazenta\n|-start|p2a: Munkidori|move: Future Sight\n|\n|-heal|p1a: Zamazenta|82/100|[from] item: Leftovers\n|upkeep\n|turn|7\n|inactive|Bump is testing has 120 seconds left.\n|\n|t:|1695189505\n|move|p1a: Zamazenta|Protect|p1a: Zamazenta\n|-singleturn|p1a: Zamazenta|Protect\n|move|p2a: Munkidori|Sludge Wave|p1a: Zamazenta\n|-activate|p1a: Zamazenta|move: Protect\n|\n|-heal|p1a: Zamazenta|88/100|[from] item: Leftovers\n|upkeep\n|turn|8\n|\n|t:|1695189513\n|switch|p1a: Corviknight|Corviknight, M|100/100\n|-damage|p1a: Corviknight|88/100|[from] Stealth Rock\n|-ability|p1a: Corviknight|Pressure\n|move|p2a: Munkidori|Sludge Wave|p1a: Corviknight\n|-immune|p1a: Corviknight\n|\n|-end|p1a: Corviknight|move: Future Sight\n|-resisted|p1a: Corviknight\n|-damage|p1a: Corviknight|47/100\n|-damage|p2a: Munkidori|91/100|[from] item: Life Orb\n|upkeep\n|turn|9\n|\n|t:|1695189526\n|move|p2a: Munkidori|Future Sight|p1a: Corviknight\n|-start|p2a: Munkidori|move: Future Sight\n|move|p1a: Corviknight|Brave Bird|p2a: Munkidori\n|-damage|p2a: Munkidori|38/100\n|-damage|p1a: Corviknight|33/100|[from] Recoil\n|\n|upkeep\n|turn|10\n|\n|t:|1695189541\n|switch|p2a: Alomomola|Alomomola, F, shiny|100/100\n|move|p1a: Corviknight|Brave Bird|p2a: Alomomola\n|-damage|p2a: Alomomola|82/100\n|-damage|p1a: Corviknight|25/100|[from] Recoil\n|\n|upkeep\n|turn|11\n|\n|t:|1695189553\n|switch|p1a: Greninja|Greninja, M|100/100 par\n|-damage|p1a: Greninja|88/100 par|[from] Stealth Rock\n|move|p2a: Alomomola|Wish|p2a: Alomomola\n|\n|-end|p1a: Greninja|move: Future Sight\n|-immune|p1a: Greninja\n|upkeep\n|turn|12\n|inactive|Bump is testing has 120 seconds left.\n|\n|t:|1695189579\n|move|p1a: Greninja|Surf|p2a: Alomomola\n|-resisted|p2a: Alomomola\n|-damage|p2a: Alomomola|45/100\n|move|p2a: Alomomola|Flip Turn|p1a: Greninja\n|-resisted|p1a: Greninja\n|-damage|p1a: Greninja|76/100 par\n|\n|t:|1695189586\n|switch|p2a: Munkidori|Munkidori, M|38/100|[from] Flip Turn\n|\n|-heal|p2a: Munkidori|100/100|[from] move: Wish|[wisher] Alomomola\n|upkeep\n|turn|13\n|c|\u2606aJAY Gamin'|!dt wish\n|raw|<ul class=\"utilichart\"><li class=\"result\"><span class=\"col movenamecol\"><a href=\"https://dex.pokemonshowdown.com/moves/wish\">Wish</a></span> <span class=\"col typecol\"><img src=\"//play.pokemonshowdown.com/sprites/types/Normal.png\" alt=\"Normal\" width=\"32\" height=\"14\"><img src=\"//play.pokemonshowdown.com/sprites/categories/Status.png\" alt=\"Status\" width=\"32\" height=\"14\"></span> <span class=\"col widelabelcol\"><em>Accuracy</em><br>\u2014</span> <span class=\"col pplabelcol\"><em>PP</em><br>16</span> <span class=\"col movedesccol\">Next turn, 50% of the user's max HP is restored.</span> </li><li style=\"clear:both\"></li></ul>\n|raw|<font size=\"1\"><font color=\"#686868\">Priority:</font> 0&nbsp;|&ThickSpace;<font color=\"#686868\">Gen:</font> 3&nbsp;|&ThickSpace;<font color=\"#686868\">Z-Effect:</font>  Sp. Def +1&nbsp;|&ThickSpace;<font color=\"#686868\">Target:</font> User</font>\n\n|\n|t:|1695189605\n|move|p2a: Munkidori|Sludge Wave|p1a: Greninja\n|-damage|p1a: Greninja|0 fnt\n|faint|p1a: Greninja\n|-damage|p2a: Munkidori|91/100|[from] item: Life Orb\n|\n|upkeep\n|\n|t:|1695189619\n|switch|p1a: Cinderace|Cinderace, M|100/100\n|turn|14\n|\n|t:|1695189626\n|switch|p2a: Conkeldurr|Conkeldurr, M, shiny|100/100 brn\n|move|p1a: Cinderace|Court Change|p1a: Cinderace\n|-swapsideconditions\n|-activate|p1a: Cinderace|move: Court Change\n|\n|-damage|p2a: Conkeldurr|94/100 brn|[from] brn\n|upkeep\n|turn|15\n|\n|t:|1695189634\n|move|p1a: Cinderace|Pyro Ball|p2a: Conkeldurr\n|-damage|p2a: Conkeldurr|50/100 brn\n|move|p2a: Conkeldurr|Drain Punch|p1a: Cinderace\n|-damage|p1a: Cinderace|13/100\n|-heal|p2a: Conkeldurr|82/100 brn|[from] drain|[of] p1a: Cinderace\n|\n|-damage|p2a: Conkeldurr|76/100 brn|[from] brn\n|upkeep\n|turn|16\n|\n|t:|1695189641\n|move|p2a: Conkeldurr|Mach Punch|p1a: Cinderace\n|-crit|p1a: Cinderace\n|-damage|p1a: Cinderace|0 fnt\n|faint|p1a: Cinderace\n|\n|-damage|p2a: Conkeldurr|70/100 brn|[from] brn\n|upkeep\n|\n|t:|1695189645\n|switch|p1a: Corviknight|Corviknight, M|25/100\n|-ability|p1a: Corviknight|Pressure\n|turn|17\n|\n|t:|1695189659\n|switch|p2a: Ogerpon|Ogerpon-Hearthflame, F|100/100\n|-damage|p2a: Ogerpon|76/100|[from] Stealth Rock\n|-ability|p2a: Ogerpon|Mold Breaker\n|move|p1a: Corviknight|U-turn|p2a: Ogerpon\n|-damage|p2a: Ogerpon|56/100\n|\n|t:|1695189665\n|switch|p1a: Garchomp|Garchomp, F|100/100|[from] U-turn\n|\n|upkeep\n|turn|18\n|\n|t:|1695189669\n|move|p2a: Ogerpon|Wood Hammer|p1a: Garchomp\n|-damage|p1a: Garchomp|36/100\n|-damage|p2a: Ogerpon|44/100|[from] ability: Rough Skin|[of] p1a: Garchomp\n|-damage|p2a: Ogerpon|18/100|[from] Recoil\n|move|p1a: Garchomp|Scale Shot|p2a: Ogerpon\n|-damage|p2a: Ogerpon|2/100\n|-crit|p2a: Ogerpon\n|-damage|p2a: Ogerpon|0 fnt\n|faint|p2a: Ogerpon\n|-hitcount|p2: Ogerpon|2\n|-unboost|p1a: Garchomp|def|1\n|-boost|p1a: Garchomp|spe|1\n|\n|upkeep\n|\n|t:|1695189683\n|switch|p2a: Munkidori|Munkidori, M|91/100\n|-damage|p2a: Munkidori|78/100|[from] Stealth Rock\n|turn|19\n|\n|t:|1695189688\n|move|p1a: Garchomp|Earthquake|p2a: Munkidori\n|-supereffective|p2a: Munkidori\n|-damage|p2a: Munkidori|0 fnt\n|faint|p2a: Munkidori\n|\n|upkeep\n|\n|t:|1695189692\n|switch|p2a: Alomomola|Alomomola, F, shiny|79/100\n|-damage|p2a: Alomomola|66/100|[from] Stealth Rock\n|turn|20\n|\n|t:|1695189698\n|switch|p1a: Clefable|Clefable, F|100/100 par\n|move|p2a: Alomomola|Scald|p1a: Clefable\n|-damage|p1a: Clefable|91/100 par\n|\n|-heal|p1a: Clefable|97/100 par|[from] item: Leftovers\n|upkeep\n|turn|21\n|\n|t:|1695189706\n|move|p2a: Alomomola|Flip Turn|p1a: Clefable\n|-damage|p1a: Clefable|80/100 par\n|\n|t:|1695189712\n|switch|p2a: Ursaluna|Ursaluna-Bloodmoon, M, shiny|100/100|[from] Flip Turn\n|-damage|p2a: Ursaluna|94/100|[from] Stealth Rock\n|move|p1a: Clefable|Wish|p1a: Clefable\n|\n|-heal|p1a: Clefable|87/100 par|[from] item: Leftovers\n|upkeep\n|turn|22\n|\n|t:|1695189724\n|switch|p1a: Corviknight|Corviknight, M|25/100\n|-ability|p1a: Corviknight|Pressure\n|move|p2a: Ursaluna|Calm Mind|p2a: Ursaluna\n|-boost|p2a: Ursaluna|spa|1\n|-boost|p2a: Ursaluna|spd|1\n|\n|-heal|p1a: Corviknight|75/100|[from] move: Wish|[wisher] Clefable\n|upkeep\n|turn|23\n|\n|t:|1695189728\n|move|p1a: Corviknight|Body Press|p2a: Ursaluna\n|-supereffective|p2a: Ursaluna\n|-damage|p2a: Ursaluna|59/100\n|move|p2a: Ursaluna|Calm Mind|p2a: Ursaluna\n|-boost|p2a: Ursaluna|spa|1\n|-boost|p2a: Ursaluna|spd|1\n|\n|upkeep\n|turn|24\n|\n|t:|1695189731\n|move|p1a: Corviknight|Body Press|p2a: Ursaluna\n|-supereffective|p2a: Ursaluna\n|-damage|p2a: Ursaluna|28/100\n|move|p2a: Ursaluna|Moonlight|p2a: Ursaluna\n|-heal|p2a: Ursaluna|78/100\n|\n|upkeep\n|turn|25\n|\n|t:|1695189735\n|move|p1a: Corviknight|Iron Defense|p1a: Corviknight\n|-boost|p1a: Corviknight|def|2\n|move|p2a: Ursaluna|Blood Moon|p1a: Corviknight\n|-resisted|p1a: Corviknight\n|-crit|p1a: Corviknight\n|-damage|p1a: Corviknight|0 fnt\n|faint|p1a: Corviknight\n|\n|upkeep\n|\n|t:|1695189742\n|switch|p1a: Zamazenta|Zamazenta|88/100\n|turn|26\n|\n|t:|1695189752\n|move|p1a: Zamazenta|Iron Defense|p1a: Zamazenta\n|-boost|p1a: Zamazenta|def|2\n|move|p2a: Ursaluna|Moonlight|p2a: Ursaluna\n|-heal|p2a: Ursaluna|100/100\n|\n|-heal|p1a: Zamazenta|94/100|[from] item: Leftovers\n|upkeep\n|turn|27\n|\n|t:|1695189761\n|-terastallize|p2a: Ursaluna|Normal\n|move|p1a: Zamazenta|Protect|p1a: Zamazenta\n|-singleturn|p1a: Zamazenta|Protect\n|move|p2a: Ursaluna|Blood Moon|p1a: Zamazenta\n|-activate|p1a: Zamazenta|move: Protect\n|\n|-heal|p1a: Zamazenta|100/100|[from] item: Leftovers\n|upkeep\n|turn|28\n|\n|t:|1695189770\n|switch|p2a: Scream Tail|Scream Tail, shiny|89/100 par\n|-damage|p2a: Scream Tail|77/100 par|[from] Stealth Rock\n|move|p1a: Zamazenta|Substitute|p1a: Zamazenta\n|-start|p1a: Zamazenta|Substitute\n|-damage|p1a: Zamazenta|76/100\n|\n|-heal|p1a: Zamazenta|82/100|[from] item: Leftovers\n|-heal|p2a: Scream Tail|83/100 par|[from] item: Leftovers\n|upkeep\n|turn|29\n|\n|t:|1695189777\n|move|p1a: Zamazenta|Iron Defense|p1a: Zamazenta\n|-boost|p1a: Zamazenta|def|2\n|cant|p2a: Scream Tail|par\n|\n|-heal|p1a: Zamazenta|88/100|[from] item: Leftovers\n|-heal|p2a: Scream Tail|89/100 par|[from] item: Leftovers\n|upkeep\n|turn|30\n|\n|t:|1695189783\n|move|p1a: Zamazenta|Iron Defense|p1a: Zamazenta\n|-boost|p1a: Zamazenta|def|2\n|cant|p2a: Scream Tail|par\n|\n|-heal|p1a: Zamazenta|94/100|[from] item: Leftovers\n|-heal|p2a: Scream Tail|95/100 par|[from] item: Leftovers\n|upkeep\n|turn|31\n|\n|t:|1695189786\n|move|p1a: Zamazenta|Body Press|p2a: Scream Tail\n|-resisted|p2a: Scream Tail\n|-crit|p2a: Scream Tail\n|-damage|p2a: Scream Tail|65/100 par\n|move|p2a: Scream Tail|Trick Room|p2a: Scream Tail\n|-fieldstart|move: Trick Room|[of] p2a: Scream Tail\n|\n|-heal|p2a: Scream Tail|71/100 par|[from] item: Leftovers\n|-heal|p1a: Zamazenta|100/100|[from] item: Leftovers\n|upkeep\n|turn|32\n|\n|t:|1695189789\n|move|p1a: Zamazenta|Protect|p1a: Zamazenta\n|-singleturn|p1a: Zamazenta|Protect\n|move|p2a: Scream Tail|Psychic Fangs|p1a: Zamazenta\n|-activate|p1a: Zamazenta|move: Protect\n|\n|-heal|p2a: Scream Tail|77/100 par|[from] item: Leftovers\n|upkeep\n|turn|33\n|\n|t:|1695189795\n|move|p2a: Scream Tail|Psychic Fangs|p1a: Zamazenta\n|-supereffective|p1a: Zamazenta\n|-crit|p1a: Zamazenta\n|-end|p1a: Zamazenta|Substitute\n|move|p1a: Zamazenta|Body Press|p2a: Scream Tail\n|-resisted|p2a: Scream Tail\n|-damage|p2a: Scream Tail|55/100 par\n|\n|-heal|p2a: Scream Tail|61/100 par|[from] item: Leftovers\n|upkeep\n|turn|34\n|\n|t:|1695189808\n|move|p1a: Zamazenta|Protect|p1a: Zamazenta\n|-singleturn|p1a: Zamazenta|Protect\n|cant|p2a: Scream Tail|par\n|\n|-heal|p2a: Scream Tail|67/100 par|[from] item: Leftovers\n|upkeep\n|turn|35\n|\n|t:|1695189813\n|switch|p1a: Garchomp|Garchomp, F|36/100\n|move|p2a: Scream Tail|Psychic Fangs|p1a: Garchomp\n|-damage|p1a: Garchomp|16/100\n|-damage|p2a: Scream Tail|55/100 par|[from] ability: Rough Skin|[of] p1a: Garchomp\n|\n|-heal|p2a: Scream Tail|61/100 par|[from] item: Leftovers\n|-fieldend|move: Trick Room\n|upkeep\n|turn|36\n|\n|t:|1695189821\n|-end|p2a: Scream Tail|Protosynthesis|[silent]\n|switch|p2a: Conkeldurr|Conkeldurr, M, shiny|70/100 brn\n|-damage|p2a: Conkeldurr|64/100 brn|[from] Stealth Rock\n|move|p1a: Garchomp|Iron Head|p2a: Conkeldurr\n|-damage|p2a: Conkeldurr|44/100 brn\n|\n|-damage|p2a: Conkeldurr|38/100 brn|[from] brn\n|upkeep\n|turn|37\n|\n|t:|1695189827\n|switch|p1a: Clefable|Clefable, F|87/100 par\n|move|p2a: Conkeldurr|Mach Punch|p1a: Clefable\n|-resisted|p1a: Clefable\n|-crit|p1a: Clefable\n|-damage|p1a: Clefable|61/100 par\n|\n|-heal|p1a: Clefable|68/100 par|[from] item: Leftovers\n|-damage|p2a: Conkeldurr|32/100 brn|[from] brn\n|upkeep\n|turn|38\n|\n|t:|1695189837\n|move|p2a: Conkeldurr|Defog|p1a: Clefable\n|-unboost|p1a: Clefable|evasion|1\n|-sideend|p2: aJAY Gamin'|Stealth Rock|[from] move: Defog|[of] p2a: Conkeldurr\n|move|p1a: Clefable|Moonblast|p2a: Conkeldurr\n|-supereffective|p2a: Conkeldurr\n|-damage|p2a: Conkeldurr|0 fnt\n|faint|p2a: Conkeldurr\n|\n|-heal|p1a: Clefable|74/100 par|[from] item: Leftovers\n|upkeep\n|\n|t:|1695189845\n|switch|p2a: Ursaluna|Ursaluna-Bloodmoon, M, shiny, tera:Normal|100/100\n|turn|39\n|\n|t:|1695189851\n|move|p2a: Ursaluna|Blood Moon|p1a: Clefable\n|-damage|p1a: Clefable|7/100 par\n|move|p1a: Clefable|Thunder Wave|p2a: Ursaluna\n|-status|p2a: Ursaluna|par\n|\n|-heal|p1a: Clefable|13/100 par|[from] item: Leftovers\n|upkeep\n|turn|40\n|\n|t:|1695189855\n|move|p1a: Clefable|Wish|p1a: Clefable\n|move|p2a: Ursaluna|Calm Mind|p2a: Ursaluna\n|-boost|p2a: Ursaluna|spa|1\n|-boost|p2a: Ursaluna|spd|1\n|\n|-heal|p1a: Clefable|19/100 par|[from] item: Leftovers\n|upkeep\n|turn|41\n|\n|t:|1695189861\n|move|p1a: Clefable|Moonblast|p2a: Ursaluna\n|-damage|p2a: Ursaluna|80/100 par\n|move|p2a: Ursaluna|Calm Mind|p2a: Ursaluna\n|-boost|p2a: Ursaluna|spa|1\n|-boost|p2a: Ursaluna|spd|1\n|\n|-heal|p1a: Clefable|69/100 par|[from] move: Wish|[wisher] Clefable\n|-heal|p1a: Clefable|75/100 par|[from] item: Leftovers\n|upkeep\n|turn|42\n|\n|t:|1695189870\n|move|p1a: Clefable|Moonblast|p2a: Ursaluna\n|-damage|p2a: Ursaluna|63/100 par\n|-unboost|p2a: Ursaluna|spa|1\n|cant|p2a: Ursaluna|par\n|\n|-heal|p1a: Clefable|81/100 par|[from] item: Leftovers\n|upkeep\n|turn|43\n|\n|t:|1695189874\n|move|p1a: Clefable|Wish|p1a: Clefable\n|move|p2a: Ursaluna|Moonlight|p2a: Ursaluna\n|-heal|p2a: Ursaluna|100/100 par\n|\n|-heal|p1a: Clefable|88/100 par|[from] item: Leftovers\n|upkeep\n|turn|44\n|\n|t:|1695189878\n|cant|p1a: Clefable|par\n|cant|p2a: Ursaluna|par\n|\n|-heal|p1a: Clefable|100/100 par|[from] move: Wish|[wisher] Clefable\n|upkeep\n|turn|45\n|\n|t:|1695189880\n|move|p1a: Clefable|Moonblast|p2a: Ursaluna\n|-damage|p2a: Ursaluna|84/100 par\n|cant|p2a: Ursaluna|par\n|\n|upkeep\n|turn|46\n|\n|t:|1695189883\n|move|p1a: Clefable|Moonblast|p2a: Ursaluna\n|-damage|p2a: Ursaluna|69/100 par\n|-unboost|p2a: Ursaluna|spa|1\n|move|p2a: Ursaluna|Blood Moon|p1a: Clefable\n|-damage|p1a: Clefable|27/100 par\n|\n|-heal|p1a: Clefable|33/100 par|[from] item: Leftovers\n|upkeep\n|turn|47\n|\n|t:|1695189888\n|move|p1a: Clefable|Wish|p1a: Clefable\n|move|p2a: Ursaluna|Earth Power|p1a: Clefable\n|-damage|p1a: Clefable|0 fnt\n|faint|p1a: Clefable\n|\n|upkeep\n|\n|t:|1695189896\n|switch|p1a: Garchomp|Garchomp, F|16/100\n|turn|48\n|\n|t:|1695189908\n|switch|p2a: Scream Tail|Scream Tail, shiny|61/100 par\n|-terastallize|p1a: Garchomp|Steel\n|move|p1a: Garchomp|Iron Head|p2a: Scream Tail\n|-supereffective|p2a: Scream Tail\n|-damage|p2a: Scream Tail|0 fnt\n|faint|p2a: Scream Tail\n|-end|p2a: Scream Tail|Protosynthesis|[silent]\n|\n|-heal|p1a: Garchomp|71/100|[from] move: Wish|[wisher] Clefable\n|upkeep\n|\n|t:|1695189916\n|switch|p2a: Ursaluna|Ursaluna-Bloodmoon, M, shiny, tera:Normal|69/100 par\n|turn|49\n|\n|t:|1695189921\n|move|p1a: Garchomp|Earthquake|p2a: Ursaluna\n|-damage|p2a: Ursaluna|35/100 par\n|move|p2a: Ursaluna|Earth Power|p1a: Garchomp\n|-supereffective|p1a: Garchomp\n|-damage|p1a: Garchomp|0 fnt\n|faint|p1a: Garchomp\n|\n|upkeep\n|\n|t:|1695189924\n|switch|p1a: Zamazenta|Zamazenta|100/100\n|turn|50\n|\n|t:|1695189929\n|switch|p2a: Alomomola|Alomomola, F, shiny|99/100\n|move|p1a: Zamazenta|Body Press|p2a: Alomomola\n|-damage|p2a: Alomomola|83/100\n|\n|upkeep\n|turn|51\n|\n|t:|1695189932\n|move|p1a: Zamazenta|Substitute|p1a: Zamazenta\n|-start|p1a: Zamazenta|Substitute\n|-damage|p1a: Zamazenta|76/100\n|move|p2a: Alomomola|Wish|p2a: Alomomola\n|\n|-heal|p1a: Zamazenta|82/100|[from] item: Leftovers\n|upkeep\n|turn|52\n|\n|t:|1695189937\n|move|p1a: Zamazenta|Protect|p1a: Zamazenta\n|-singleturn|p1a: Zamazenta|Protect\n|move|p2a: Alomomola|Scald|p1a: Zamazenta\n|-activate|p1a: Zamazenta|move: Protect\n|\n|-heal|p2a: Alomomola|100/100|[from] move: Wish|[wisher] Alomomola\n|-heal|p1a: Zamazenta|88/100|[from] item: Leftovers\n|upkeep\n|turn|53\n|\n|t:|1695189940\n|move|p1a: Zamazenta|Iron Defense|p1a: Zamazenta\n|-boost|p1a: Zamazenta|def|2\n|move|p2a: Alomomola|Scald|p1a: Zamazenta\n|-activate|p1a: Zamazenta|move: Substitute|[damage]\n|\n|-heal|p1a: Zamazenta|94/100|[from] item: Leftovers\n|upkeep\n|turn|54\n|\n|t:|1695189943\n|move|p1a: Zamazenta|Iron Defense|p1a: Zamazenta\n|-boost|p1a: Zamazenta|def|2\n|move|p2a: Alomomola|Scald|p1a: Zamazenta\n|-crit|p1a: Zamazenta\n|-end|p1a: Zamazenta|Substitute\n|\n|-heal|p1a: Zamazenta|100/100|[from] item: Leftovers\n|upkeep\n|turn|55\n|\n|t:|1695189950\n|move|p1a: Zamazenta|Substitute|p1a: Zamazenta\n|-start|p1a: Zamazenta|Substitute\n|-damage|p1a: Zamazenta|76/100\n|move|p2a: Alomomola|Wish|p2a: Alomomola\n|\n|-heal|p1a: Zamazenta|82/100|[from] item: Leftovers\n|upkeep\n|turn|56\n|\n|t:|1695189951\n|move|p1a: Zamazenta|Iron Defense|p1a: Zamazenta\n|-boost|p1a: Zamazenta|def|2\n|move|p2a: Alomomola|Scald|p1a: Zamazenta\n|-activate|p1a: Zamazenta|move: Substitute|[damage]\n|\n|-heal|p1a: Zamazenta|88/100|[from] item: Leftovers\n|upkeep\n|turn|57\n|\n|t:|1695189954\n|move|p1a: Zamazenta|Body Press|p2a: Alomomola\n|-damage|p2a: Alomomola|35/100\n|move|p2a: Alomomola|Scald|p1a: Zamazenta\n|-activate|p1a: Zamazenta|move: Substitute|[damage]\n|\n|-heal|p1a: Zamazenta|94/100|[from] item: Leftovers\n|upkeep\n|turn|58\n|\n|t:|1695189959\n|move|p1a: Zamazenta|Body Press|p2a: Alomomola\n|-damage|p2a: Alomomola|0 fnt\n|faint|p2a: Alomomola\n|\n|-heal|p1a: Zamazenta|100/100|[from] item: Leftovers\n|upkeep\n|\n|t:|1695189961\n|switch|p2a: Ursaluna|Ursaluna-Bloodmoon, M, shiny, tera:Normal|35/100 par\n|turn|59\n|\n|t:|1695189964\n|move|p1a: Zamazenta|Body Press|p2a: Ursaluna\n|-supereffective|p2a: Ursaluna\n|-damage|p2a: Ursaluna|0 fnt\n|faint|p2a: Ursaluna\n|\n|win|Bump is testing\n|raw|Bump is testing's rating: 1371 &rarr; <strong>1385</strong><br />(+14 for winning)\n|raw|aJAY Gamin&apos;'s rating: 1267 &rarr; <strong>1249</strong><br />(-18 for losing)\n|l|\u2606aJAY Gamin'\n", "uploadtime": 1695189983, "views": 1, "p1id": "bumpistesting", "p2id": "ajaygamin", "formatid": "gen9ou", "rating": 1249, "private": 0, "password": ""}