{"id": "gen9ou-1947611267", "p1": "Hannibal13arca", "p2": "dozomasuda", "format": "gen9ou", "log": "|j|\u2606Hannibal13arca\n|j|\u2606dozomasuda\n|t:|1695177715\n|gametype|singles\n|player|p1|Hannibal13arca|blue-gen7|1148\n|player|p2|dozomasuda|doubleteam|1051\n|teamsize|p1|6\n|teamsize|p2|6\n|gen|9\n|tier|[Gen 9] OU\n|rated|\n|rule|Sleep Clause Mod: Limit one foe put to sleep\n|rule|Species Clause: Limit one of each Pok\u00e9mon\n|rule|OHKO Clause: OHKO moves are banned\n|rule|Evasion Items Clause: Evasion items are banned\n|rule|Evasion Moves Clause: Evasion moves are banned\n|rule|Endless Battle Clause: Forcing endless battles is banned\n|rule|HP Percentage Mod: HP is shown in percentages\n|clearpoke\n|poke|p1|Iron Valiant|\n|poke|p1|Weavile, F|\n|poke|p1|Greninja-*, M|\n|poke|p1|Gholdengo|\n|poke|p1|Cinderace, M|\n|poke|p1|Okidogi, M|\n|poke|p2|Glimmora, F|\n|poke|p2|Dusclops, F|\n|poke|p2|Great Tusk|\n|poke|p2|Zapdos|\n|poke|p2|Vulpix, F|\n|poke|p2|Garchomp, M|\n|teampreview\n|inactive|Battle timer is ON: inactive players will automatically lose when time's up. (requested by Hannibal13arca)\n|\n|t:|1695177729\n|start\n|switch|p1a: Greninja|Greninja, M|100/100\n|switch|p2a: Uses Outrage|Garchomp, M|100/100\n|turn|1\n|\n|t:|1695177736\n|move|p1a: Greninja|Ice Beam|p2a: Uses Outrage\n|-supereffective|p2a: Uses Outrage\n|-damage|p2a: Uses Outrage|0 fnt\n|faint|p2a: Uses Outrage\n|-ability|p1a: Greninja|Battle Bond|boost\n|-boost|p1a: Greninja|atk|1\n|-boost|p1a: Greninja|spa|1\n|-boost|p1a: Greninja|spe|1\n|-activate|p1a: Greninja|ability: Battle Bond\n|-damage|p1a: Greninja|91/100|[from] item: Life Orb\n|\n|upkeep\n|\n|t:|1695177745\n|switch|p2a: Vulpix|Vulpix, F|100/100\n|-weather|SunnyDay|[from] ability: Drought|[of] p2a: Vulpix\n|turn|2\n|\n|t:|1695177755\n|-terastallize|p1a: Greninja|Water\n|move|p1a: Greninja|Water Shuriken|p2a: Vulpix\n|-supereffective|p2a: Vulpix\n|-damage|p2a: Vulpix|74/100\n|-supereffective|p2a: Vulpix\n|-damage|p2a: Vulpix|46/100\n|-supereffective|p2a: Vulpix\n|-damage|p2a: Vulpix|17/100\n|-supereffective|p2a: Vulpix\n|-damage|p2a: Vulpix|0 fnt\n|faint|p2a: Vulpix\n|-hitcount|p2: Vulpix|4\n|-damage|p1a: Greninja|81/100|[from] item: Life Orb\n|\n|-weather|SunnyDay|[upkeep]\n|upkeep\n|\n|t:|1695177768\n|switch|p2a: Dusclops|Dusclops, F|100/100\n|-ability|p2a: Dusclops|Pressure\n|turn|3\n|\n|t:|1695177776\n|move|p1a: Greninja|Dark Pulse|p2a: Dusclops\n|-supereffective|p2a: Dusclops\n|-damage|p2a: Dusclops|1/100\n|-damage|p1a: Greninja|71/100|[from] item: Life Orb\n|move|p2a: Dusclops|Curse|p1a: Greninja\n|-start|p1a: Greninja|Curse|[of] p2a: Dusclops\n|-damage|p2a: Dusclops|0 fnt\n|faint|p2a: Dusclops\n|\n|-weather|SunnyDay|[upkeep]\n|-damage|p1a: Greninja|46/100|[from] Curse\n|upkeep\n|\n|t:|1695177786\n|switch|p2a: Sunny Day|Great Tusk|100/100\n|-activate|p2a: Sunny Day|ability: Protosynthesis\n|-start|p2a: Sunny Day|protosynthesisatk\n|turn|4\n|\n|t:|1695177802\n|-terastallize|p2a: Sunny Day|Ghost\n|move|p1a: Greninja|Ice Beam|p2a: Sunny Day\n|-damage|p2a: Sunny Day|21/100\n|-damage|p1a: Greninja|36/100|[from] item: Life Orb\n|move|p2a: Sunny Day|Stealth Rock|p1a: Greninja\n|-sidestart|p1: Hannibal13arca|move: Stealth Rock\n|\n|-weather|SunnyDay|[upkeep]\n|-damage|p1a: Greninja|11/100|[from] Curse\n|upkeep\n|turn|5\n|\n|t:|1695177812\n|-end|p2a: Sunny Day|Protosynthesis|[silent]\n|switch|p2a: Zapdos|Zapdos|100/100\n|move|p1a: Greninja|Dark Pulse|p2a: Zapdos\n|-damage|p2a: Zapdos|17/100\n|-damage|p1a: Greninja|2/100|[from] item: Life Orb\n|\n|-weather|SunnyDay|[upkeep]\n|-heal|p2a: Zapdos|23/100|[from] item: Leftovers\n|-damage|p1a: Greninja|0 fnt|[from] Curse\n|faint|p1a: Greninja\n|upkeep\n|\n|t:|1695177831\n|switch|p1a: Weavile|Weavile, F, shiny|100/100\n|-damage|p1a: Weavile|76/100|[from] Stealth Rock\n|-ability|p1a: Weavile|Pressure\n|turn|6\n|\n|t:|1695177838\n|move|p1a: Weavile|Ice Shard|p2a: Zapdos\n|-supereffective|p2a: Zapdos\n|-damage|p2a: Zapdos|0 fnt\n|faint|p2a: Zapdos\n|\n|-weather|none\n|upkeep\n|\n|t:|1695177843\n|switch|p2a: Gommorah-Flame|Glimmora, F|100/100\n|turn|7\n|\n|t:|1695177849\n|switch|p1a: Cinderace|Cinderace, M|100/100\n|move|p2a: Gommorah-Flame|Earth Power|p1a: Cinderace\n|-supereffective|p1a: Cinderace\n|-damage|p1a: Cinderace|13/100\n|-unboost|p1a: Cinderace|spd|1\n|\n|upkeep\n|turn|8\n|\n|t:|1695177861\n|move|p1a: Cinderace|Court Change|p1a: Cinderace\n|-start|p1a: Cinderace|typechange|Normal|[from] ability: Libero\n|-swapsideconditions\n|-activate|p1a: Cinderace|move: Court Change\n|move|p2a: Gommorah-Flame|Earth Power|p1a: Cinderace\n|-damage|p1a: Cinderace|0 fnt\n|faint|p1a: Cinderace\n|\n|upkeep\n|\n|t:|1695177869\n|switch|p1a: Gholdengo|Gholdengo|100/100\n|turn|9\n|\n|t:|1695177875\n|move|p1a: Gholdengo|Make It Rain|p2a: Gommorah-Flame\n|-supereffective|p2a: Gommorah-Flame\n|-enditem|p2a: Gommorah-Flame|Focus Sash\n|-damage|p2a: Gommorah-Flame|1/100\n|-unboost|p1a: Gholdengo|spa|1\n|move|p2a: Gommorah-Flame|Earth Power|p1a: Gholdengo\n|-supereffective|p1a: Gholdengo\n|-damage|p1a: Gholdengo|24/100\n|\n|upkeep\n|turn|10\n|\n|t:|1695177886\n|move|p1a: Gholdengo|Shadow Ball|p2a: Gommorah-Flame\n|-damage|p2a: Gommorah-Flame|0 fnt\n|faint|p2a: Gommorah-Flame\n|\n|upkeep\n|\n|t:|1695177890\n|switch|p2a: Sunny Day|Great Tusk, tera:Ghost|21/100\n|-damage|p2a: Sunny Day|9/100|[from] Stealth Rock\n|turn|11\n|\n|t:|1695177894\n|move|p1a: Gholdengo|Shadow Ball|p2a: Sunny Day\n|-supereffective|p2a: Sunny Day\n|-damage|p2a: Sunny Day|0 fnt\n|faint|p2a: Sunny Day\n|-end|p2a: Sunny Day|Protosynthesis|[silent]\n|\n|win|Hannibal13arca\n|raw|Hannibal13arca's rating: 1148 &rarr; <strong>1166</strong><br />(+18 for winning)\n|raw|dozomasuda's rating: 1051 &rarr; <strong>1038</strong><br />(-13 for losing)\n|l|\u2606dozomasuda\n", "uploadtime": 1695177977, "views": 2, "p1id": "hannibal13arca", "p2id": "dozomasuda", "formatid": "gen9ou", "rating": 1038, "private": 0, "password": ""}