{"id": "gen9ou-1947665032", "p1": "Cubielubie", "p2": "JD Twigs", "format": "gen9ou", "log": "|j|\u203dCubielubie\n|j|\u2606JD Twigs\n|t:|1695183973\n|gametype|singles\n|player|p1|Cubielubie|265|1564\n|player|p2|JD Twigs|swimmer-gen4|1681\n|teamsize|p1|6\n|teamsize|p2|6\n|gen|9\n|tier|[Gen 9] OU\n|rated|\n|rule|Sleep Clause Mod: Limit one foe put to sleep\n|rule|Species Clause: Limit one of each Pok\u00e9mon\n|rule|OHKO Clause: OHKO moves are banned\n|rule|Evasion Items Clause: Evasion items are banned\n|rule|Evasion Moves Clause: Evasion moves are banned\n|rule|Endless Battle Clause: Forcing endless battles is banned\n|rule|HP Percentage Mod: HP is shown in percentages\n|clearpoke\n|poke|p1|Manaphy|\n|poke|p1|Ninetales-Alola, F|\n|poke|p1|Azelf|\n|poke|p1|Kommo-o, M|\n|poke|p1|Tyranitar, M|\n|poke|p1|Iron Treads|\n|poke|p2|Weavile, M|\n|poke|p2|Ursaluna-Bloodmoon, M|\n|poke|p2|Dragonite, F|\n|poke|p2|Quaquaval, M|\n|poke|p2|Kingambit, M|\n|poke|p2|Azelf|\n|teampreview\n|\n|t:|1695183993\n|start\n|switch|p1a: Azelf|Azelf, shiny|100/100\n|switch|p2a: Azelf|Azelf|100/100\n|turn|1\n|\n|t:|1695183997\n|move|p2a: Azelf|Stealth Rock|p1a: Azelf\n|-sidestart|p1: Cubielubie|move: Stealth Rock\n|move|p1a: Azelf|Knock Off|p2a: Azelf\n|-supereffective|p2a: Azelf\n|-enditem|p2a: Azelf|Focus Sash\n|-damage|p2a: Azelf|1/100\n|\n|upkeep\n|turn|2\n|\n|t:|1695184001\n|move|p2a: Azelf|Explosion|p1a: Azelf\n|-enditem|p1a: Azelf|Focus Sash\n|-damage|p1a: Azelf|1/100\n|faint|p2a: Azelf\n|move|p1a: Azelf|Stealth Rock|p2: Azelf\n|-sidestart|p2: JD Twigs|move: Stealth Rock\n|\n|upkeep\n|\n|t:|1695184008\n|switch|p2a: Weavile|Weavile, M|100/100\n|-ability|p2a: Weavile|Pressure\n|turn|3\n|\n|t:|1695184012\n|move|p2a: Weavile|Knock Off|p1a: Azelf\n|-supereffective|p1a: Azelf\n|-damage|p1a: Azelf|0 fnt\n|faint|p1a: Azelf\n|\n|upkeep\n|\n|t:|1695184015\n|switch|p1a: Iron Treads|Iron Treads|100/100\n|-damage|p1a: Iron Treads|97/100|[from] Stealth Rock\n|turn|4\n|\n|t:|1695184017\n|move|p2a: Weavile|Low Kick|p1a: Iron Treads\n|-supereffective|p1a: Iron Treads\n|-damage|p1a: Iron Treads|31/100\n|move|p1a: Iron Treads|Rapid Spin|p2a: Weavile\n|-damage|p2a: Weavile|75/100\n|-boost|p1a: Iron Treads|spe|1\n|-sideend|p1: Cubielubie|Stealth Rock|[from] move: Rapid Spin|[of] p1a: Iron Treads\n|\n|upkeep\n|turn|5\n|\n|t:|1695184030\n|move|p1a: Iron Treads|Stone Edge|p2a: Weavile|[miss]\n|-miss|p1a: Iron Treads|p2a: Weavile\n|move|p2a: Weavile|Knock Off|p1a: Iron Treads\n|-damage|p1a: Iron Treads|0 fnt\n|-enditem|p1a: Iron Treads|Assault Vest|[from] move: Knock Off|[of] p2a: Weavile\n|faint|p1a: Iron Treads\n|-end|p1a: Iron Treads|Quark Drive|[silent]\n|\n|upkeep\n|\n|t:|1695184033\n|switch|p1a: Ninetales|Ninetales-Alola, F, shiny|100/100\n|-weather|Snow|[from] ability: Snow Warning|[of] p1a: Ninetales\n|turn|6\n|\n|t:|1695184037\n|move|p2a: Weavile|Knock Off|p1a: Ninetales\n|-resisted|p1a: Ninetales\n|-damage|p1a: Ninetales|81/100\n|-enditem|p1a: Ninetales|Light Clay|[from] move: Knock Off|[of] p2a: Weavile\n|move|p1a: Ninetales|Aurora Veil|p1a: Ninetales\n|-sidestart|p1: Cubielubie|move: Aurora Veil\n|\n|-weather|Snow|[upkeep]\n|upkeep\n|turn|7\n|\n|t:|1695184044\n|switch|p2a: Kingambit|Kingambit, M|100/100\n|-damage|p2a: Kingambit|94/100|[from] Stealth Rock\n|-activate|p2a: Kingambit|ability: Supreme Overlord\n|-start|p2a: Kingambit|fallen1|[silent]\n|move|p1a: Ninetales|Roar|p2a: Kingambit\n|-end|p2a: Kingambit|fallen1|[silent]\n|drag|p2a: Quaquaval|Quaquaval, M|100/100\n|-damage|p2a: Quaquaval|94/100|[from] Stealth Rock\n|\n|-weather|Snow|[upkeep]\n|-heal|p2a: Quaquaval|100/100|[from] item: Leftovers\n|upkeep\n|turn|8\n|\n|t:|1695184049\n|move|p1a: Ninetales|Freeze-Dry|p2a: Quaquaval\n|-supereffective|p2a: Quaquaval\n|-damage|p2a: Quaquaval|48/100\n|move|p2a: Quaquaval|Aqua Step|p1a: Ninetales\n|-crit|p1a: Ninetales\n|-damage|p1a: Ninetales|33/100\n|-boost|p2a: Quaquaval|spe|1\n|\n|-weather|Snow|[upkeep]\n|-heal|p2a: Quaquaval|54/100|[from] item: Leftovers\n|upkeep\n|turn|9\n|\n|t:|1695184057\n|move|p2a: Quaquaval|Aqua Step|p1a: Ninetales\n|-damage|p1a: Ninetales|16/100\n|-boost|p2a: Quaquaval|spe|1\n|move|p1a: Ninetales|Freeze-Dry|p2a: Quaquaval\n|-supereffective|p2a: Quaquaval\n|-crit|p2a: Quaquaval\n|-damage|p2a: Quaquaval|0 fnt\n|faint|p2a: Quaquaval\n|\n|-weather|Snow|[upkeep]\n|upkeep\n|\n|t:|1695184071\n|switch|p2a: Weavile|Weavile, M|75/100\n|-ability|p2a: Weavile|Pressure\n|turn|10\n|\n|t:|1695184078\n|move|p2a: Weavile|Ice Spinner|p1a: Ninetales\n|-resisted|p1a: Ninetales\n|-damage|p1a: Ninetales|8/100\n|move|p1a: Ninetales|Encore|p2a: Weavile\n|-start|p2a: Weavile|Encore\n|\n|-weather|none\n|-sideend|p1: Cubielubie|move: Aurora Veil\n|upkeep\n|turn|11\n|\n|t:|1695184084\n|switch|p1a: Manaphy|Manaphy|100/100\n|move|p2a: Weavile|Ice Spinner|p1a: Manaphy\n|-resisted|p1a: Manaphy\n|-crit|p1a: Manaphy\n|-damage|p1a: Manaphy|74/100\n|\n|-heal|p1a: Manaphy|80/100|[from] item: Leftovers\n|upkeep\n|turn|12\n|\n|t:|1695184095\n|switch|p2a: Kingambit|Kingambit, M|94/100\n|-damage|p2a: Kingambit|88/100|[from] Stealth Rock\n|-activate|p2a: Kingambit|ability: Supreme Overlord\n|-start|p2a: Kingambit|fallen2|[silent]\n|move|p1a: Manaphy|Acid Armor|p1a: Manaphy\n|-boost|p1a: Manaphy|def|2\n|\n|-heal|p1a: Manaphy|86/100|[from] item: Leftovers\n|-heal|p2a: Kingambit|94/100|[from] item: Leftovers\n|upkeep\n|turn|13\n|\n|t:|1695184103\n|move|p1a: Manaphy|Acid Armor|p1a: Manaphy\n|-boost|p1a: Manaphy|def|2\n|move|p2a: Kingambit|Swords Dance|p2a: Kingambit\n|-boost|p2a: Kingambit|atk|2\n|\n|-heal|p1a: Manaphy|92/100|[from] item: Leftovers\n|-heal|p2a: Kingambit|100/100|[from] item: Leftovers\n|upkeep\n|turn|14\n|\n|t:|1695184106\n|move|p1a: Manaphy|Acid Armor|p1a: Manaphy\n|-boost|p1a: Manaphy|def|2\n|move|p2a: Kingambit|Swords Dance|p2a: Kingambit\n|-boost|p2a: Kingambit|atk|2\n|\n|-heal|p1a: Manaphy|99/100|[from] item: Leftovers\n|upkeep\n|turn|15\n|\n|t:|1695184108\n|move|p1a: Manaphy|Scald|p2a: Kingambit\n|-damage|p2a: Kingambit|70/100\n|move|p2a: Kingambit|Swords Dance|p2a: Kingambit\n|-boost|p2a: Kingambit|atk|2\n|\n|-heal|p1a: Manaphy|100/100|[from] item: Leftovers\n|-heal|p2a: Kingambit|76/100|[from] item: Leftovers\n|upkeep\n|turn|16\n|\n|t:|1695184112\n|move|p1a: Manaphy|Scald|p2a: Kingambit\n|-damage|p2a: Kingambit|46/100\n|-status|p2a: Kingambit|brn\n|move|p2a: Kingambit|Kowtow Cleave|p1a: Manaphy\n|-damage|p1a: Manaphy|77/100\n|\n|-heal|p1a: Manaphy|84/100|[from] item: Leftovers\n|-heal|p2a: Kingambit|52/100 brn|[from] item: Leftovers\n|-damage|p2a: Kingambit|46/100 brn|[from] brn\n|upkeep\n|turn|17\n|\n|t:|1695184122\n|move|p1a: Manaphy|Take Heart|p1a: Manaphy\n|-boost|p1a: Manaphy|spa|1\n|-boost|p1a: Manaphy|spd|1\n|move|p2a: Kingambit|Kowtow Cleave|p1a: Manaphy\n|-damage|p1a: Manaphy|59/100\n|\n|-heal|p1a: Manaphy|66/100|[from] item: Leftovers\n|-heal|p2a: Kingambit|52/100 brn|[from] item: Leftovers\n|-damage|p2a: Kingambit|46/100 brn|[from] brn\n|upkeep\n|turn|18\n|\n|t:|1695184127\n|move|p1a: Manaphy|Scald|p2a: Kingambit\n|-damage|p2a: Kingambit|4/100 brn\n|move|p2a: Kingambit|Kowtow Cleave|p1a: Manaphy\n|-damage|p1a: Manaphy|39/100\n|\n|-heal|p1a: Manaphy|46/100|[from] item: Leftovers\n|-heal|p2a: Kingambit|10/100 brn|[from] item: Leftovers\n|-damage|p2a: Kingambit|4/100 brn|[from] brn\n|upkeep\n|turn|19\n|\n|t:|1695184133\n|move|p2a: Kingambit|Sucker Punch|p1a: Manaphy\n|-damage|p1a: Manaphy|25/100\n|move|p1a: Manaphy|Scald|p2a: Kingambit\n|-damage|p2a: Kingambit|0 fnt\n|faint|p2a: Kingambit\n|-end|p2a: Kingambit|fallen2|[silent]\n|\n|-heal|p1a: Manaphy|31/100|[from] item: Leftovers\n|upkeep\n|\n|t:|1695184138\n|switch|p2a: Ursaluna|Ursaluna-Bloodmoon, M|100/100\n|-damage|p2a: Ursaluna|94/100|[from] Stealth Rock\n|turn|20\n|\n|t:|1695184143\n|-terastallize|p2a: Ursaluna|Flying\n|move|p1a: Manaphy|Scald|p2a: Ursaluna\n|-damage|p2a: Ursaluna|56/100\n|move|p2a: Ursaluna|Blood Moon|p1a: Manaphy\n|-damage|p1a: Manaphy|0 fnt\n|faint|p1a: Manaphy\n|\n|-heal|p2a: Ursaluna|62/100|[from] item: Leftovers\n|upkeep\n|\n|t:|1695184179\n|switch|p1a: Tyranitar|Tyranitar, M, shiny|100/100\n|-weather|Sandstorm|[from] ability: Sand Stream|[of] p1a: Tyranitar\n|turn|21\n|\n|t:|1695184185\n|move|p1a: Tyranitar|Dragon Dance|p1a: Tyranitar\n|-boost|p1a: Tyranitar|atk|1\n|-boost|p1a: Tyranitar|spe|1\n|move|p2a: Ursaluna|Earth Power|p1a: Tyranitar\n|-supereffective|p1a: Tyranitar\n|-damage|p1a: Tyranitar|46/100\n|-enditem|p1a: Tyranitar|Weakness Policy\n|-boost|p1a: Tyranitar|atk|2|[from] item: Weakness Policy\n|-boost|p1a: Tyranitar|spa|2|[from] item: Weakness Policy\n|\n|-weather|Sandstorm|[upkeep]\n|-damage|p2a: Ursaluna|56/100|[from] Sandstorm\n|-heal|p2a: Ursaluna|62/100|[from] item: Leftovers\n|upkeep\n|turn|22\n|\n|t:|1695184194\n|move|p1a: Tyranitar|Ice Punch|p2a: Ursaluna\n|-supereffective|p2a: Ursaluna\n|-damage|p2a: Ursaluna|0 fnt\n|faint|p2a: Ursaluna\n|\n|-weather|Sandstorm|[upkeep]\n|upkeep\n|\n|t:|1695184199\n|switch|p2a: Weavile|Weavile, M|75/100\n|-ability|p2a: Weavile|Pressure\n|turn|23\n|\n|t:|1695184217\n|-terastallize|p1a: Tyranitar|Ghost\n|move|p2a: Weavile|Ice Spinner|p1a: Tyranitar\n|-damage|p1a: Tyranitar|13/100\n|move|p1a: Tyranitar|Earthquake|p2a: Weavile\n|-damage|p2a: Weavile|0 fnt\n|faint|p2a: Weavile\n|\n|-weather|Sandstorm|[upkeep]\n|-damage|p1a: Tyranitar|6/100|[from] Sandstorm\n|upkeep\n|\n|t:|1695184222\n|switch|p2a: Dragonite|Dragonite, F|100/100\n|-damage|p2a: Dragonite|76/100|[from] Stealth Rock\n|turn|24\n|\n|t:|1695184231\n|move|p2a: Dragonite|Extreme Speed|p1a: Tyranitar\n|-immune|p1a: Tyranitar\n|move|p1a: Tyranitar|Ice Punch|p2a: Dragonite\n|-supereffective|p2a: Dragonite\n|-damage|p2a: Dragonite|0 fnt\n|faint|p2a: Dragonite\n|\n|win|Cubielubie\n|raw|Cubielubie's rating: 1549 &rarr; <strong>1576</strong><br />(+27 for winning)\n|raw|JD Twigs's rating: 1681 &rarr; <strong>1654</strong><br />(-27 for losing)\n|c|\u2606JD Twigs|gg\n|l|\u2606JD Twigs\n", "uploadtime": 1695184331, "views": 5, "p1id": "cubielubie", "p2id": "jdtwigs", "formatid": "gen9ou", "rating": 1576, "private": 0, "password": ""}