{"id": "gen9ou-1947661773", "p1": "Use Guard Specs", "p2": "Rarh2", "format": "gen9ou", "log": "|j|\u2606Use Guard Specs\n|j|\u2606Rarh2\n|inactive|Battle timer is ON: inactive players will automatically lose when time's up.\n|t:|1695183540\n|gametype|singles\n|player|p1|Use Guard Specs|tate|\n|player|p2|Rarh2|iris-gen5bw2|\n|teamsize|p1|6\n|teamsize|p2|6\n|gen|9\n|tier|[Gen 9] OU\n|rated|Tournament battle\n|rule|Sleep Clause Mod: Limit one foe put to sleep\n|rule|Species Clause: Limit one of each Pok\u00e9mon\n|rule|OHKO Clause: OHKO moves are banned\n|rule|Evasion Items Clause: Evasion items are banned\n|rule|Evasion Moves Clause: Evasion moves are banned\n|rule|Endless Battle Clause: Forcing endless battles is banned\n|rule|HP Percentage Mod: HP is shown in percentages\n|clearpoke\n|poke|p1|Mabosstiff, F|\n|poke|p1|Scizor, M|\n|poke|p1|Scream Tail|\n|poke|p1|Dragonite, F|\n|poke|p1|Drednaw, F|\n|poke|p1|Dudunsparce-*, M|\n|poke|p2|Mabosstiff, F|\n|poke|p2|Scizor, F|\n|poke|p2|Scream Tail|\n|poke|p2|Drednaw, M|\n|poke|p2|Dragonite, M|\n|poke|p2|Dudunsparce-*, M|\n|teampreview\n|j|*Lady Monita\n|\n|t:|1695183547\n|start\n|switch|p1a: Scream Tail|Scream Tail|100/100\n|switch|p2a: Scizor|Scizor, F|100/100\n|turn|1\n|\n|t:|1695183552\n|move|p1a: Scream Tail|Thunder Wave|p2a: Scizor\n|-status|p2a: Scizor|par\n|cant|p2a: Scizor|par\n|\n|upkeep\n|turn|2\n|\n|t:|1695183558\n|move|p1a: Scream Tail|Stealth Rock|p2a: Scizor\n|-sidestart|p2: Rarh2|move: Stealth Rock\n|move|p2a: Scizor|Swords Dance|p2a: Scizor\n|-boost|p2a: Scizor|atk|2\n|\n|upkeep\n|turn|3\n|\n|t:|1695183569\n|move|p2a: Scizor|Bullet Punch|p1a: Scream Tail\n|-supereffective|p1a: Scream Tail\n|-damage|p1a: Scream Tail|0 fnt\n|faint|p1a: Scream Tail\n|-end|p1a: Scream Tail|Protosynthesis|[silent]\n|-damage|p2a: Scizor|91/100 par|[from] item: Life Orb\n|\n|upkeep\n|inactive|Use Guard Specs has 120 seconds left.\n|\n|t:|1695183595\n|switch|p1a: Scizor|Scizor, M|100/100\n|turn|4\n|\n|t:|1695183602\n|move|p1a: Scizor|Brick Break|p2a: Scizor\n|-damage|p2a: Scizor|47/100 par\n|-damage|p1a: Scizor|91/100|[from] item: Life Orb\n|move|p2a: Scizor|Close Combat|p1a: Scizor\n|-damage|p1a: Scizor|0 fnt\n|-unboost|p2a: Scizor|def|1\n|-unboost|p2a: Scizor|spd|1\n|faint|p1a: Scizor\n|-damage|p2a: Scizor|38/100 par|[from] item: Life Orb\n|\n|upkeep\n|\n|t:|1695183611\n|switch|p1a: Dragonite|Dragonite, F|100/100\n|turn|5\n|\n|t:|1695183614\n|move|p2a: Scizor|Bullet Punch|p1a: Dragonite\n|-damage|p1a: Dragonite|53/100\n|-damage|p2a: Scizor|28/100 par|[from] item: Life Orb\n|move|p1a: Dragonite|Dragon Dance|p1a: Dragonite\n|-boost|p1a: Dragonite|atk|1\n|-boost|p1a: Dragonite|spe|1\n|\n|upkeep\n|turn|6\n|\n|t:|1695183623\n|move|p1a: Dragonite|Extreme Speed|p2a: Scizor\n|-resisted|p2a: Scizor\n|-damage|p2a: Scizor|0 fnt\n|faint|p2a: Scizor\n|\n|upkeep\n|\n|t:|1695183631\n|switch|p2a: Drednaw|Drednaw, M|100/100\n|-damage|p2a: Drednaw|88/100|[from] Stealth Rock\n|-item|p2a: Drednaw|Air Balloon\n|turn|7\n|j| annoyedgreene\n|\n|t:|1695183651\n|move|p1a: Dragonite|Dragon Dance|p1a: Dragonite\n|-boost|p1a: Dragonite|atk|1\n|-boost|p1a: Dragonite|spe|1\n|move|p2a: Drednaw|Stone Edge|p1a: Dragonite\n|-supereffective|p1a: Dragonite\n|-damage|p1a: Dragonite|0 fnt\n|faint|p1a: Dragonite\n|\n|upkeep\n|\n|t:|1695183667\n|switch|p1a: Dudunsparce|Dudunsparce, M|100/100\n|turn|8\n|\n|t:|1695183672\n|move|p2a: Drednaw|Shell Smash|p2a: Drednaw\n|-unboost|p2a: Drednaw|def|1\n|-unboost|p2a: Drednaw|spd|1\n|-boost|p2a: Drednaw|atk|2\n|-boost|p2a: Drednaw|spa|2\n|-boost|p2a: Drednaw|spe|2\n|move|p1a: Dudunsparce|Glare|p2a: Drednaw\n|-status|p2a: Drednaw|par\n|\n|upkeep\n|turn|9\n|\n|t:|1695183677\n|move|p2a: Drednaw|Stone Edge|p1a: Dudunsparce\n|-damage|p1a: Dudunsparce|30/100\n|move|p1a: Dudunsparce|Headbutt|p2a: Drednaw\n|-resisted|p2a: Drednaw\n|-damage|p2a: Drednaw|68/100 par\n|-enditem|p2a: Drednaw|Air Balloon\n|\n|-heal|p1a: Dudunsparce|37/100|[from] item: Leftovers\n|upkeep\n|turn|10\n|\n|t:|1695183686\n|move|p2a: Drednaw|Liquidation|p1a: Dudunsparce\n|-damage|p1a: Dudunsparce|0 fnt\n|faint|p1a: Dudunsparce\n|\n|upkeep\n|\n|t:|1695183692\n|switch|p1a: Drednaw|Drednaw, F|100/100\n|turn|11\n|\n|t:|1695183697\n|-terastallize|p1a: Drednaw|Water\n|move|p1a: Drednaw|Shell Smash|p1a: Drednaw\n|-unboost|p1a: Drednaw|def|1\n|-unboost|p1a: Drednaw|spd|1\n|-boost|p1a: Drednaw|atk|2\n|-boost|p1a: Drednaw|spa|2\n|-boost|p1a: Drednaw|spe|2\n|-enditem|p1a: Drednaw|White Herb\n|-clearnegativeboost|p1a: Drednaw|[silent]\n|move|p2a: Drednaw|Liquidation|p1a: Drednaw\n|-resisted|p1a: Drednaw\n|-damage|p1a: Drednaw|51/100\n|\n|upkeep\n|turn|12\n|\n|t:|1695183705\n|move|p1a: Drednaw|Liquidation|p2a: Drednaw\n|-damage|p2a: Drednaw|0 fnt\n|faint|p2a: Drednaw\n|\n|upkeep\n|\n|t:|1695183708\n|switch|p2a: Dragonite|Dragonite, M|100/100\n|turn|13\n|\n|t:|1695183729\n|-terastallize|p2a: Dragonite|Normal\n|move|p2a: Dragonite|Extreme Speed|p1a: Drednaw\n|-damage|p1a: Drednaw|1/100\n|move|p1a: Drednaw|Ice Fang|p2a: Dragonite\n|-damage|p2a: Dragonite|75/100\n|\n|upkeep\n|turn|14\n|\n|t:|1695183735\n|move|p2a: Dragonite|Extreme Speed|p1a: Drednaw\n|-damage|p1a: Drednaw|0 fnt\n|faint|p1a: Drednaw\n|\n|upkeep\n|\n|t:|1695183737\n|switch|p1a: Mabosstiff|Mabosstiff, F|100/100\n|turn|15\n|\n|t:|1695183742\n|move|p2a: Dragonite|Extreme Speed|p1a: Mabosstiff\n|-damage|p1a: Mabosstiff|39/100\n|move|p1a: Mabosstiff|Crunch|p2a: Dragonite\n|-damage|p2a: Dragonite|31/100\n|\n|upkeep\n|turn|16\n|\n|t:|1695183745\n|move|p2a: Dragonite|Extreme Speed|p1a: Mabosstiff\n|-damage|p1a: Mabosstiff|0 fnt\n|faint|p1a: Mabosstiff\n|\n|win|Rarh2\n|n|\u2606Use Guard Specs|useguardspecs\n|n|\u2606Rarh2|rarh2\n|n|*Lady Monita|ladymonita\n|n| annoyedgreene|annoyedgreene\n", "uploadtime": 1695183746, "views": 4, "p1id": "useguardspecs", "p2id": "rarh2", "formatid": "gen9ou", "rating": 0, "private": 0, "password": ""}