{"id": "gen9ou-1947698051", "p1": "Awakening4935", "p2": "Milli914", "format": "gen9ou", "log": "|j|\u2606Awakening4935\n|j|\u2606Milli914\n|t:|1695188784\n|gametype|singles\n|player|p1|Awakening4935|cynthia-gen4|1069\n|player|p2|Milli914|170|1031\n|teamsize|p1|6\n|teamsize|p2|6\n|gen|9\n|tier|[Gen 9] OU\n|rated|\n|rule|Sleep Clause Mod: Limit one foe put to sleep\n|rule|Species Clause: Limit one of each Pok\u00e9mon\n|rule|OHKO Clause: OHKO moves are banned\n|rule|Evasion Items Clause: Evasion items are banned\n|rule|Evasion Moves Clause: Evasion moves are banned\n|rule|Endless Battle Clause: Forcing endless battles is banned\n|rule|HP Percentage Mod: HP is shown in percentages\n|clearpoke\n|poke|p1|Ninetales-Alola, F|\n|poke|p1|Slowking-Galar, M|\n|poke|p1|Ursaluna-Bloodmoon, M|\n|poke|p1|Torterra, M|\n|poke|p1|Glaceon, F|\n|poke|p1|Glimmora, F|\n|poke|p2|Conkeldurr, M|\n|poke|p2|Mandibuzz, F|\n|poke|p2|Skeledirge, F|\n|poke|p2|Gardevoir, F|\n|poke|p2|Ogerpon, F|\n|poke|p2|Salamence, F|\n|teampreview\n|\n|t:|1695188790\n|start\n|switch|p1a: Momma|Ninetales-Alola, F|100/100\n|switch|p2a: Conkeldurr|Conkeldurr, M|100/100\n|-weather|Snow|[from] ability: Snow Warning|[of] p1a: Momma\n|turn|1\n|\n|t:|1695188805\n|switch|p2a: Skeledirge|Skeledirge, F|100/100\n|-terastallize|p1a: Momma|Water\n|move|p1a: Momma|Aurora Veil|p1a: Momma\n|-sidestart|p1: Awakening4935|move: Aurora Veil\n|\n|-weather|Snow|[upkeep]\n|upkeep\n|turn|2\n|\n|t:|1695188815\n|switch|p2a: Ogerpon|Ogerpon, F|100/100\n|move|p1a: Momma|Moonblast|p2a: Ogerpon\n|-damage|p2a: Ogerpon|67/100\n|-unboost|p2a: Ogerpon|spa|1\n|-ability|p2a: Ogerpon|Defiant|boost\n|-boost|p2a: Ogerpon|atk|2\n|\n|-weather|Snow|[upkeep]\n|upkeep\n|turn|3\n|\n|t:|1695188827\n|move|p2a: Ogerpon|Ivy Cudgel|p1a: Momma\n|-supereffective|p1a: Momma\n|-damage|p1a: Momma|0 fnt\n|faint|p1a: Momma\n|-damage|p2a: Ogerpon|57/100|[from] item: Life Orb\n|\n|-weather|Snow|[upkeep]\n|upkeep\n|\n|t:|1695188839\n|switch|p1a: Papa|Slowking-Galar, M|100/100\n|turn|4\n|\n|t:|1695188843\n|move|p2a: Ogerpon|Knock Off|p1a: Papa\n|-supereffective|p1a: Papa\n|-damage|p1a: Papa|20/100\n|-enditem|p1a: Papa|Icy Rock|[from] move: Knock Off|[of] p2a: Ogerpon\n|-damage|p2a: Ogerpon|47/100|[from] item: Life Orb\n|move|p1a: Papa|Flamethrower|p2a: Ogerpon\n|-supereffective|p2a: Ogerpon\n|-damage|p2a: Ogerpon|0 fnt\n|faint|p2a: Ogerpon\n|\n|-weather|Snow|[upkeep]\n|upkeep\n|\n|t:|1695188869\n|switch|p2a: Conkeldurr|Conkeldurr, M|100/100\n|turn|5\n|\n|t:|1695188877\n|-terastallize|p2a: Conkeldurr|Steel\n|move|p2a: Conkeldurr|Bulk Up|p2a: Conkeldurr\n|-boost|p2a: Conkeldurr|atk|1\n|-boost|p2a: Conkeldurr|def|1\n|move|p1a: Papa|Slack Off|p1a: Papa\n|-heal|p1a: Papa|70/100\n|\n|-weather|none\n|-status|p2a: Conkeldurr|brn|[from] item: Flame Orb\n|upkeep\n|turn|6\n|\n|t:|1695188892\n|move|p2a: Conkeldurr|Ice Punch|p1a: Papa\n|-damage|p1a: Papa|38/100\n|move|p1a: Papa|Flamethrower|p2a: Conkeldurr\n|-supereffective|p2a: Conkeldurr\n|-damage|p2a: Conkeldurr|45/100 brn\n|\n|-damage|p2a: Conkeldurr|39/100 brn|[from] brn\n|upkeep\n|turn|7\n|\n|t:|1695188901\n|switch|p1a: Death|Glimmora, F|100/100\n|move|p2a: Conkeldurr|Ice Punch|p1a: Death\n|-damage|p1a: Death|62/100\n|-activate|p1a: Death|ability: Toxic Debris\n|-sidestart|p2: Milli914|move: Toxic Spikes\n|\n|-damage|p2a: Conkeldurr|33/100 brn|[from] brn\n|upkeep\n|turn|8\n|\n|t:|1695188913\n|move|p1a: Death|Earth Power|p2a: Conkeldurr\n|-supereffective|p2a: Conkeldurr\n|-damage|p2a: Conkeldurr|0 fnt\n|faint|p2a: Conkeldurr\n|\n|-sideend|p1: Awakening4935|move: Aurora Veil\n|upkeep\n|\n|t:|1695188923\n|switch|p2a: Gardevoir|Gardevoir, F|100/100\n|-status|p2a: Gardevoir|psn\n|turn|9\n|\n|t:|1695188948\n|move|p1a: Death|Mortal Spin|p2a: Gardevoir\n|-supereffective|p2a: Gardevoir\n|-damage|p2a: Gardevoir|85/100 psn\n|move|p2a: Gardevoir|Psychic|p1a: Death\n|-supereffective|p1a: Death\n|-damage|p1a: Death|0 fnt\n|faint|p1a: Death\n|\n|-heal|p2a: Gardevoir|91/100 psn|[from] item: Leftovers\n|-damage|p2a: Gardevoir|78/100 psn|[from] psn\n|upkeep\n|\n|t:|1695188970\n|switch|p1a: Shadow of Death|Ursaluna-Bloodmoon, M|100/100\n|turn|10\n|\n|t:|1695188978\n|switch|p2a: Skeledirge|Skeledirge, F|100/100\n|move|p1a: Shadow of Death|Calm Mind|p1a: Shadow of Death\n|-boost|p1a: Shadow of Death|spa|1\n|-boost|p1a: Shadow of Death|spd|1\n|\n|upkeep\n|turn|11\n|\n|t:|1695188988\n|move|p2a: Skeledirge|Will-O-Wisp|p1a: Shadow of Death\n|-status|p1a: Shadow of Death|brn\n|move|p1a: Shadow of Death|Blood Moon|p2a: Skeledirge\n|-damage|p2a: Skeledirge|29/100\n|\n|-damage|p1a: Shadow of Death|94/100 brn|[from] brn\n|upkeep\n|turn|12\n|\n|t:|1695188999\n|move|p1a: Shadow of Death|Vacuum Wave|p2a: Skeledirge\n|-damage|p2a: Skeledirge|14/100\n|move|p2a: Skeledirge|Slack Off|p2a: Skeledirge\n|-heal|p2a: Skeledirge|64/100\n|\n|-damage|p1a: Shadow of Death|88/100 brn|[from] brn\n|upkeep\n|turn|13\n|\n|t:|1695189006\n|move|p2a: Skeledirge|Slack Off|p2a: Skeledirge\n|-heal|p2a: Skeledirge|100/100\n|move|p1a: Shadow of Death|Blood Moon|p2a: Skeledirge\n|-damage|p2a: Skeledirge|23/100\n|\n|-damage|p1a: Shadow of Death|82/100 brn|[from] brn\n|upkeep\n|turn|14\n|\n|t:|1695189015\n|move|p2a: Skeledirge|Slack Off|p2a: Skeledirge\n|-heal|p2a: Skeledirge|73/100\n|move|p1a: Shadow of Death|Earth Power|p2a: Skeledirge\n|-supereffective|p2a: Skeledirge\n|-damage|p2a: Skeledirge|0 fnt\n|faint|p2a: Skeledirge\n|\n|-damage|p1a: Shadow of Death|76/100 brn|[from] brn\n|upkeep\n|\n|t:|1695189025\n|switch|p2a: Salamence|Salamence, F|100/100\n|-ability|p2a: Salamence|Intimidate|boost\n|-unboost|p1a: Shadow of Death|atk|1\n|turn|15\n|\n|t:|1695189040\n|switch|p1a: Papa|Slowking-Galar, M|71/100\n|move|p2a: Salamence|Air Slash|p1a: Papa\n|-damage|p1a: Papa|42/100\n|\n|upkeep\n|turn|16\n|\n|t:|1695189046\n|move|p2a: Salamence|Air Slash|p1a: Papa|[miss]\n|-miss|p2a: Salamence|p1a: Papa\n|move|p1a: Papa|Chilly Reception|p1a: Papa\n|-weather|Snow\n|\n|t:|1695189052\n|switch|p1a: Baby|Glaceon, F, shiny|100/100|[from] Chilly Reception\n|\n|-weather|Snow|[upkeep]\n|upkeep\n|turn|17\n|\n|t:|1695189058\n|switch|p2a: Gardevoir|Gardevoir, F|78/100 psn\n|move|p1a: Baby|Calm Mind|p1a: Baby\n|-boost|p1a: Baby|spa|1\n|-boost|p1a: Baby|spd|1\n|\n|-weather|Snow|[upkeep]\n|-heal|p2a: Gardevoir|85/100 psn|[from] item: Leftovers\n|-damage|p2a: Gardevoir|72/100 psn|[from] psn\n|upkeep\n|turn|18\n|\n|t:|1695189070\n|move|p2a: Gardevoir|Moonblast|p1a: Baby\n|-damage|p1a: Baby|71/100\n|move|p1a: Baby|Yawn||[still]\n|-fail|p1a: Baby\n|\n|-weather|Snow|[upkeep]\n|-heal|p1a: Baby|77/100|[from] ability: Ice Body\n|-heal|p2a: Gardevoir|78/100 psn|[from] item: Leftovers\n|-heal|p1a: Baby|83/100|[from] item: Leftovers\n|-damage|p2a: Gardevoir|66/100 psn|[from] psn\n|upkeep\n|turn|19\n|\n|t:|1695189085\n|move|p2a: Gardevoir|Psychic|p1a: Baby\n|-damage|p1a: Baby|60/100\n|move|p1a: Baby|Calm Mind|p1a: Baby\n|-boost|p1a: Baby|spa|1\n|-boost|p1a: Baby|spd|1\n|\n|-weather|Snow|[upkeep]\n|-heal|p1a: Baby|66/100|[from] ability: Ice Body\n|-heal|p2a: Gardevoir|72/100 psn|[from] item: Leftovers\n|-heal|p1a: Baby|72/100|[from] item: Leftovers\n|-damage|p2a: Gardevoir|60/100 psn|[from] psn\n|upkeep\n|turn|20\n|-message|Milli914 forfeited.\n|\n|win|Awakening4935\n|raw|Awakening4935's rating: 1069 &rarr; <strong>1095</strong><br />(+26 for winning)\n|raw|Milli914's rating: 1031 &rarr; <strong>1018</strong><br />(-13 for losing)\n|l|\u2606Milli914\n|l|\u2606Awakening4935\n|j|\u2606Awakening4935\n|player|p1|Awakening4935|cynthia-gen4\n", "uploadtime": 1695189196, "views": 8, "p1id": "awakening4935", "p2id": "milli914", "formatid": "gen9ou", "rating": 1018, "private": 0, "password": ""}