{"id": "gen9ou-1947494804", "p1": "Bendy Cat", "p2": "mc rapper 3", "format": "gen9ou", "log": "|j|\u2606Bendy Cat\n|j|\u2606mc rapper 3\n|t:|1695166194\n|gametype|singles\n|player|p1|Bendy Cat|liza|\n|player|p2|mc rapper 3|az|\n|teamsize|p1|6\n|teamsize|p2|6\n|gen|9\n|tier|[Gen 9] OU\n|rule|Sleep Clause Mod: Limit one foe put to sleep\n|rule|Species Clause: Limit one of each Pok\u00e9mon\n|rule|OHKO Clause: OHKO moves are banned\n|rule|Evasion Items Clause: Evasion items are banned\n|rule|Evasion Moves Clause: Evasion moves are banned\n|rule|Endless Battle Clause: Forcing endless battles is banned\n|rule|HP Percentage Mod: HP is shown in percentages\n|clearpoke\n|poke|p1|Sneasler, F|\n|poke|p1|Dragonite, M|\n|poke|p1|Revavroom, M|\n|poke|p1|Azelf|\n|poke|p1|Alomomola, M|\n|poke|p1|Mimikyu, F|\n|poke|p2|Amoonguss, F|\n|poke|p2|Politoed, M|\n|poke|p2|Basculegion, M|\n|poke|p2|Kingambit, F|\n|poke|p2|Kilowattrel, F|\n|poke|p2|Tinkaton, F|\n|teampreview\n|inactive|Battle timer is ON: inactive players will automatically lose when time's up. (requested by mc rapper 3)\n|\n|t:|1695166200\n|start\n|switch|p1a: Revavroom|Revavroom, M|100/100\n|switch|p2a: Politoed|Politoed, M|100/100\n|-item|p1a: Revavroom|Air Balloon\n|-weather|RainDance|[from] ability: Drizzle|[of] p2a: Politoed\n|turn|1\n|\n|t:|1695166210\n|switch|p2a: Basculegion|Basculegion, M|100/100\n|move|p1a: Revavroom|Shift Gear|p1a: Revavroom\n|-boost|p1a: Revavroom|spe|2\n|-boost|p1a: Revavroom|atk|1\n|\n|-weather|RainDance|[upkeep]\n|upkeep\n|turn|2\n|\n|t:|1695166225\n|move|p1a: Revavroom|Shift Gear|p1a: Revavroom\n|-boost|p1a: Revavroom|spe|2\n|-boost|p1a: Revavroom|atk|1\n|move|p2a: Basculegion|Wave Crash|p1a: Revavroom\n|-damage|p1a: Revavroom|0 fnt\n|-enditem|p1a: Revavroom|Air Balloon\n|faint|p1a: Revavroom\n|-damage|p2a: Basculegion|75/100|[from] Recoil\n|\n|-weather|RainDance|[upkeep]\n|upkeep\n|\n|t:|1695166248\n|switch|p1a: Sneasler|Sneasler, F|100/100\n|turn|3\n|c|\u2606Bendy Cat|disclaimer: Eu n\u00e3o conhe\u00e7o nada da gen 9\n|\n|t:|1695166258\n|move|p2a: Basculegion|Wave Crash|p1a: Sneasler\n|-enditem|p1a: Sneasler|Focus Sash\n|-damage|p1a: Sneasler|1/100\n|-damage|p2a: Basculegion|49/100|[from] Recoil\n|move|p1a: Sneasler|Swords Dance|p1a: Sneasler\n|-boost|p1a: Sneasler|atk|2\n|\n|-weather|RainDance|[upkeep]\n|upkeep\n|turn|4\n|\n|t:|1695166267\n|move|p1a: Sneasler|Night Slash|p2a: Basculegion\n|-supereffective|p2a: Basculegion\n|-damage|p2a: Basculegion|0 fnt\n|faint|p2a: Basculegion\n|\n|-weather|RainDance|[upkeep]\n|upkeep\n|\n|t:|1695166270\n|switch|p2a: Tinkaton|Tinkaton, F|100/100\n|-ability|p2a: Tinkaton|Mold Breaker\n|turn|5\n|\n|t:|1695166276\n|move|p1a: Sneasler|Close Combat|p2a: Tinkaton\n|-damage|p2a: Tinkaton|0 fnt\n|-unboost|p1a: Sneasler|def|1\n|-unboost|p1a: Sneasler|spd|1\n|faint|p2a: Tinkaton\n|\n|-weather|RainDance|[upkeep]\n|upkeep\n|\n|t:|1695166285\n|switch|p2a: Kingambit|Kingambit, F|100/100\n|-activate|p2a: Kingambit|ability: Supreme Overlord\n|-start|p2a: Kingambit|fallen2|[silent]\n|turn|6\n|\n|t:|1695166290\n|move|p2a: Kingambit|Sucker Punch||[still]\n|-fail|p2a: Kingambit\n|move|p1a: Sneasler|Swords Dance|p1a: Sneasler\n|-boost|p1a: Sneasler|atk|2\n|\n|-weather|RainDance|[upkeep]\n|upkeep\n|turn|7\n|\n|t:|1695166296\n|move|p2a: Kingambit|Sucker Punch|p1a: Sneasler\n|-resisted|p1a: Sneasler\n|-damage|p1a: Sneasler|0 fnt\n|faint|p1a: Sneasler\n|\n|-weather|RainDance|[upkeep]\n|upkeep\n|\n|t:|1695166313\n|switch|p1a: Azelf|Azelf|100/100\n|turn|8\n|\n|t:|1695166321\n|move|p1a: Azelf|Drain Punch|p2a: Kingambit\n|-supereffective|p2a: Kingambit\n|-damage|p2a: Kingambit|0 fnt\n|faint|p2a: Kingambit\n|-end|p2a: Kingambit|fallen2|[silent]\n|\n|-weather|none\n|upkeep\n|\n|t:|1695166326\n|switch|p2a: Amoonguss|Amoonguss, F|100/100\n|turn|9\n|j| leonhardtt\n|\n|t:|1695166339\n|switch|p1a: Dragonite|Dragonite, M|100/100\n|-terastallize|p2a: Amoonguss|Steel\n|move|p2a: Amoonguss|Spore|p1a: Dragonite\n|-status|p1a: Dragonite|slp|[from] move: Spore\n|\n|-damage|p2a: Amoonguss|88/100|[from] item: Black Sludge\n|upkeep\n|turn|10\n|\n|t:|1695166356\n|switch|p1a: Azelf|Azelf|100/100\n|switch|p2a: Politoed|Politoed, M|100/100\n|-weather|RainDance|[from] ability: Drizzle|[of] p2a: Politoed\n|\n|-weather|RainDance|[upkeep]\n|upkeep\n|turn|11\n|\n|t:|1695166365\n|move|p1a: Azelf|Zen Headbutt|p2a: Politoed\n|-damage|p2a: Politoed|18/100\n|move|p2a: Politoed|Weather Ball|p1a: Azelf\n|-damage|p1a: Azelf|9/100\n|\n|-weather|RainDance|[upkeep]\n|upkeep\n|turn|12\n|\n|t:|1695166375\n|move|p1a: Azelf|Zen Headbutt|p2a: Politoed|[miss]\n|-miss|p1a: Azelf|p2a: Politoed\n|move|p2a: Politoed|Weather Ball|p1a: Azelf\n|-crit|p1a: Azelf\n|-damage|p1a: Azelf|0 fnt\n|faint|p1a: Azelf\n|\n|-weather|RainDance|[upkeep]\n|upkeep\n|c|\u2606Bendy Cat|olk\n|\n|t:|1695166387\n|switch|p1a: Dragonite|Dragonite, M|100/100 slp\n|turn|13\n|\n|t:|1695166391\n|cant|p1a: Dragonite|slp\n|move|p2a: Politoed|Ice Beam|p1a: Dragonite\n|-supereffective|p1a: Dragonite\n|-damage|p1a: Dragonite|50/100 slp\n|-enditem|p1a: Dragonite|Weakness Policy\n|-boost|p1a: Dragonite|atk|2|[from] item: Weakness Policy\n|-boost|p1a: Dragonite|spa|2|[from] item: Weakness Policy\n|\n|-weather|RainDance|[upkeep]\n|upkeep\n|turn|14\n|\n|t:|1695166398\n|cant|p1a: Dragonite|slp\n|move|p2a: Politoed|Ice Beam|p1a: Dragonite\n|-supereffective|p1a: Dragonite\n|-damage|p1a: Dragonite|0 fnt\n|faint|p1a: Dragonite\n|\n|-weather|RainDance|[upkeep]\n|upkeep\n|\n|t:|1695166405\n|switch|p1a: Mimikyu|Mimikyu, F|100/100\n|turn|15\n|\n|t:|1695166416\n|move|p1a: Mimikyu|Swords Dance|p1a: Mimikyu\n|-boost|p1a: Mimikyu|atk|2\n|move|p2a: Politoed|Weather Ball|p1a: Mimikyu\n|-activate|p1a: Mimikyu|ability: Disguise\n|-damage|p1a: Mimikyu|100/100\n|detailschange|p1a: Mimikyu|Mimikyu-Busted, F\n|-damage|p1a: Mimikyu|88/100|[from] pokemon: Mimikyu-Busted\n|\n|-weather|RainDance|[upkeep]\n|upkeep\n|turn|16\n|\n|t:|1695166428\n|move|p1a: Mimikyu|Shadow Claw|p2a: Politoed\n|-damage|p2a: Politoed|0 fnt\n|faint|p2a: Politoed\n|-damage|p1a: Mimikyu|78/100|[from] item: Life Orb\n|\n|-weather|RainDance|[upkeep]\n|upkeep\n|\n|t:|1695166431\n|switch|p2a: Kilowattrel|Kilowattrel, F|100/100\n|turn|17\n|\n|t:|1695166437\n|-terastallize|p1a: Mimikyu|Steel\n|move|p2a: Kilowattrel|Thunder|p1a: Mimikyu\n|-damage|p1a: Mimikyu|0 fnt\n|faint|p1a: Mimikyu\n|\n|-weather|none\n|upkeep\n|\n|t:|1695166443\n|switch|p1a: Alomomola|Alomomola, M|100/100\n|turn|18\n|\n|t:|1695166450\n|move|p2a: Kilowattrel|Thunder|p1a: Alomomola\n|-supereffective|p1a: Alomomola\n|-damage|p1a: Alomomola|0 fnt\n|faint|p1a: Alomomola\n|\n|win|mc rapper 3\n", "uploadtime": 1695166454, "views": 6, "p1id": "bendycat", "p2id": "mcrapper3", "formatid": "gen9ou", "rating": 0, "private": 0, "password": ""}