{"id": "gen9ou-1947605782", "p1": "S0l0w3", "p2": "Willian Vk", "format": "gen9ou", "log": "|j|\u2606S0l0w3\n|j|\u2606Willian Vk\n|t:|1695177154\n|gametype|singles\n|player|p1|S0l0w3|hoopster|1150\n|player|p2|Willian Vk|pokemaniac|1048\n|teamsize|p1|6\n|teamsize|p2|6\n|gen|9\n|tier|[Gen 9] OU\n|rated|\n|rule|Sleep Clause Mod: Limit one foe put to sleep\n|rule|Species Clause: Limit one of each Pok\u00e9mon\n|rule|OHKO Clause: OHKO moves are banned\n|rule|Evasion Items Clause: Evasion items are banned\n|rule|Evasion Moves Clause: Evasion moves are banned\n|rule|Endless Battle Clause: Forcing endless battles is banned\n|rule|HP Percentage Mod: HP is shown in percentages\n|clearpoke\n|poke|p1|Dachsbun, F|\n|poke|p1|Kleavor, M|\n|poke|p1|Frosmoth, F|\n|poke|p1|Ariados, F|\n|poke|p1|Yanmega, M|\n|poke|p1|Vikavolt, M|\n|poke|p2|Ambipom, M|\n|poke|p2|Conkeldurr, F|\n|poke|p2|Enamorus, F|\n|poke|p2|Dusknoir, F|\n|poke|p2|Wo-Chien|\n|poke|p2|Espeon, F|\n|teampreview\n|\n|t:|1695177168\n|start\n|switch|p1a: Dachsbun|Dachsbun, F, shiny|100/100\n|switch|p2a: Wo-Chien|Wo-Chien|100/100\n|-ability|p2a: Wo-Chien|Tablets of Ruin\n|turn|1\n|\n|t:|1695177181\n|switch|p1a: Frosmoth|Frosmoth, F, shiny|100/100\n|move|p2a: Wo-Chien|Leech Seed|p1a: Frosmoth|[miss]\n|-miss|p2a: Wo-Chien|p1a: Frosmoth\n|\n|upkeep\n|turn|2\n|\n|t:|1695177189\n|-terastallize|p2a: Wo-Chien|Dark\n|move|p2a: Wo-Chien|Substitute|p2a: Wo-Chien\n|-start|p2a: Wo-Chien|Substitute\n|-damage|p2a: Wo-Chien|76/100\n|move|p1a: Frosmoth|Quiver Dance|p1a: Frosmoth\n|-boost|p1a: Frosmoth|spa|1\n|-boost|p1a: Frosmoth|spd|1\n|-boost|p1a: Frosmoth|spe|1\n|\n|-heal|p2a: Wo-Chien|82/100|[from] item: Leftovers\n|upkeep\n|turn|3\n|\n|t:|1695177200\n|move|p1a: Frosmoth|Bug Buzz|p2a: Wo-Chien\n|-supereffective|p2a: Wo-Chien\n|-damage|p2a: Wo-Chien|0 fnt\n|faint|p2a: Wo-Chien\n|\n|upkeep\n|\n|t:|1695177209\n|switch|p2a: Dusknoir|Dusknoir, F|100/100\n|-ability|p2a: Dusknoir|Pressure\n|turn|4\n|\n|t:|1695177227\n|move|p1a: Frosmoth|Quiver Dance|p1a: Frosmoth\n|-boost|p1a: Frosmoth|spa|1\n|-boost|p1a: Frosmoth|spd|1\n|-boost|p1a: Frosmoth|spe|1\n|move|p2a: Dusknoir|Trick|p1a: Frosmoth\n|-activate|p2a: Dusknoir|move: Trick|[of] p1a: Frosmoth\n|-item|p1a: Frosmoth|Choice Scarf|[from] move: Trick\n|-item|p2a: Dusknoir|Leftovers|[from] move: Trick\n|\n|upkeep\n|turn|5\n|\n|t:|1695177247\n|switch|p1a: Dachsbun|Dachsbun, F, shiny|100/100\n|move|p2a: Dusknoir|Poltergeist|p1a: Dachsbun\n|-activate|p1a: Dachsbun|move: Poltergeist|Rocky Helmet\n|-damage|p1a: Dachsbun|47/100\n|\n|upkeep\n|turn|6\n|\n|t:|1695177262\n|move|p1a: Dachsbun|Wish|p1a: Dachsbun\n|move|p2a: Dusknoir|Poltergeist|p1a: Dachsbun\n|-activate|p1a: Dachsbun|move: Poltergeist|Rocky Helmet\n|-damage|p1a: Dachsbun|1/100\n|\n|upkeep\n|turn|7\n|\n|t:|1695177269\n|move|p1a: Dachsbun|Yawn|p2a: Dusknoir\n|-start|p2a: Dusknoir|move: Yawn|[of] p1a: Dachsbun\n|move|p2a: Dusknoir|Leech Life|p1a: Dachsbun\n|-resisted|p1a: Dachsbun\n|-damage|p1a: Dachsbun|0 fnt\n|-damage|p2a: Dusknoir|84/100|[from] item: Rocky Helmet|[of] p1a: Dachsbun\n|faint|p1a: Dachsbun\n|\n|-heal|p2a: Dusknoir|90/100|[from] item: Leftovers\n|upkeep\n|\n|t:|1695177283\n|switch|p1a: Kleavor|Kleavor, M, shiny|100/100\n|turn|8\n|\n|t:|1695177290\n|switch|p2a: Conkeldurr|Conkeldurr, F|100/100\n|move|p1a: Kleavor|Stone Axe|p2a: Conkeldurr\n|-resisted|p2a: Conkeldurr\n|-damage|p2a: Conkeldurr|80/100\n|-sidestart|p2: Willian Vk|move: Stealth Rock\n|\n|upkeep\n|turn|9\n|\n|t:|1695177300\n|switch|p1a: Yanmega|Yanmega, M, shiny|100/100\n|move|p2a: Conkeldurr|Drain Punch|p1a: Yanmega\n|-resisted|p1a: Yanmega\n|-damage|p1a: Yanmega|78/100\n|-heal|p2a: Conkeldurr|91/100|[from] drain|[of] p1a: Yanmega\n|-damage|p2a: Conkeldurr|81/100|[from] item: Life Orb\n|\n|upkeep\n|turn|10\n|\n|t:|1695177309\n|switch|p2a: Ambipom|Ambipom, M|100/100\n|-damage|p2a: Ambipom|88/100|[from] Stealth Rock\n|move|p1a: Yanmega|Air Slash|p2a: Ambipom\n|-damage|p2a: Ambipom|0 fnt\n|faint|p2a: Ambipom\n|\n|upkeep\n|\n|t:|1695177320\n|switch|p2a: Espeon|Espeon, F|100/100\n|-damage|p2a: Espeon|88/100|[from] Stealth Rock\n|turn|11\n|\n|t:|1695177329\n|move|p2a: Espeon|Dazzling Gleam|p1a: Yanmega\n|-damage|p1a: Yanmega|31/100\n|move|p1a: Yanmega|Air Slash|p2a: Espeon\n|-damage|p2a: Espeon|14/100\n|\n|-heal|p2a: Espeon|20/100|[from] item: Leftovers\n|upkeep\n|turn|12\n|\n|t:|1695177339\n|switch|p1a: Frosmoth|Frosmoth, F, shiny|100/100\n|move|p2a: Espeon|Dazzling Gleam|p1a: Frosmoth\n|-damage|p1a: Frosmoth|87/100\n|\n|-heal|p2a: Espeon|26/100|[from] item: Leftovers\n|upkeep\n|turn|13\n|\n|t:|1695177347\n|move|p2a: Espeon|Calm Mind|p2a: Espeon\n|-boost|p2a: Espeon|spa|1\n|-boost|p2a: Espeon|spd|1\n|move|p1a: Frosmoth|Ice Beam|p2a: Espeon\n|-damage|p2a: Espeon|0 fnt\n|faint|p2a: Espeon\n|\n|upkeep\n|\n|t:|1695177354\n|switch|p2a: Enamorus|Enamorus, F|100/100\n|-damage|p2a: Enamorus|76/100|[from] Stealth Rock\n|turn|14\n|\n|t:|1695177360\n|move|p2a: Enamorus|Superpower|p1a: Frosmoth\n|-damage|p1a: Frosmoth|11/100\n|-boost|p2a: Enamorus|atk|1\n|-boost|p2a: Enamorus|def|1\n|move|p1a: Frosmoth|Ice Beam|p2a: Enamorus\n|-supereffective|p2a: Enamorus\n|-damage|p2a: Enamorus|0 fnt\n|faint|p2a: Enamorus\n|\n|upkeep\n|\n|t:|1695177373\n|switch|p2a: Conkeldurr|Conkeldurr, F|81/100\n|-damage|p2a: Conkeldurr|74/100|[from] Stealth Rock\n|turn|15\n|c|\u2606S0l0w3|GGs\n|\n|t:|1695177378\n|move|p2a: Conkeldurr|Mach Punch|p1a: Frosmoth\n|-damage|p1a: Frosmoth|0 fnt\n|faint|p1a: Frosmoth\n|-damage|p2a: Conkeldurr|64/100|[from] item: Life Orb\n|\n|upkeep\n|\n|t:|1695177385\n|switch|p1a: Yanmega|Yanmega, M, shiny|31/100\n|turn|16\n|\n|t:|1695177390\n|switch|p2a: Dusknoir|Dusknoir, F|90/100\n|-damage|p2a: Dusknoir|78/100|[from] Stealth Rock\n|-ability|p2a: Dusknoir|Pressure\n|move|p1a: Yanmega|Air Slash|p2a: Dusknoir\n|-damage|p2a: Dusknoir|18/100\n|\n|-heal|p2a: Dusknoir|24/100|[from] item: Leftovers\n|upkeep\n|turn|17\n|\n|t:|1695177400\n|move|p1a: Yanmega|Air Slash|p2a: Dusknoir\n|-damage|p2a: Dusknoir|0 fnt\n|faint|p2a: Dusknoir\n|\n|upkeep\n|\n|t:|1695177404\n|switch|p2a: Conkeldurr|Conkeldurr, F|64/100\n|-damage|p2a: Conkeldurr|58/100|[from] Stealth Rock\n|turn|18\n|\n|t:|1695177408\n|move|p1a: Yanmega|Air Slash|p2a: Conkeldurr\n|-supereffective|p2a: Conkeldurr\n|-damage|p2a: Conkeldurr|0 fnt\n|faint|p2a: Conkeldurr\n|\n|win|S0l0w3\n|raw|S0l0w3's rating: 1150 &rarr; <strong>1168</strong><br />(+18 for winning)\n|raw|Willian Vk's rating: 1048 &rarr; <strong>1036</strong><br />(-12 for losing)\n|l|\u2606Willian Vk\n", "uploadtime": 1695177414, "views": 5, "p1id": "s0l0w3", "p2id": "willianvk", "formatid": "gen9ou", "rating": 1036, "private": 0, "password": ""}