{"id": "gen9ou-1947677123", "p1": "Cyberh3", "p2": "Agente Super P", "format": "gen9ou", "log": "|j|\u2606Cyberh3\n|j|\u2606Agente Super P\n|t:|1695185661\n|gametype|singles\n|player|p1|Cyberh3|169|1429\n|player|p2|Agente Super P|roxanne|1494\n|teamsize|p1|6\n|teamsize|p2|6\n|gen|9\n|tier|[Gen 9] OU\n|rated|\n|rule|Sleep Clause Mod: Limit one foe put to sleep\n|rule|Species Clause: Limit one of each Pok\u00e9mon\n|rule|OHKO Clause: OHKO moves are banned\n|rule|Evasion Items Clause: Evasion items are banned\n|rule|Evasion Moves Clause: Evasion moves are banned\n|rule|Endless Battle Clause: Forcing endless battles is banned\n|rule|HP Percentage Mod: HP is shown in percentages\n|clearpoke\n|poke|p1|Kingambit, M|\n|poke|p1|Sandy Shocks|\n|poke|p1|Dragapult, M|\n|poke|p1|Iron Valiant|\n|poke|p1|Quaquaval, F|\n|poke|p1|Amoonguss, M|\n|poke|p2|Jirachi|\n|poke|p2|Landorus-Therian, M|\n|poke|p2|Ogerpon-Wellspring, F|\n|poke|p2|Sandy Shocks|\n|poke|p2|Azumarill, F|\n|poke|p2|Great Tusk|\n|teampreview\n|\n|t:|1695185670\n|start\n|switch|p1a: Sandy Shocks|Sandy Shocks|100/100\n|switch|p2a: Azumarill|Azumarill, F|100/100\n|turn|1\n|inactive|Battle timer is ON: inactive players will automatically lose when time's up. (requested by Agente Super P)\n|\n|t:|1695185675\n|move|p1a: Sandy Shocks|Stealth Rock|p2a: Azumarill\n|-sidestart|p2: Agente Super P|move: Stealth Rock\n|move|p2a: Azumarill|Liquidation|p1a: Sandy Shocks\n|-supereffective|p1a: Sandy Shocks\n|-damage|p1a: Sandy Shocks|0 fnt\n|faint|p1a: Sandy Shocks\n|-end|p1a: Sandy Shocks|Protosynthesis|[silent]\n|\n|upkeep\n|\n|t:|1695185684\n|switch|p1a: Dragapult|Dragapult, M|100/100\n|turn|2\n|\n|t:|1695185686\n|move|p1a: Dragapult|Will-O-Wisp|p2a: Azumarill\n|-status|p2a: Azumarill|brn\n|move|p2a: Azumarill|Play Rough|p1a: Dragapult\n|-supereffective|p1a: Dragapult\n|-damage|p1a: Dragapult|16/100\n|-unboost|p1a: Dragapult|atk|1\n|\n|-damage|p2a: Azumarill|94/100 brn|[from] brn\n|upkeep\n|turn|3\n|\n|t:|1695185697\n|move|p2a: Azumarill|Aqua Jet|p1a: Dragapult\n|-resisted|p1a: Dragapult\n|-damage|p1a: Dragapult|7/100\n|move|p1a: Dragapult|Thunderbolt|p2a: Azumarill\n|-supereffective|p2a: Azumarill\n|-damage|p2a: Azumarill|47/100 brn\n|\n|-damage|p2a: Azumarill|41/100 brn|[from] brn\n|upkeep\n|turn|4\n|\n|t:|1695185706\n|switch|p1a: Quaquaval|Quaquaval, F|100/100\n|move|p2a: Azumarill|Aqua Jet|p1a: Quaquaval\n|-resisted|p1a: Quaquaval\n|-damage|p1a: Quaquaval|92/100\n|\n|-damage|p2a: Azumarill|35/100 brn|[from] brn\n|upkeep\n|turn|5\n|\n|t:|1695185713\n|move|p1a: Quaquaval|Aqua Step|p2a: Azumarill\n|-resisted|p2a: Azumarill\n|-damage|p2a: Azumarill|18/100 brn\n|-boost|p1a: Quaquaval|spe|1\n|move|p2a: Azumarill|Play Rough|p1a: Quaquaval\n|-supereffective|p1a: Quaquaval\n|-damage|p1a: Quaquaval|11/100\n|\n|-damage|p2a: Azumarill|12/100 brn|[from] brn\n|upkeep\n|turn|6\n|\n|t:|1695185726\n|switch|p2a: Ogerpon|Ogerpon-Wellspring, F|100/100\n|-damage|p2a: Ogerpon|88/100|[from] Stealth Rock\n|move|p1a: Quaquaval|Aqua Step|p2a: Ogerpon\n|-heal|p2a: Ogerpon|100/100|[from] ability: Water Absorb|[of] p1a: Quaquaval\n|\n|upkeep\n|turn|7\n|\n|t:|1695185734\n|move|p1a: Quaquaval|Brave Bird|p2a: Ogerpon\n|-supereffective|p2a: Ogerpon\n|-damage|p2a: Ogerpon|0 fnt\n|faint|p2a: Ogerpon\n|-ability|p1a: Quaquaval|Moxie|boost\n|-boost|p1a: Quaquaval|atk|1\n|-damage|p1a: Quaquaval|0 fnt|[from] Recoil\n|faint|p1a: Quaquaval\n|\n|upkeep\n|\n|t:|1695185753\n|switch|p2a: Landorus|Landorus-Therian, M|100/100\n|switch|p1a: Dragapult|Dragapult, M|7/100\n|-damage|p2a: Landorus|88/100|[from] Stealth Rock\n|-ability|p2a: Landorus|Intimidate|boost\n|-unboost|p1a: Dragapult|atk|1\n|turn|8\n|\n|t:|1695185760\n|move|p2a: Landorus|U-turn|p1a: Dragapult\n|-resisted|p1a: Dragapult\n|-damage|p1a: Dragapult|0 fnt\n|faint|p1a: Dragapult\n|\n|t:|1695185764\n|switch|p2a: Great Tusk|Great Tusk|100/100|[from] U-turn\n|\n|upkeep\n|\n|t:|1695185768\n|switch|p1a: Amoonguss|Amoonguss, M|100/100\n|turn|9\n|\n|t:|1695185779\n|-end|p2a: Great Tusk|Protosynthesis|[silent]\n|switch|p2a: Jirachi|Jirachi|100/100\n|-damage|p2a: Jirachi|94/100|[from] Stealth Rock\n|move|p1a: Amoonguss|Giga Drain|p2a: Jirachi\n|-resisted|p2a: Jirachi\n|-damage|p2a: Jirachi|84/100\n|\n|-heal|p2a: Jirachi|90/100|[from] item: Leftovers\n|upkeep\n|turn|10\n|\n|t:|1695185787\n|move|p2a: Jirachi|Stealth Rock|p1a: Amoonguss\n|-sidestart|p1: Cyberh3|move: Stealth Rock\n|move|p1a: Amoonguss|Foul Play|p2a: Jirachi\n|-supereffective|p2a: Jirachi\n|-damage|p2a: Jirachi|56/100\n|\n|-heal|p2a: Jirachi|62/100|[from] item: Leftovers\n|upkeep\n|turn|11\n|\n|t:|1695185794\n|move|p2a: Jirachi|Wish|p2a: Jirachi\n|move|p1a: Amoonguss|Spore|p2a: Jirachi\n|-status|p2a: Jirachi|slp|[from] move: Spore\n|\n|-heal|p2a: Jirachi|69/100 slp|[from] item: Leftovers\n|upkeep\n|turn|12\n|\n|t:|1695185806\n|cant|p2a: Jirachi|slp\n|move|p1a: Amoonguss|Foul Play|p2a: Jirachi\n|-supereffective|p2a: Jirachi\n|-damage|p2a: Jirachi|36/100 slp\n|\n|-heal|p2a: Jirachi|86/100 slp|[from] move: Wish|[wisher] Jirachi\n|-heal|p2a: Jirachi|93/100 slp|[from] item: Leftovers\n|upkeep\n|turn|13\n|\n|t:|1695185814\n|cant|p2a: Jirachi|slp\n|move|p1a: Amoonguss|Foul Play|p2a: Jirachi\n|-supereffective|p2a: Jirachi\n|-damage|p2a: Jirachi|61/100 slp\n|\n|-heal|p2a: Jirachi|67/100 slp|[from] item: Leftovers\n|upkeep\n|turn|14\n|\n|t:|1695185821\n|cant|p2a: Jirachi|slp\n|move|p1a: Amoonguss|Foul Play|p2a: Jirachi\n|-supereffective|p2a: Jirachi\n|-damage|p2a: Jirachi|31/100 slp\n|\n|-heal|p2a: Jirachi|37/100 slp|[from] item: Leftovers\n|upkeep\n|turn|15\n|\n|t:|1695185828\n|-curestatus|p2a: Jirachi|slp|[msg]\n|move|p2a: Jirachi|Protect|p2a: Jirachi\n|-singleturn|p2a: Jirachi|Protect\n|move|p1a: Amoonguss|Spore|p2a: Jirachi\n|-activate|p2a: Jirachi|move: Protect\n|\n|-heal|p2a: Jirachi|43/100|[from] item: Leftovers\n|upkeep\n|turn|16\n|\n|t:|1695185838\n|move|p2a: Jirachi|Wish|p2a: Jirachi\n|move|p1a: Amoonguss|Spore|p2a: Jirachi\n|-status|p2a: Jirachi|slp|[from] move: Spore\n|\n|-heal|p2a: Jirachi|50/100 slp|[from] item: Leftovers\n|upkeep\n|turn|17\n|\n|t:|1695185844\n|cant|p2a: Jirachi|slp\n|move|p1a: Amoonguss|Foul Play|p2a: Jirachi\n|-supereffective|p2a: Jirachi\n|-damage|p2a: Jirachi|14/100 slp\n|\n|-heal|p2a: Jirachi|64/100 slp|[from] move: Wish|[wisher] Jirachi\n|-heal|p2a: Jirachi|71/100 slp|[from] item: Leftovers\n|upkeep\n|turn|18\n|\n|t:|1695185852\n|-curestatus|p2a: Jirachi|slp|[msg]\n|move|p2a: Jirachi|Wish|p2a: Jirachi\n|move|p1a: Amoonguss|Foul Play|p2a: Jirachi\n|-supereffective|p2a: Jirachi\n|-damage|p2a: Jirachi|38/100\n|\n|-heal|p2a: Jirachi|44/100|[from] item: Leftovers\n|upkeep\n|turn|19\n|\n|t:|1695185860\n|move|p2a: Jirachi|Iron Head|p1a: Amoonguss\n|-damage|p1a: Amoonguss|72/100\n|-damage|p2a: Jirachi|27/100|[from] item: Rocky Helmet|[of] p1a: Amoonguss\n|cant|p1a: Amoonguss|flinch\n|\n|-heal|p2a: Jirachi|77/100|[from] move: Wish|[wisher] Jirachi\n|-heal|p2a: Jirachi|84/100|[from] item: Leftovers\n|upkeep\n|turn|20\n|\n|t:|1695185870\n|switch|p2a: Azumarill|Azumarill, F|12/100 brn\n|-damage|p2a: Azumarill|0 fnt|[from] Stealth Rock\n|faint|p2a: Azumarill\n|move|p1a: Amoonguss|Spore|p2: Azumarill|[notarget]\n|-fail|p1a: Amoonguss\n|\n|upkeep\n|\n|t:|1695185878\n|switch|p2a: Landorus|Landorus-Therian, M|88/100\n|-damage|p2a: Landorus|76/100|[from] Stealth Rock\n|-ability|p2a: Landorus|Intimidate|boost\n|-unboost|p1a: Amoonguss|atk|1\n|turn|21\n|\n|t:|1695185886\n|move|p2a: Landorus|Earthquake|p1a: Amoonguss\n|-damage|p1a: Amoonguss|15/100\n|move|p1a: Amoonguss|Giga Drain|p2a: Landorus\n|-damage|p2a: Landorus|34/100\n|-heal|p1a: Amoonguss|31/100|[from] drain|[of] p2a: Landorus\n|\n|upkeep\n|turn|22\n|\n|t:|1695185892\n|move|p2a: Landorus|Earthquake|p1a: Amoonguss\n|-crit|p1a: Amoonguss\n|-damage|p1a: Amoonguss|0 fnt\n|faint|p1a: Amoonguss\n|\n|upkeep\n|\n|t:|1695185895\n|switch|p1a: Iron Valiant|Iron Valiant|100/100\n|-damage|p1a: Iron Valiant|94/100|[from] Stealth Rock\n|-enditem|p1a: Iron Valiant|Booster Energy\n|-activate|p1a: Iron Valiant|ability: Quark Drive|[fromitem]\n|-start|p1a: Iron Valiant|quarkdrivespe\n|turn|23\n|\n|t:|1695185906\n|switch|p2a: Jirachi|Jirachi|84/100\n|-damage|p2a: Jirachi|77/100|[from] Stealth Rock\n|move|p1a: Iron Valiant|Swords Dance|p1a: Iron Valiant\n|-boost|p1a: Iron Valiant|atk|2\n|\n|-heal|p2a: Jirachi|84/100|[from] item: Leftovers\n|upkeep\n|turn|24\n|\n|t:|1695185922\n|move|p2a: Jirachi|Protect|p2a: Jirachi\n|-singleturn|p2a: Jirachi|Protect\n|move|p1a: Iron Valiant|Close Combat|p2a: Jirachi\n|-activate|p2a: Jirachi|move: Protect\n|\n|-heal|p2a: Jirachi|90/100|[from] item: Leftovers\n|upkeep\n|turn|25\n|\n|t:|1695185930\n|move|p1a: Iron Valiant|Encore|p2a: Jirachi\n|-start|p2a: Jirachi|Encore\n|move|p2a: Jirachi|Protect||[still]\n|-fail|p2a: Jirachi\n|\n|-heal|p2a: Jirachi|96/100|[from] item: Leftovers\n|upkeep\n|turn|26\n|\n|t:|1695185939\n|switch|p2a: Sandy Shocks|Sandy Shocks|100/100\n|-enditem|p2a: Sandy Shocks|Booster Energy\n|-activate|p2a: Sandy Shocks|ability: Protosynthesis|[fromitem]\n|-start|p2a: Sandy Shocks|protosynthesisspe\n|-damage|p2a: Sandy Shocks|94/100|[from] Stealth Rock\n|move|p1a: Iron Valiant|Swords Dance|p1a: Iron Valiant\n|-boost|p1a: Iron Valiant|atk|2\n|\n|upkeep\n|turn|27\n|\n|t:|1695185949\n|-terastallize|p2a: Sandy Shocks|Fairy\n|move|p1a: Iron Valiant|Spirit Break|p2a: Sandy Shocks\n|-damage|p2a: Sandy Shocks|0 fnt\n|faint|p2a: Sandy Shocks\n|-end|p2a: Sandy Shocks|Protosynthesis|[silent]\n|\n|upkeep\n|\n|t:|1695185955\n|switch|p2a: Jirachi|Jirachi|96/100\n|-damage|p2a: Jirachi|90/100|[from] Stealth Rock\n|turn|28\n|\n|t:|1695185960\n|move|p1a: Iron Valiant|Close Combat|p2a: Jirachi\n|-damage|p2a: Jirachi|0 fnt\n|-unboost|p1a: Iron Valiant|def|1\n|-unboost|p1a: Iron Valiant|spd|1\n|faint|p2a: Jirachi\n|\n|upkeep\n|-message|Agente Super P forfeited.\n|\n|win|Cyberh3\n|raw|Cyberh3's rating: 1429 &rarr; <strong>1453</strong><br />(+24 for winning)\n|raw|Agente Super P's rating: 1494 &rarr; <strong>1470</strong><br />(-24 for losing)\n|l|\u2606Agente Super P\n", "uploadtime": 1695185974, "views": 5, "p1id": "cyberh3", "p2id": "agentesuperp", "formatid": "gen9ou", "rating": 1453, "private": 0, "password": ""}