{"id": "gen9ou-1947673479", "p1": "Charles Fardwin", "p2": "Shouldntnamemyself", "format": "gen9ou", "log": "|j|\u2606Charles Fardwin\n|j|\u2606Shouldntnamemyself\n|t:|1695185151\n|gametype|singles\n|player|p1|Charles Fardwin|shadowtriad|1270\n|player|p2|Shouldntnamemyself|265|1196\n|teamsize|p1|6\n|teamsize|p2|6\n|gen|9\n|tier|[Gen 9] OU\n|rated|\n|rule|Sleep Clause Mod: Limit one foe put to sleep\n|rule|Species Clause: Limit one of each Pok\u00e9mon\n|rule|OHKO Clause: OHKO moves are banned\n|rule|Evasion Items Clause: Evasion items are banned\n|rule|Evasion Moves Clause: Evasion moves are banned\n|rule|Endless Battle Clause: Forcing endless battles is banned\n|rule|HP Percentage Mod: HP is shown in percentages\n|clearpoke\n|poke|p1|Enamorus, F|\n|poke|p1|Heracross, M|\n|poke|p1|Vikavolt, M|\n|poke|p1|Glimmora, F|\n|poke|p1|Quaquaval, M|\n|poke|p1|Skeledirge, F|\n|poke|p2|Sneasler, M|\n|poke|p2|Dondozo, M|\n|poke|p2|Cinderace, F|\n|poke|p2|Roaring Moon|\n|poke|p2|Ursaluna-Bloodmoon, M|\n|poke|p2|Enamorus, F|\n|teampreview\n|\n|t:|1695185158\n|start\n|switch|p1a: Glimmora|Glimmora, F|100/100\n|switch|p2a: Ursaluna|Ursaluna-Bloodmoon, M|100/100\n|turn|1\n|inactive|Battle timer is ON: inactive players will automatically lose when time's up. (requested by Charles Fardwin)\n|\n|t:|1695185167\n|move|p1a: Glimmora|Stealth Rock|p2a: Ursaluna\n|-sidestart|p2: Shouldntnamemyself|move: Stealth Rock\n|move|p2a: Ursaluna|Earth Power|p1a: Glimmora\n|-supereffective|p1a: Glimmora\n|-enditem|p1a: Glimmora|Focus Sash\n|-damage|p1a: Glimmora|1/100\n|-unboost|p1a: Glimmora|spd|1\n|\n|upkeep\n|turn|2\n|\n|t:|1695185172\n|move|p2a: Ursaluna|Vacuum Wave|p1a: Glimmora\n|-damage|p1a: Glimmora|0 fnt\n|faint|p1a: Glimmora\n|\n|upkeep\n|\n|t:|1695185181\n|switch|p1a: Heracross|Heracross, M|100/100\n|turn|3\n|\n|t:|1695185192\n|switch|p2a: Cinderace|Cinderace, F|100/100\n|move|p1a: Heracross|Trailblaze|p2a: Cinderace\n|-resisted|p2a: Cinderace\n|-damage|p2a: Cinderace|87/100\n|-boost|p1a: Heracross|spe|1\n|\n|-status|p1a: Heracross|brn|[from] item: Flame Orb\n|upkeep\n|turn|4\n|\n|t:|1695185204\n|move|p1a: Heracross|Facade|p2a: Cinderace\n|-damage|p2a: Cinderace|0 fnt\n|faint|p2a: Cinderace\n|\n|-damage|p1a: Heracross|95/100 brn|[from] brn\n|upkeep\n|\n|t:|1695185216\n|switch|p2a: Dondozo|Dondozo, M|100/100\n|-damage|p2a: Dondozo|88/100|[from] Stealth Rock\n|turn|5\n|\n|t:|1695185221\n|move|p1a: Heracross|Facade|p2a: Dondozo\n|-damage|p2a: Dondozo|45/100\n|move|p2a: Dondozo|Curse|p2a: Dondozo\n|-unboost|p2a: Dondozo|spe|1\n|-boost|p2a: Dondozo|atk|1\n|-boost|p2a: Dondozo|def|1\n|\n|-heal|p2a: Dondozo|51/100|[from] item: Leftovers\n|-damage|p1a: Heracross|89/100 brn|[from] brn\n|upkeep\n|turn|6\n|\n|t:|1695185229\n|move|p1a: Heracross|Facade|p2a: Dondozo\n|-damage|p2a: Dondozo|23/100\n|move|p2a: Dondozo|Curse|p2a: Dondozo\n|-unboost|p2a: Dondozo|spe|1\n|-boost|p2a: Dondozo|atk|1\n|-boost|p2a: Dondozo|def|1\n|\n|-heal|p2a: Dondozo|29/100|[from] item: Leftovers\n|-damage|p1a: Heracross|83/100 brn|[from] brn\n|upkeep\n|turn|7\n|\n|t:|1695185237\n|move|p1a: Heracross|Close Combat|p2a: Dondozo\n|-damage|p2a: Dondozo|0 fnt\n|-unboost|p1a: Heracross|def|1\n|-unboost|p1a: Heracross|spd|1\n|faint|p2a: Dondozo\n|\n|-damage|p1a: Heracross|77/100 brn|[from] brn\n|upkeep\n|c|\u2606Shouldntnamemyself|Oof\n|inactive|Shouldntnamemyself has 120 seconds left.\n|\n|t:|1695185272\n|switch|p2a: Roaring Moon|Roaring Moon|100/100\n|-damage|p2a: Roaring Moon|88/100|[from] Stealth Rock\n|-enditem|p2a: Roaring Moon|Booster Energy\n|-activate|p2a: Roaring Moon|ability: Protosynthesis|[fromitem]\n|-start|p2a: Roaring Moon|protosynthesisatk\n|turn|8\n|\n|t:|1695185277\n|-terastallize|p2a: Roaring Moon|Flying\n|move|p1a: Heracross|Close Combat|p2a: Roaring Moon\n|-resisted|p2a: Roaring Moon\n|-damage|p2a: Roaring Moon|28/100\n|-unboost|p1a: Heracross|def|1\n|-unboost|p1a: Heracross|spd|1\n|move|p2a: Roaring Moon|Dragon Dance|p2a: Roaring Moon\n|-boost|p2a: Roaring Moon|atk|1\n|-boost|p2a: Roaring Moon|spe|1\n|\n|-damage|p1a: Heracross|71/100 brn|[from] brn\n|upkeep\n|turn|9\n|\n|t:|1695185283\n|move|p2a: Roaring Moon|Acrobatics|p1a: Heracross\n|-supereffective|p1a: Heracross\n|-damage|p1a: Heracross|0 fnt\n|faint|p1a: Heracross\n|\n|upkeep\n|\n|t:|1695185291\n|switch|p1a: Skeledirge|Skeledirge, F|100/100\n|turn|10\n|\n|t:|1695185293\n|move|p2a: Roaring Moon|Knock Off|p1a: Skeledirge\n|-supereffective|p1a: Skeledirge\n|-damage|p1a: Skeledirge|0 fnt\n|-enditem|p1a: Skeledirge|Leftovers|[from] move: Knock Off|[of] p2a: Roaring Moon\n|faint|p1a: Skeledirge\n|\n|upkeep\n|\n|t:|1695185297\n|switch|p1a: Vikavolt|Vikavolt, M|100/100\n|turn|11\n|\n|t:|1695185301\n|move|p2a: Roaring Moon|Acrobatics|p1a: Vikavolt\n|-damage|p1a: Vikavolt|0 fnt\n|faint|p1a: Vikavolt\n|\n|upkeep\n|\n|t:|1695185304\n|switch|p1a: Enamorus|Enamorus, F|100/100\n|turn|12\n|\n|t:|1695185310\n|move|p2a: Roaring Moon|Acrobatics|p1a: Enamorus\n|-crit|p1a: Enamorus\n|-damage|p1a: Enamorus|0 fnt\n|faint|p1a: Enamorus\n|\n|upkeep\n|\n|t:|1695185313\n|switch|p1a: Quaquaval|Quaquaval, M|100/100\n|turn|13\n|\n|t:|1695185314\n|-terastallize|p1a: Quaquaval|Water\n|move|p2a: Roaring Moon|Acrobatics|p1a: Quaquaval\n|-damage|p1a: Quaquaval|0 fnt\n|faint|p1a: Quaquaval\n|\n|win|Shouldntnamemyself\n|raw|Charles Fardwin's rating: 1270 &rarr; <strong>1240</strong><br />(-30 for losing)\n|raw|Shouldntnamemyself's rating: 1196 &rarr; <strong>1226</strong><br />(+30 for winning)\n|l|\u2606Charles Fardwin\n|c|\u2606Shouldntnamemyself|GG\n", "uploadtime": 1695185341, "views": 5, "p1id": "charlesfardwin", "p2id": "shouldntnamemyself", "formatid": "gen9ou", "rating": 1226, "private": 0, "password": ""}