{"id": "gen9ou-1947638863", "p1": "eunaomeconheco", "p2": "Kilometer212", "format": "gen9ou", "log": "|j|\u2606eunaomeconheco\n|j|\u2606Kilometer212\n|t:|1695180698\n|gametype|singles\n|player|p1|eunaomeconheco|gambler|1319\n|player|p2|Kilometer212|larry|1319\n|teamsize|p1|6\n|teamsize|p2|6\n|gen|9\n|tier|[Gen 9] OU\n|rated|\n|rule|Sleep Clause Mod: Limit one foe put to sleep\n|rule|Species Clause: Limit one of each Pok\u00e9mon\n|rule|OHKO Clause: OHKO moves are banned\n|rule|Evasion Items Clause: Evasion items are banned\n|rule|Evasion Moves Clause: Evasion moves are banned\n|rule|Endless Battle Clause: Forcing endless battles is banned\n|rule|HP Percentage Mod: HP is shown in percentages\n|clearpoke\n|poke|p1|Manaphy|\n|poke|p1|Ribombee, F|\n|poke|p1|Ogerpon-Wellspring, F|\n|poke|p1|Clodsire, F|\n|poke|p1|Scizor, M|\n|poke|p1|Sandaconda, M|\n|poke|p2|Kommo-o, F|\n|poke|p2|Ogerpon-Hearthflame, F|\n|poke|p2|Glimmora, M|\n|poke|p2|Kingambit, F|\n|poke|p2|Great Tusk|\n|poke|p2|Gholdengo|\n|teampreview\n|inactive|Battle timer is ON: inactive players will automatically lose when time's up. (requested by Kilometer212)\n|\n|t:|1695180706\n|start\n|switch|p1a: Sandaconda|Sandaconda, M|100/100\n|switch|p2a: Glimmora|Glimmora, M, shiny|100/100\n|turn|1\n|\n|t:|1695180709\n|move|p2a: Glimmora|Stealth Rock|p1a: Sandaconda\n|-sidestart|p1: eunaomeconheco|move: Stealth Rock\n|move|p1a: Sandaconda|Coil|p1a: Sandaconda\n|-boost|p1a: Sandaconda|atk|1\n|-boost|p1a: Sandaconda|def|1\n|-boost|p1a: Sandaconda|accuracy|1\n|\n|upkeep\n|turn|2\n|\n|t:|1695180715\n|move|p2a: Glimmora|Spikes|p1a: Sandaconda\n|-sidestart|p1: eunaomeconheco|Spikes\n|move|p1a: Sandaconda|Scale Shot|p2a: Glimmora\n|-damage|p2a: Glimmora|84/100\n|-activate|p2a: Glimmora|ability: Toxic Debris\n|-sidestart|p1: eunaomeconheco|move: Toxic Spikes\n|-damage|p2a: Glimmora|69/100\n|-activate|p2a: Glimmora|ability: Toxic Debris\n|-sidestart|p1: eunaomeconheco|move: Toxic Spikes\n|-damage|p2a: Glimmora|54/100\n|-damage|p2a: Glimmora|39/100\n|-crit|p2a: Glimmora\n|-damage|p2a: Glimmora|14/100\n|-hitcount|p2a: Glimmora|5\n|-unboost|p1a: Sandaconda|def|1\n|-boost|p1a: Sandaconda|spe|1\n|\n|upkeep\n|turn|3\n|\n|t:|1695180721\n|move|p1a: Sandaconda|Rock Blast|p2a: Glimmora\n|-damage|p2a: Glimmora|0 fnt\n|faint|p2a: Glimmora\n|-hitcount|p2: Glimmora|1\n|\n|upkeep\n|\n|t:|1695180730\n|switch|p2a: Ogerpon|Ogerpon-Hearthflame, F|100/100\n|-ability|p2a: Ogerpon|Mold Breaker\n|turn|4\n|\n|t:|1695180733\n|-terastallize|p1a: Sandaconda|Dragon\n|move|p2a: Ogerpon|Trailblaze|p1a: Sandaconda\n|-resisted|p1a: Sandaconda\n|-damage|p1a: Sandaconda|86/100\n|-boost|p2a: Ogerpon|spe|1\n|move|p1a: Sandaconda|Coil|p1a: Sandaconda\n|-boost|p1a: Sandaconda|atk|1\n|-boost|p1a: Sandaconda|def|1\n|-boost|p1a: Sandaconda|accuracy|1\n|\n|upkeep\n|turn|5\n|\n|t:|1695180738\n|-terastallize|p2a: Ogerpon|Fire\n|detailschange|p2a: Ogerpon|Ogerpon-Hearthflame-Tera, F, tera:Fire\n|-ability|p2a: Ogerpon|Embody Aspect (Hearthflame)|boost\n|-boost|p2a: Ogerpon|atk|1\n|move|p2a: Ogerpon|Play Rough|p1a: Sandaconda\n|-supereffective|p1a: Sandaconda\n|-damage|p1a: Sandaconda|21/100\n|move|p1a: Sandaconda|Scale Shot|p2a: Ogerpon\n|-damage|p2a: Ogerpon|65/100\n|-damage|p2a: Ogerpon|29/100\n|-damage|p2a: Ogerpon|0 fnt\n|faint|p2a: Ogerpon\n|-hitcount|p2: Ogerpon|3\n|-unboost|p1a: Sandaconda|def|1\n|-boost|p1a: Sandaconda|spe|1\n|\n|upkeep\n|\n|t:|1695180752\n|switch|p2a: Kingambit|Kingambit, F|100/100\n|-activate|p2a: Kingambit|ability: Supreme Overlord\n|-start|p2a: Kingambit|fallen2|[silent]\n|turn|6\n|\n|t:|1695180756\n|move|p2a: Kingambit|Sucker Punch||[still]\n|-fail|p2a: Kingambit\n|move|p1a: Sandaconda|Coil|p1a: Sandaconda\n|-boost|p1a: Sandaconda|atk|1\n|-boost|p1a: Sandaconda|def|1\n|-boost|p1a: Sandaconda|accuracy|1\n|\n|upkeep\n|turn|7\n|\n|t:|1695180759\n|move|p1a: Sandaconda|Earthquake|p2a: Kingambit\n|-supereffective|p2a: Kingambit\n|-damage|p2a: Kingambit|0 fnt\n|faint|p2a: Kingambit\n|-end|p2a: Kingambit|fallen2|[silent]\n|\n|upkeep\n|\n|t:|1695180761\n|switch|p2a: Gholdengo|Gholdengo|100/100\n|turn|8\n|\n|t:|1695180767\n|move|p1a: Sandaconda|Earthquake|p2a: Gholdengo\n|-supereffective|p2a: Gholdengo\n|-damage|p2a: Gholdengo|0 fnt\n|faint|p2a: Gholdengo\n|\n|upkeep\n|\n|t:|1695180770\n|switch|p2a: Great Tusk|Great Tusk|100/100\n|turn|9\n|c|\u2606eunaomeconheco|gg wp\n|\n|t:|1695180773\n|move|p1a: Sandaconda|Scale Shot|p2a: Great Tusk\n|-damage|p2a: Great Tusk|79/100\n|-damage|p2a: Great Tusk|54/100\n|-damage|p2a: Great Tusk|31/100\n|-damage|p2a: Great Tusk|10/100\n|-damage|p2a: Great Tusk|0 fnt\n|faint|p2a: Great Tusk\n|-end|p2a: Great Tusk|Protosynthesis|[silent]\n|-hitcount|p2: Great Tusk|5\n|-unboost|p1a: Sandaconda|def|1\n|-boost|p1a: Sandaconda|spe|1\n|\n|upkeep\n|\n|t:|1695180779\n|switch|p2a: Kommo-o|Kommo-o, F, shiny|100/100\n|turn|10\n|\n|t:|1695180781\n|move|p1a: Sandaconda|Scale Shot|p2a: Kommo-o\n|-supereffective|p2a: Kommo-o\n|-damage|p2a: Kommo-o|41/100\n|-supereffective|p2a: Kommo-o\n|-damage|p2a: Kommo-o|0 fnt\n|faint|p2a: Kommo-o\n|-hitcount|p2: Kommo-o|2\n|\n|win|eunaomeconheco\n|raw|eunaomeconheco's rating: 1319 &rarr; <strong>1339</strong><br />(+20 for winning)\n|raw|Kilometer212's rating: 1319 &rarr; <strong>1299</strong><br />(-20 for losing)\n|l|\u2606Kilometer212\n", "uploadtime": 1695180787, "views": 2, "p1id": "eunaomeconheco", "p2id": "kilometer212", "formatid": "gen9ou", "rating": 1299, "private": 0, "password": ""}