{"id": "gen9ou-1947597106", "p1": "Madara_Ketchup", "p2": "S0l0w3", "format": "gen9ou", "log": "|j|\u2606Madara_Ketchup\n|j|\u2606S0l0w3\n|t:|1695176262\n|gametype|singles\n|player|p1|Madara_Ketchup|flint|1043\n|player|p2|S0l0w3|hoopster|1131\n|teamsize|p1|6\n|teamsize|p2|6\n|gen|9\n|tier|[Gen 9] OU\n|rated|\n|rule|Sleep Clause Mod: Limit one foe put to sleep\n|rule|Species Clause: Limit one of each Pok\u00e9mon\n|rule|OHKO Clause: OHKO moves are banned\n|rule|Evasion Items Clause: Evasion items are banned\n|rule|Evasion Moves Clause: Evasion moves are banned\n|rule|Endless Battle Clause: Forcing endless battles is banned\n|rule|HP Percentage Mod: HP is shown in percentages\n|clearpoke\n|poke|p1|Empoleon, M|\n|poke|p1|Clodsire, M|\n|poke|p1|Greninja-*, M|\n|poke|p1|Iron Moth|\n|poke|p1|Iron Valiant|\n|poke|p1|Zapdos|\n|poke|p2|Dachsbun, F|\n|poke|p2|Kleavor, M|\n|poke|p2|Frosmoth, F|\n|poke|p2|Ariados, F|\n|poke|p2|Yanmega, M|\n|poke|p2|Vikavolt, M|\n|teampreview\n|inactive|Battle timer is ON: inactive players will automatically lose when time's up. (requested by Madara_Ketchup)\n|inactive|S0l0w3 has 120 seconds left.\n|\n|t:|1695176294\n|start\n|switch|p1a: Empoleon|Empoleon, M|100/100\n|switch|p2a: Frosmoth|Frosmoth, F, shiny|100/100\n|turn|1\n|inactive|Madara_Ketchup has 120 seconds left.\n|\n|t:|1695176324\n|switch|p1a: Iron Moth|Iron Moth|100/100\n|-enditem|p1a: Iron Moth|Booster Energy\n|-activate|p1a: Iron Moth|ability: Quark Drive|[fromitem]\n|-start|p1a: Iron Moth|quarkdrivespe\n|-terastallize|p2a: Frosmoth|Water\n|move|p2a: Frosmoth|Quiver Dance|p2a: Frosmoth\n|-boost|p2a: Frosmoth|spa|1\n|-boost|p2a: Frosmoth|spd|1\n|-boost|p2a: Frosmoth|spe|1\n|\n|upkeep\n|turn|2\n|inactive|Madara_Ketchup has 120 seconds left.\n|\n|t:|1695176343\n|move|p1a: Iron Moth|Energy Ball|p2a: Frosmoth\n|-supereffective|p2a: Frosmoth\n|-damage|p2a: Frosmoth|80/100\n|-unboost|p2a: Frosmoth|spd|1\n|move|p2a: Frosmoth|Quiver Dance|p2a: Frosmoth\n|-boost|p2a: Frosmoth|spa|1\n|-boost|p2a: Frosmoth|spd|1\n|-boost|p2a: Frosmoth|spe|1\n|\n|-heal|p2a: Frosmoth|86/100|[from] item: Leftovers\n|upkeep\n|turn|3\n|\n|t:|1695176353\n|-end|p1a: Iron Moth|Quark Drive|[silent]\n|switch|p1a: Zapdos|Zapdos, shiny|100/100\n|move|p2a: Frosmoth|Quiver Dance|p2a: Frosmoth\n|-boost|p2a: Frosmoth|spa|1\n|-boost|p2a: Frosmoth|spd|1\n|-boost|p2a: Frosmoth|spe|1\n|\n|-heal|p2a: Frosmoth|92/100|[from] item: Leftovers\n|upkeep\n|turn|4\n|\n|t:|1695176362\n|-terastallize|p1a: Zapdos|Electric\n|move|p2a: Frosmoth|Ice Beam|p1a: Zapdos\n|-damage|p1a: Zapdos|0 fnt\n|faint|p1a: Zapdos\n|\n|-heal|p2a: Frosmoth|98/100|[from] item: Leftovers\n|upkeep\n|\n|t:|1695176367\n|switch|p1a: Clodsire|Clodsire, M|100/100\n|turn|5\n|\n|t:|1695176372\n|move|p2a: Frosmoth|Ice Beam|p1a: Clodsire\n|-supereffective|p1a: Clodsire\n|-damage|p1a: Clodsire|44/100\n|move|p1a: Clodsire|Spikes|p2a: Frosmoth\n|-sidestart|p2: S0l0w3|Spikes\n|\n|-heal|p2a: Frosmoth|100/100|[from] item: Leftovers\n|-heal|p1a: Clodsire|51/100|[from] item: Leftovers\n|upkeep\n|turn|6\n|\n|t:|1695176381\n|move|p2a: Frosmoth|Ice Beam|p1a: Clodsire\n|-supereffective|p1a: Clodsire\n|-damage|p1a: Clodsire|1/100\n|move|p1a: Clodsire|Stealth Rock|p2a: Frosmoth\n|-sidestart|p2: S0l0w3|move: Stealth Rock\n|\n|-heal|p1a: Clodsire|7/100|[from] item: Leftovers\n|upkeep\n|turn|7\n|\n|t:|1695176389\n|move|p2a: Frosmoth|Defog|p1a: Clodsire\n|-unboost|p1a: Clodsire|evasion|1\n|-sideend|p2: S0l0w3|Spikes|[from] move: Defog|[of] p2a: Frosmoth\n|-sideend|p2: S0l0w3|Stealth Rock|[from] move: Defog|[of] p2a: Frosmoth\n|move|p1a: Clodsire|Spikes|p2a: Frosmoth\n|-sidestart|p2: S0l0w3|Spikes\n|\n|-heal|p1a: Clodsire|14/100|[from] item: Leftovers\n|upkeep\n|turn|8\n|\n|t:|1695176396\n|move|p2a: Frosmoth|Ice Beam|p1a: Clodsire\n|-supereffective|p1a: Clodsire\n|-damage|p1a: Clodsire|0 fnt\n|faint|p1a: Clodsire\n|\n|upkeep\n|\n|t:|1695176401\n|switch|p1a: Iron Valiant|Iron Valiant|100/100\n|-enditem|p1a: Iron Valiant|Booster Energy\n|-activate|p1a: Iron Valiant|ability: Quark Drive|[fromitem]\n|-start|p1a: Iron Valiant|quarkdrivespe\n|turn|9\n|\n|t:|1695176408\n|move|p1a: Iron Valiant|Close Combat|p2a: Frosmoth\n|-damage|p2a: Frosmoth|0 fnt\n|-unboost|p1a: Iron Valiant|def|1\n|-unboost|p1a: Iron Valiant|spd|1\n|faint|p2a: Frosmoth\n|\n|upkeep\n|\n|t:|1695176419\n|switch|p2a: Yanmega|Yanmega, M, shiny|100/100\n|turn|10\n|\n|t:|1695176431\n|move|p1a: Iron Valiant|Close Combat|p2a: Yanmega\n|-resisted|p2a: Yanmega\n|-damage|p2a: Yanmega|82/100\n|-unboost|p1a: Iron Valiant|def|1\n|-unboost|p1a: Iron Valiant|spd|1\n|move|p2a: Yanmega|Air Slash|p1a: Iron Valiant\n|-supereffective|p1a: Iron Valiant\n|-damage|p1a: Iron Valiant|0 fnt\n|faint|p1a: Iron Valiant\n|-end|p1a: Iron Valiant|Quark Drive|[silent]\n|\n|upkeep\n|\n|t:|1695176439\n|switch|p1a: Iron Moth|Iron Moth|100/100\n|turn|11\n|inactive|S0l0w3 has 120 seconds left.\n|inactive|S0l0w3 has 90 seconds left.\n|\n|t:|1695176502\n|switch|p2a: Dachsbun|Dachsbun, F, shiny|100/100\n|-damage|p2a: Dachsbun|88/100|[from] Spikes\n|move|p1a: Iron Moth|Fiery Dance|p2a: Dachsbun\n|-ability|p2a: Dachsbun|Well-Baked Body|boost\n|-boost|p2a: Dachsbun|def|2\n|\n|upkeep\n|turn|12\n|\n|t:|1695176517\n|move|p1a: Iron Moth|Psychic|p2a: Dachsbun\n|-damage|p2a: Dachsbun|53/100\n|move|p2a: Dachsbun|Yawn|p1a: Iron Moth\n|-start|p1a: Iron Moth|move: Yawn|[of] p2a: Dachsbun\n|\n|upkeep\n|turn|13\n|\n|t:|1695176533\n|move|p1a: Iron Moth|Psychic|p2a: Dachsbun\n|-damage|p2a: Dachsbun|19/100\n|move|p2a: Dachsbun|Body Press|p1a: Iron Moth\n|-resisted|p1a: Iron Moth\n|-damage|p1a: Iron Moth|64/100\n|\n|-end|p1a: Iron Moth|move: Yawn|[silent]\n|-status|p1a: Iron Moth|slp\n|upkeep\n|turn|14\n|\n|t:|1695176542\n|switch|p2a: Kleavor|Kleavor, M, shiny|100/100\n|-damage|p2a: Kleavor|88/100|[from] Spikes\n|cant|p1a: Iron Moth|slp\n|\n|upkeep\n|turn|15\n|\n|t:|1695176555\n|move|p2a: Kleavor|Stone Axe|p1a: Iron Moth\n|-supereffective|p1a: Iron Moth\n|-damage|p1a: Iron Moth|0 fnt\n|-sidestart|p1: Madara_Ketchup|move: Stealth Rock\n|faint|p1a: Iron Moth\n|-end|p1a: Iron Moth|Quark Drive|[silent]\n|\n|upkeep\n|\n|t:|1695176560\n|switch|p1a: Empoleon|Empoleon, M|100/100\n|-damage|p1a: Empoleon|94/100|[from] Stealth Rock\n|turn|16\n|\n|t:|1695176566\n|switch|p2a: Vikavolt|Vikavolt, M, shiny|100/100\n|move|p1a: Empoleon|Flip Turn|p2a: Vikavolt\n|-damage|p2a: Vikavolt|66/100\n|-damage|p1a: Empoleon|84/100|[from] item: Life Orb\n|\n|t:|1695176572\n|switch|p1a: Greninja|Greninja, M, shiny|100/100|[from] Flip Turn\n|-damage|p1a: Greninja|88/100|[from] Stealth Rock\n|\n|upkeep\n|turn|17\n|c|\u2606S0l0w3|GGs\n|\n|t:|1695176582\n|move|p1a: Greninja|Dark Pulse|p2a: Vikavolt\n|-start|p1a: Greninja|typechange|Dark|[from] ability: Protean\n|-damage|p2a: Vikavolt|25/100\n|cant|p2a: Vikavolt|flinch\n|\n|upkeep\n|turn|18\n|\n|t:|1695176590\n|move|p1a: Greninja|Dark Pulse|p2a: Vikavolt\n|-damage|p2a: Vikavolt|0 fnt\n|faint|p2a: Vikavolt\n|\n|upkeep\n|\n|t:|1695176599\n|switch|p2a: Kleavor|Kleavor, M, shiny|88/100\n|-damage|p2a: Kleavor|76/100|[from] Spikes\n|turn|19\n|\n|t:|1695176605\n|move|p2a: Kleavor|U-turn|p1a: Greninja\n|-supereffective|p1a: Greninja\n|-damage|p1a: Greninja|0 fnt\n|faint|p1a: Greninja\n|\n|t:|1695176614\n|switch|p2a: Dachsbun|Dachsbun, F, shiny|19/100|[from] U-turn\n|-damage|p2a: Dachsbun|7/100|[from] Spikes\n|\n|upkeep\n|\n|t:|1695176617\n|switch|p1a: Empoleon|Empoleon, M|84/100\n|-damage|p1a: Empoleon|78/100|[from] Stealth Rock\n|turn|20\n|\n|t:|1695176626\n|move|p2a: Dachsbun|Body Press|p1a: Empoleon\n|-supereffective|p1a: Empoleon\n|-damage|p1a: Empoleon|27/100\n|move|p1a: Empoleon|Flash Cannon|p2a: Dachsbun\n|-supereffective|p2a: Dachsbun\n|-damage|p2a: Dachsbun|0 fnt\n|faint|p2a: Dachsbun\n|-damage|p1a: Empoleon|17/100|[from] item: Life Orb\n|\n|upkeep\n|\n|t:|1695176636\n|switch|p2a: Yanmega|Yanmega, M, shiny|82/100\n|turn|21\n|\n|t:|1695176644\n|move|p2a: Yanmega|Air Slash|p1a: Empoleon\n|-resisted|p1a: Empoleon\n|-damage|p1a: Empoleon|0 fnt\n|faint|p1a: Empoleon\n|\n|win|S0l0w3\n|raw|Madara_Ketchup's rating: 1043 &rarr; <strong>1031</strong><br />(-12 for losing)\n|raw|S0l0w3's rating: 1131 &rarr; <strong>1150</strong><br />(+19 for winning)\n|l|\u2606Madara_Ketchup\n", "uploadtime": 1695177139, "views": 5, "p1id": "madaraketchup", "p2id": "s0l0w3", "formatid": "gen9ou", "rating": 1031, "private": 0, "password": ""}