{"id": "gen9ou-1947698794", "p1": "Zxkrente2", "p2": "Hugepaiya", "format": "gen9ou", "log": "|j|\u2606Zxkrente2\n|j|\u2606Hugepaiya\n|t:|1695188903\n|gametype|singles\n|player|p1|Zxkrente2|parasollady|1317\n|player|p2|Hugepaiya|evelyn|1287\n|teamsize|p1|6\n|teamsize|p2|6\n|gen|9\n|tier|[Gen 9] OU\n|rated|\n|rule|Sleep Clause Mod: Limit one foe put to sleep\n|rule|Species Clause: Limit one of each Pok\u00e9mon\n|rule|OHKO Clause: OHKO moves are banned\n|rule|Evasion Items Clause: Evasion items are banned\n|rule|Evasion Moves Clause: Evasion moves are banned\n|rule|Endless Battle Clause: Forcing endless battles is banned\n|rule|HP Percentage Mod: HP is shown in percentages\n|clearpoke\n|poke|p1|Ogerpon-Hearthflame, F|\n|poke|p1|Hatterene, F|\n|poke|p1|Walking Wake|\n|poke|p1|Torkoal, M|\n|poke|p1|Roaring Moon|\n|poke|p1|Great Tusk|\n|poke|p2|Kingambit, F|\n|poke|p2|Tyranitar, F|\n|poke|p2|Ogerpon-Cornerstone, F|\n|poke|p2|Great Tusk|\n|poke|p2|Enamorus, F|\n|poke|p2|Heatran, F|\n|teampreview\n|inactive|Battle timer is ON: inactive players will automatically lose when time's up. (requested by Zxkrente2)\n|c|\u2606Hugepaiya|gl\n|c|\u2606Zxkrente2|Gl\n|inactive|Hugepaiya has 120 seconds left.\n|\n|t:|1695188951\n|start\n|switch|p1a: Torkoal|Torkoal, M|100/100\n|switch|p2a: Tyranitar|Tyranitar, F|100/100\n|-weather|Sandstorm|[from] ability: Sand Stream|[of] p2a: Tyranitar\n|-weather|SunnyDay|[from] ability: Drought|[of] p1a: Torkoal\n|turn|1\n|\n|t:|1695188961\n|switch|p1a: Walking Wake|Walking Wake|100/100\n|-activate|p1a: Walking Wake|ability: Protosynthesis\n|-start|p1a: Walking Wake|protosynthesisspe\n|move|p2a: Tyranitar|Knock Off|p1a: Walking Wake\n|-damage|p1a: Walking Wake|35/100\n|-enditem|p1a: Walking Wake|Choice Specs|[from] move: Knock Off|[of] p2a: Tyranitar\n|\n|-weather|SunnyDay|[upkeep]\n|upkeep\n|turn|2\n|inactive|Hugepaiya has 120 seconds left.\n|\n|t:|1695188992\n|switch|p2a: Heatran|Heatran, F|100/100\n|move|p1a: Walking Wake|Hydro Steam|p2a: Heatran\n|-supereffective|p2a: Heatran\n|-damage|p2a: Heatran|3/100\n|\n|-weather|SunnyDay|[upkeep]\n|upkeep\n|turn|3\n|\n|t:|1695189001\n|move|p2a: Heatran|Protect|p2a: Heatran\n|-singleturn|p2a: Heatran|Protect\n|move|p1a: Walking Wake|Hydro Steam|p2a: Heatran\n|-activate|p2a: Heatran|move: Protect\n|\n|-weather|SunnyDay|[upkeep]\n|upkeep\n|turn|4\n|\n|t:|1695189015\n|move|p1a: Walking Wake|Hydro Steam|p2a: Heatran\n|-supereffective|p2a: Heatran\n|-damage|p2a: Heatran|0 fnt\n|faint|p2a: Heatran\n|\n|-weather|SunnyDay|[upkeep]\n|upkeep\n|inactive|Hugepaiya has 120 seconds left.\n|\n|t:|1695189034\n|switch|p2a: Tyranitar|Tyranitar, F|100/100\n|-weather|Sandstorm|[from] ability: Sand Stream|[of] p2a: Tyranitar\n|-end|p1a: Walking Wake|Protosynthesis\n|turn|5\n|inactive|Hugepaiya has 120 seconds left.\n|\n|t:|1695189044\n|-end|p1a: Walking Wake|Protosynthesis|[silent]\n|switch|p1a: Hatterene|Hatterene, F|100/100\n|move|p2a: Tyranitar|Stealth Rock|p1a: Hatterene\n|move|p1a: Hatterene|Stealth Rock|p2a: Tyranitar|[from]ability: Magic Bounce\n|-sidestart|p2: Hugepaiya|move: Stealth Rock\n|\n|-weather|Sandstorm|[upkeep]\n|-damage|p1a: Hatterene|95/100|[from] Sandstorm\n|upkeep\n|turn|6\n|inactive|Hugepaiya has 120 seconds left.\n|\n|t:|1695189056\n|move|p2a: Tyranitar|Knock Off|p1a: Hatterene\n|-damage|p1a: Hatterene|28/100\n|-enditem|p1a: Hatterene|Eject Button|[from] move: Knock Off|[of] p2a: Tyranitar\n|move|p1a: Hatterene|Draining Kiss|p2a: Tyranitar\n|-supereffective|p2a: Tyranitar\n|-crit|p2a: Tyranitar\n|-damage|p2a: Tyranitar|64/100\n|-heal|p1a: Hatterene|62/100|[from] drain|[of] p2a: Tyranitar\n|\n|-weather|Sandstorm|[upkeep]\n|-damage|p1a: Hatterene|56/100|[from] Sandstorm\n|upkeep\n|turn|7\n|inactive|Hugepaiya has 120 seconds left.\n|\n|t:|1695189066\n|move|p2a: Tyranitar|Stone Edge|p1a: Hatterene\n|-crit|p1a: Hatterene\n|-damage|p1a: Hatterene|0 fnt\n|faint|p1a: Hatterene\n|\n|-weather|Sandstorm|[upkeep]\n|upkeep\n|\n|t:|1695189079\n|switch|p1a: Roaring Moon|Roaring Moon|100/100\n|turn|8\n|inactive|Hugepaiya has 120 seconds left.\n|\n|t:|1695189101\n|switch|p2a: Great Tusk|Great Tusk|100/100\n|-damage|p2a: Great Tusk|98/100|[from] Stealth Rock\n|move|p1a: Roaring Moon|U-turn|p2a: Great Tusk\n|-resisted|p2a: Great Tusk\n|-damage|p2a: Great Tusk|85/100\n|\n|t:|1695189126\n|-end|p1a: Roaring Moon|Protosynthesis|[silent]\n|switch|p1a: Torkoal|Torkoal, M|100/100|[from] U-turn\n|-weather|SunnyDay|[from] ability: Drought|[of] p1a: Torkoal\n|-activate|p2a: Great Tusk|ability: Protosynthesis\n|-start|p2a: Great Tusk|protosynthesisatk\n|\n|-weather|SunnyDay|[upkeep]\n|-heal|p2a: Great Tusk|91/100|[from] item: Leftovers\n|upkeep\n|turn|9\n|inactive|Hugepaiya has 120 seconds left.\n|\n|t:|1695189136\n|move|p2a: Great Tusk|Rapid Spin|p1a: Torkoal\n|-damage|p1a: Torkoal|86/100\n|-boost|p2a: Great Tusk|spe|1\n|-sideend|p2: Hugepaiya|Stealth Rock|[from] move: Rapid Spin|[of] p2a: Great Tusk\n|move|p1a: Torkoal|Yawn|p2a: Great Tusk\n|-start|p2a: Great Tusk|move: Yawn|[of] p1a: Torkoal\n|\n|-weather|SunnyDay|[upkeep]\n|-heal|p2a: Great Tusk|98/100|[from] item: Leftovers\n|upkeep\n|turn|10\n|\n|t:|1695189145\n|-end|p2a: Great Tusk|Protosynthesis|[silent]\n|switch|p2a: Tyranitar|Tyranitar, F|64/100\n|-weather|Sandstorm|[from] ability: Sand Stream|[of] p2a: Tyranitar\n|move|p1a: Torkoal|Stealth Rock|p2a: Tyranitar\n|-sidestart|p2: Hugepaiya|move: Stealth Rock\n|\n|-weather|Sandstorm|[upkeep]\n|-damage|p1a: Torkoal|80/100|[from] Sandstorm\n|upkeep\n|turn|11\n|\n|t:|1695189160\n|switch|p1a: Great Tusk|Great Tusk|100/100\n|move|p2a: Tyranitar|Stealth Rock|p1a: Great Tusk\n|-sidestart|p1: Zxkrente2|move: Stealth Rock\n|\n|-weather|Sandstorm|[upkeep]\n|upkeep\n|turn|12\n|\n|t:|1695189168\n|switch|p2a: Great Tusk|Great Tusk|98/100\n|-damage|p2a: Great Tusk|95/100|[from] Stealth Rock\n|move|p1a: Great Tusk|Rapid Spin|p2a: Great Tusk\n|-damage|p2a: Great Tusk|81/100\n|-boost|p1a: Great Tusk|spe|1\n|-sideend|p1: Zxkrente2|Stealth Rock|[from] move: Rapid Spin|[of] p1a: Great Tusk\n|\n|-weather|Sandstorm|[upkeep]\n|-heal|p2a: Great Tusk|87/100|[from] item: Leftovers\n|upkeep\n|turn|13\n|\n|t:|1695189182\n|move|p1a: Great Tusk|Bulk Up|p1a: Great Tusk\n|-boost|p1a: Great Tusk|atk|1\n|-boost|p1a: Great Tusk|def|1\n|move|p2a: Great Tusk|Rapid Spin|p1a: Great Tusk\n|-damage|p1a: Great Tusk|92/100\n|-boost|p2a: Great Tusk|spe|1\n|-sideend|p2: Hugepaiya|Stealth Rock|[from] move: Rapid Spin|[of] p2a: Great Tusk\n|\n|-weather|Sandstorm|[upkeep]\n|-heal|p2a: Great Tusk|93/100|[from] item: Leftovers\n|-heal|p1a: Great Tusk|98/100|[from] item: Leftovers\n|upkeep\n|turn|14\n|\n|t:|1695189194\n|move|p2a: Great Tusk|Knock Off|p1a: Great Tusk\n|-resisted|p1a: Great Tusk\n|-damage|p1a: Great Tusk|90/100\n|-enditem|p1a: Great Tusk|Leftovers|[from] move: Knock Off|[of] p2a: Great Tusk\n|move|p1a: Great Tusk|Bulk Up|p1a: Great Tusk\n|-boost|p1a: Great Tusk|atk|1\n|-boost|p1a: Great Tusk|def|1\n|\n|-weather|Sandstorm|[upkeep]\n|-heal|p2a: Great Tusk|99/100|[from] item: Leftovers\n|upkeep\n|turn|15\n|\n|t:|1695189205\n|move|p2a: Great Tusk|Ice Spinner|p1a: Great Tusk\n|-supereffective|p1a: Great Tusk\n|-damage|p1a: Great Tusk|70/100\n|move|p1a: Great Tusk|Ice Spinner|p2a: Great Tusk\n|-supereffective|p2a: Great Tusk\n|-damage|p2a: Great Tusk|13/100\n|\n|-weather|Sandstorm|[upkeep]\n|-heal|p2a: Great Tusk|19/100|[from] item: Leftovers\n|upkeep\n|turn|16\n|\n|t:|1695189216\n|move|p2a: Great Tusk|Ice Spinner|p1a: Great Tusk\n|-supereffective|p1a: Great Tusk\n|-damage|p1a: Great Tusk|49/100\n|move|p1a: Great Tusk|Rapid Spin|p2a: Great Tusk\n|-damage|p2a: Great Tusk|0 fnt\n|-boost|p1a: Great Tusk|spe|1\n|faint|p2a: Great Tusk\n|-end|p2a: Great Tusk|Protosynthesis|[silent]\n|\n|-weather|Sandstorm|[upkeep]\n|upkeep\n|\n|t:|1695189222\n|switch|p2a: Enamorus|Enamorus, F|100/100\n|turn|17\n|\n|t:|1695189232\n|move|p1a: Great Tusk|Ice Spinner|p2a: Enamorus\n|-supereffective|p2a: Enamorus\n|-damage|p2a: Enamorus|0 fnt\n|faint|p2a: Enamorus\n|\n|-weather|none\n|upkeep\n|\n|t:|1695189236\n|switch|p2a: Ogerpon|Ogerpon-Cornerstone, F|100/100\n|turn|18\n|\n|t:|1695189248\n|-end|p1a: Great Tusk|Protosynthesis|[silent]\n|switch|p1a: Torkoal|Torkoal, M|80/100\n|-weather|SunnyDay|[from] ability: Drought|[of] p1a: Torkoal\n|move|p2a: Ogerpon|Horn Leech|p1a: Torkoal\n|-resisted|p1a: Torkoal\n|-damage|p1a: Torkoal|66/100\n|\n|-weather|SunnyDay|[upkeep]\n|upkeep\n|turn|19\n|\n|t:|1695189256\n|move|p2a: Ogerpon|Ivy Cudgel|p1a: Torkoal\n|-supereffective|p1a: Torkoal\n|-damage|p1a: Torkoal|0 fnt\n|faint|p1a: Torkoal\n|\n|-weather|SunnyDay|[upkeep]\n|upkeep\n|\n|t:|1695189260\n|switch|p1a: Roaring Moon|Roaring Moon|100/100\n|-activate|p1a: Roaring Moon|ability: Protosynthesis\n|-start|p1a: Roaring Moon|protosynthesisatk\n|turn|20\n|\n|t:|1695189270\n|switch|p2a: Tyranitar|Tyranitar, F|64/100\n|-weather|Sandstorm|[from] ability: Sand Stream|[of] p2a: Tyranitar\n|-end|p1a: Roaring Moon|Protosynthesis\n|move|p1a: Roaring Moon|Earthquake|p2a: Tyranitar\n|-supereffective|p2a: Tyranitar\n|-damage|p2a: Tyranitar|0 fnt\n|faint|p2a: Tyranitar\n|\n|-weather|Sandstorm|[upkeep]\n|-damage|p1a: Roaring Moon|95/100|[from] Sandstorm\n|upkeep\n|\n|t:|1695189287\n|switch|p2a: Ogerpon|Ogerpon-Cornerstone, F|100/100\n|turn|21\n|\n|t:|1695189294\n|move|p1a: Roaring Moon|Earthquake|p2a: Ogerpon\n|-damage|p2a: Ogerpon|28/100\n|move|p2a: Ogerpon|Trailblaze|p1a: Roaring Moon\n|-resisted|p1a: Roaring Moon\n|-damage|p1a: Roaring Moon|74/100\n|-boost|p2a: Ogerpon|spe|1\n|\n|-weather|Sandstorm|[upkeep]\n|-damage|p1a: Roaring Moon|68/100|[from] Sandstorm\n|upkeep\n|turn|22\n|\n|t:|1695189306\n|move|p2a: Ogerpon|Ivy Cudgel|p1a: Roaring Moon\n|-damage|p1a: Roaring Moon|0 fnt\n|faint|p1a: Roaring Moon\n|-end|p1a: Roaring Moon|Protosynthesis|[silent]\n|\n|-weather|Sandstorm|[upkeep]\n|upkeep\n|\n|t:|1695189324\n|switch|p1a: Great Tusk|Great Tusk|49/100\n|turn|23\n|\n|t:|1695189329\n|move|p2a: Ogerpon|Horn Leech|p1a: Great Tusk\n|-supereffective|p1a: Great Tusk\n|-damage|p1a: Great Tusk|0 fnt\n|-heal|p2a: Ogerpon|63/100|[from] drain|[of] p1a: Great Tusk\n|faint|p1a: Great Tusk\n|-end|p1a: Great Tusk|Protosynthesis|[silent]\n|\n|-weather|Sandstorm|[upkeep]\n|upkeep\n|\n|t:|1695189336\n|switch|p1a: Walking Wake|Walking Wake|35/100\n|turn|24\n|\n|t:|1695189349\n|-terastallize|p2a: Ogerpon|Rock\n|detailschange|p2a: Ogerpon|Ogerpon-Cornerstone-Tera, F, tera:Rock\n|-ability|p2a: Ogerpon|Embody Aspect (Cornerstone)|boost\n|-boost|p2a: Ogerpon|def|1\n|move|p2a: Ogerpon|Ivy Cudgel|p1a: Walking Wake\n|-damage|p1a: Walking Wake|0 fnt\n|faint|p1a: Walking Wake\n|-end|p1a: Walking Wake|Protosynthesis|[silent]\n|\n|-weather|Sandstorm|[upkeep]\n|upkeep\n|\n|t:|1695189355\n|switch|p1a: Ogerpon|Ogerpon-Hearthflame, F|100/100\n|-ability|p1a: Ogerpon|Mold Breaker\n|turn|25\n|\n|t:|1695189360\n|-terastallize|p1a: Ogerpon|Fire\n|detailschange|p1a: Ogerpon|Ogerpon-Hearthflame-Tera, F, tera:Fire\n|-ability|p1a: Ogerpon|Embody Aspect (Hearthflame)|boost\n|-boost|p1a: Ogerpon|atk|1\n|move|p2a: Ogerpon|Ivy Cudgel|p1a: Ogerpon\n|-supereffective|p1a: Ogerpon\n|-damage|p1a: Ogerpon|0 fnt\n|faint|p1a: Ogerpon\n|\n|win|Hugepaiya\n|raw|Zxkrente2's rating: 1317 &rarr; <strong>1295</strong><br />(-22 for losing)\n|raw|Hugepaiya's rating: 1287 &rarr; <strong>1314</strong><br />(+27 for winning)\n|c|\u2606Hugepaiya|ggwp\n", "uploadtime": 1695189371, "views": 3, "p1id": "zxkrente2", "p2id": "hugepaiya", "formatid": "gen9ou", "rating": 1295, "private": 0, "password": ""}