{"id": "gen9ou-1947621143", "p1": "csnetro", "p2": "ShinyScarfy", "format": "gen9ou", "log": "|j|\u2606csnetro\n|j|\u2606ShinyScarfy\n|t:|1695178746\n|gametype|singles\n|player|p1|csnetro|plasmagrunt-gen5bw|1298\n|player|p2|ShinyScarfy|akari|1235\n|teamsize|p1|6\n|teamsize|p2|6\n|gen|9\n|tier|[Gen 9] OU\n|rated|\n|rule|Sleep Clause Mod: Limit one foe put to sleep\n|rule|Species Clause: Limit one of each Pok\u00e9mon\n|rule|OHKO Clause: OHKO moves are banned\n|rule|Evasion Items Clause: Evasion items are banned\n|rule|Evasion Moves Clause: Evasion moves are banned\n|rule|Endless Battle Clause: Forcing endless battles is banned\n|rule|HP Percentage Mod: HP is shown in percentages\n|clearpoke\n|poke|p1|Kingambit, M|\n|poke|p1|Dragapult, M|\n|poke|p1|Great Tusk|\n|poke|p1|Cresselia, F|\n|poke|p1|Enamorus, F|\n|poke|p1|Amoonguss, M|\n|poke|p2|Gliscor, M|\n|poke|p2|Zoroark-Hisui, M|\n|poke|p2|Milotic, F|\n|poke|p2|Scizor, F|\n|poke|p2|Typhlosion-Hisui, M|\n|poke|p2|Ursaluna-Bloodmoon, M|\n|teampreview\n|inactive|Battle timer is ON: inactive players will automatically lose when time's up. (requested by ShinyScarfy)\n|inactive|csnetro also wants the timer to be on.\n|\n|t:|1695178753\n|start\n|switch|p1a: Dragapult|Dragapult, M|100/100\n|switch|p2a: Ursaluna|Ursaluna-Bloodmoon, M|100/100\n|turn|1\n|\n|t:|1695178760\n|move|p1a: Dragapult|Light Screen|p1a: Dragapult\n|-sidestart|p1: csnetro|move: Light Screen\n|move|p2a: Ursaluna|Blood Moon|p1a: Dragapult\n|-damage|p1a: Dragapult|52/100\n|\n|upkeep\n|turn|2\n|\n|t:|1695178767\n|move|p1a: Dragapult|U-turn|p2a: Ursaluna\n|-damage|p2a: Ursaluna|89/100\n|\n|t:|1695178775\n|switch|p1a: Cresselia|Cresselia, F|100/100|[from] U-turn\n|move|p2a: Ursaluna|Moonblast|p1a: Cresselia\n|-damage|p1a: Cresselia|89/100\n|\n|-heal|p1a: Cresselia|96/100|[from] item: Leftovers\n|upkeep\n|turn|3\n|\n|t:|1695178782\n|switch|p2a: Gliscor|Gliscor, M|100/100\n|move|p1a: Cresselia|Calm Mind|p1a: Cresselia\n|-boost|p1a: Cresselia|spa|1\n|-boost|p1a: Cresselia|spd|1\n|\n|-heal|p1a: Cresselia|100/100|[from] item: Leftovers\n|-status|p2a: Gliscor|tox|[from] item: Toxic Orb\n|upkeep\n|turn|4\n|\n|t:|1695178786\n|move|p2a: Gliscor|Swords Dance|p2a: Gliscor\n|-boost|p2a: Gliscor|atk|2\n|move|p1a: Cresselia|Calm Mind|p1a: Cresselia\n|-boost|p1a: Cresselia|spa|1\n|-boost|p1a: Cresselia|spd|1\n|\n|upkeep\n|turn|5\n|\n|t:|1695178798\n|-terastallize|p2a: Gliscor|Steel\n|move|p2a: Gliscor|Swords Dance|p2a: Gliscor\n|-boost|p2a: Gliscor|atk|2\n|move|p1a: Cresselia|Stored Power|p2a: Gliscor\n|-resisted|p2a: Gliscor\n|-damage|p2a: Gliscor|68/100 tox\n|\n|-heal|p2a: Gliscor|80/100 tox|[from] ability: Poison Heal\n|upkeep\n|turn|6\n|\n|t:|1695178818\n|move|p2a: Gliscor|Dual Wingbeat|p1a: Cresselia\n|-damage|p1a: Cresselia|66/100\n|-damage|p1a: Cresselia|33/100\n|-hitcount|p1a: Cresselia|2\n|move|p1a: Cresselia|Thunderbolt|p2a: Gliscor\n|-damage|p2a: Gliscor|40/100 tox\n|\n|-heal|p1a: Cresselia|39/100|[from] item: Leftovers\n|-heal|p2a: Gliscor|52/100 tox|[from] ability: Poison Heal\n|upkeep\n|turn|7\n|inactive|csnetro has 120 seconds left.\n|\n|t:|1695178844\n|move|p2a: Gliscor|Dual Wingbeat|p1a: Cresselia\n|-damage|p1a: Cresselia|10/100\n|-damage|p1a: Cresselia|0 fnt\n|faint|p1a: Cresselia\n|-hitcount|p1: Cresselia|2\n|\n|-heal|p2a: Gliscor|65/100 tox|[from] ability: Poison Heal\n|upkeep\n|inactive|csnetro has 120 seconds left.\n|\n|t:|1695178850\n|switch|p1a: Dragapult|Dragapult, M|52/100\n|turn|8\n|\n|t:|1695178857\n|move|p1a: Dragapult|Reflect|p1a: Dragapult\n|-sidestart|p1: csnetro|Reflect\n|move|p2a: Gliscor|Earthquake|p1a: Dragapult\n|-damage|p1a: Dragapult|0 fnt\n|faint|p1a: Dragapult\n|\n|-heal|p2a: Gliscor|77/100 tox|[from] ability: Poison Heal\n|-sideend|p1: csnetro|move: Light Screen\n|upkeep\n|\n|t:|1695178865\n|switch|p1a: Great Tusk|Great Tusk|100/100\n|turn|9\n|\n|t:|1695178871\n|move|p2a: Gliscor|Protect|p2a: Gliscor\n|-singleturn|p2a: Gliscor|Protect\n|move|p1a: Great Tusk|Earthquake|p2a: Gliscor\n|-activate|p2a: Gliscor|move: Protect\n|\n|-heal|p2a: Gliscor|90/100 tox|[from] ability: Poison Heal\n|upkeep\n|turn|10\n|\n|t:|1695178875\n|move|p1a: Great Tusk|Earthquake|p2a: Gliscor\n|-supereffective|p2a: Gliscor\n|-damage|p2a: Gliscor|2/100 tox\n|move|p2a: Gliscor|Dual Wingbeat|p1a: Great Tusk\n|-supereffective|p1a: Great Tusk\n|-damage|p1a: Great Tusk|68/100\n|-supereffective|p1a: Great Tusk\n|-damage|p1a: Great Tusk|31/100\n|-hitcount|p1a: Great Tusk|2\n|\n|-heal|p1a: Great Tusk|37/100|[from] item: Leftovers\n|-heal|p2a: Gliscor|15/100 tox|[from] ability: Poison Heal\n|upkeep\n|turn|11\n|\n|t:|1695178885\n|move|p1a: Great Tusk|Stealth Rock|p2a: Gliscor\n|-sidestart|p2: ShinyScarfy|move: Stealth Rock\n|move|p2a: Gliscor|Dual Wingbeat|p1a: Great Tusk\n|-supereffective|p1a: Great Tusk\n|-damage|p1a: Great Tusk|2/100\n|-supereffective|p1a: Great Tusk\n|-damage|p1a: Great Tusk|0 fnt\n|faint|p1a: Great Tusk\n|-end|p1a: Great Tusk|Protosynthesis|[silent]\n|-hitcount|p1: Great Tusk|2\n|\n|-heal|p2a: Gliscor|27/100 tox|[from] ability: Poison Heal\n|upkeep\n|\n|t:|1695178890\n|switch|p1a: Kingambit|Kingambit, M|100/100\n|-activate|p1a: Kingambit|ability: Supreme Overlord\n|-start|p1a: Kingambit|fallen3|[silent]\n|turn|12\n|\n|t:|1695178893\n|move|p2a: Gliscor|Earthquake|p1a: Kingambit\n|-supereffective|p1a: Kingambit\n|-crit|p1a: Kingambit\n|-damage|p1a: Kingambit|0 fnt\n|faint|p1a: Kingambit\n|-end|p1a: Kingambit|fallen3|[silent]\n|\n|-heal|p2a: Gliscor|39/100 tox|[from] ability: Poison Heal\n|upkeep\n|-message|csnetro forfeited.\n|\n|win|ShinyScarfy\n|raw|csnetro's rating: 1298 &rarr; <strong>1269</strong><br />(-29 for losing)\n|raw|ShinyScarfy's rating: 1235 &rarr; <strong>1264</strong><br />(+29 for winning)\n|l|\u2606csnetro\n", "uploadtime": 1695178904, "views": 3, "p1id": "csnetro", "p2id": "shinyscarfy", "formatid": "gen9ou", "rating": 1264, "private": 0, "password": ""}