{"id": "gen9ou-1947645899", "p1": "ReznikVI", "p2": "Katyqueen", "format": "gen9ou", "log": "|j|\u2606ReznikVI\n|j|\u2606Katyqueen\n|t:|1695181518\n|gametype|singles\n|player|p1|ReznikVI|benga|1100\n|player|p2|Katyqueen|shauntal|1133\n|teamsize|p1|6\n|teamsize|p2|6\n|gen|9\n|tier|[Gen 9] OU\n|rated|\n|rule|Sleep Clause Mod: Limit one foe put to sleep\n|rule|Species Clause: Limit one of each Pok\u00e9mon\n|rule|OHKO Clause: OHKO moves are banned\n|rule|Evasion Items Clause: Evasion items are banned\n|rule|Evasion Moves Clause: Evasion moves are banned\n|rule|Endless Battle Clause: Forcing endless battles is banned\n|rule|HP Percentage Mod: HP is shown in percentages\n|clearpoke\n|poke|p1|Samurott-Hisui, F|\n|poke|p1|Dragonite, F|\n|poke|p1|Great Tusk|\n|poke|p1|Gholdengo|\n|poke|p1|Amoonguss, F|\n|poke|p1|Cinderace, F|\n|poke|p2|Ninetales-Alola, F|\n|poke|p2|Sandslash-Alola, F|\n|poke|p2|Frosmoth, M|\n|poke|p2|Landorus-Therian, M|\n|poke|p2|Manaphy|\n|poke|p2|Kingambit, M|\n|teampreview\n|\n|t:|1695181527\n|start\n|switch|p1a: Samurott|Samurott-Hisui, F|100/100\n|switch|p2a: Ninetales|Ninetales-Alola, F|100/100\n|-weather|Snow|[from] ability: Snow Warning|[of] p2a: Ninetales\n|turn|1\n|\n|t:|1695181537\n|switch|p1a: Cinderace|Cinderace, F|100/100\n|move|p2a: Ninetales|Aurora Veil|p2a: Ninetales\n|-sidestart|p2: Katyqueen|move: Aurora Veil\n|\n|-weather|Snow|[upkeep]\n|upkeep\n|turn|2\n|\n|t:|1695181548\n|switch|p2a: Landorus|Landorus-Therian, M|100/100\n|-ability|p2a: Landorus|Intimidate|boost\n|-unboost|p1a: Cinderace|atk|1\n|move|p1a: Cinderace|Pyro Ball|p2a: Landorus\n|-damage|p2a: Landorus|79/100\n|\n|-weather|Snow|[upkeep]\n|upkeep\n|turn|3\n|\n|t:|1695181557\n|move|p2a: Landorus|Stone Edge|p1a: Cinderace\n|-supereffective|p1a: Cinderace\n|-damage|p1a: Cinderace|0 fnt\n|faint|p1a: Cinderace\n|\n|-weather|Snow|[upkeep]\n|upkeep\n|\n|t:|1695181563\n|switch|p1a: Dragonite|Dragonite, F|100/100\n|turn|4\n|\n|t:|1695181567\n|-terastallize|p1a: Dragonite|Normal\n|move|p2a: Landorus|Stone Edge|p1a: Dragonite\n|-damage|p1a: Dragonite|80/100\n|move|p1a: Dragonite|Ice Spinner|p2a: Landorus\n|-supereffective|p2a: Landorus\n|-damage|p2a: Landorus|0 fnt\n|faint|p2a: Landorus\n|\n|-weather|Snow|[upkeep]\n|upkeep\n|\n|t:|1695181580\n|switch|p2a: Sandslash|Sandslash-Alola, F|100/100\n|turn|5\n|\n|t:|1695181590\n|switch|p1a: Gholdengo|Gholdengo|100/100\n|-item|p1a: Gholdengo|Air Balloon\n|move|p2a: Sandslash|Iron Head|p1a: Gholdengo\n|-resisted|p1a: Gholdengo\n|-damage|p1a: Gholdengo|69/100\n|-enditem|p1a: Gholdengo|Air Balloon\n|\n|-weather|none\n|upkeep\n|turn|6\n|\n|t:|1695181600\n|switch|p2a: Kingambit|Kingambit, M|100/100\n|-activate|p2a: Kingambit|ability: Supreme Overlord\n|-start|p2a: Kingambit|fallen1|[silent]\n|move|p1a: Gholdengo|Make It Rain|p2a: Kingambit\n|-resisted|p2a: Kingambit\n|-damage|p2a: Kingambit|79/100\n|-unboost|p1a: Gholdengo|spa|1\n|\n|upkeep\n|turn|7\n|\n|t:|1695181612\n|-end|p2a: Kingambit|fallen1|[silent]\n|switch|p2a: Ninetales|Ninetales-Alola, F|100/100\n|-weather|Snow|[from] ability: Snow Warning|[of] p2a: Ninetales\n|move|p1a: Gholdengo|Thunderbolt|p2a: Ninetales\n|-damage|p2a: Ninetales|89/100\n|\n|-weather|Snow|[upkeep]\n|upkeep\n|turn|8\n|\n|t:|1695181623\n|move|p2a: Ninetales|Encore|p1a: Gholdengo\n|-immune|p1a: Gholdengo|[from] ability: Good as Gold\n|move|p1a: Gholdengo|Make It Rain|p2a: Ninetales\n|-supereffective|p2a: Ninetales\n|-damage|p2a: Ninetales|4/100\n|-unboost|p1a: Gholdengo|spa|1\n|\n|-weather|Snow|[upkeep]\n|-sideend|p2: Katyqueen|move: Aurora Veil\n|upkeep\n|turn|9\n|\n|t:|1695181632\n|switch|p2a: Manaphy|Manaphy|100/100\n|move|p1a: Gholdengo|Make It Rain|p2a: Manaphy\n|-resisted|p2a: Manaphy\n|-damage|p2a: Manaphy|81/100\n|-unboost|p1a: Gholdengo|spa|1\n|\n|-weather|Snow|[upkeep]\n|upkeep\n|turn|10\n|\n|t:|1695181644\n|switch|p1a: Amoonguss|Amoonguss, F|100/100\n|move|p2a: Manaphy|Tail Glow|p2a: Manaphy\n|-boost|p2a: Manaphy|spa|3\n|\n|-weather|Snow|[upkeep]\n|upkeep\n|turn|11\n|\n|t:|1695181651\n|move|p2a: Manaphy|Psychic|p1a: Amoonguss\n|-supereffective|p1a: Amoonguss\n|-damage|p1a: Amoonguss|0 fnt\n|faint|p1a: Amoonguss\n|\n|-weather|none\n|upkeep\n|\n|t:|1695181659\n|switch|p1a: Dragonite|Dragonite, F, tera:Normal|80/100\n|turn|12\n|\n|t:|1695181665\n|move|p1a: Dragonite|Extreme Speed|p2a: Manaphy\n|-damage|p2a: Manaphy|13/100\n|move|p2a: Manaphy|Surf|p1a: Dragonite\n|-damage|p1a: Dragonite|0 fnt\n|faint|p1a: Dragonite\n|\n|upkeep\n|\n|t:|1695181675\n|switch|p1a: Samurott|Samurott-Hisui, F|100/100\n|turn|13\n|\n|t:|1695181679\n|move|p1a: Samurott|Aqua Jet|p2a: Manaphy\n|-resisted|p2a: Manaphy\n|-damage|p2a: Manaphy|4/100\n|move|p2a: Manaphy|Energy Ball|p1a: Samurott\n|-supereffective|p1a: Samurott\n|-damage|p1a: Samurott|0 fnt\n|faint|p1a: Samurott\n|\n|upkeep\n|\n|t:|1695181686\n|switch|p1a: Gholdengo|Gholdengo|69/100\n|turn|14\n|\n|t:|1695181689\n|move|p2a: Manaphy|Surf|p1a: Gholdengo\n|-damage|p1a: Gholdengo|0 fnt\n|faint|p1a: Gholdengo\n|\n|upkeep\n|-message|ReznikVI forfeited.\n|\n|win|Katyqueen\n|raw|ReznikVI's rating: 1100 &rarr; <strong>1077</strong><br />(-23 for losing)\n|raw|Katyqueen's rating: 1133 &rarr; <strong>1156</strong><br />(+23 for winning)\n|l|\u2606ReznikVI\n", "uploadtime": 1695181697, "views": 4, "p1id": "reznikvi", "p2id": "katyqueen", "formatid": "gen9ou", "rating": 1077, "private": 0, "password": ""}