{"id": "gen9ou-1947698730", "p1": "Chardawg1", "p2": "Originalfake", "format": "gen9ou", "log": "|j|\u2606Chardawg1\n|j|\u2606Originalfake\n|t:|1695188894\n|gametype|singles\n|player|p1|Chardawg1|crasherwake|1244\n|player|p2|Originalfake|burglar|1172\n|teamsize|p1|6\n|teamsize|p2|6\n|gen|9\n|tier|[Gen 9] OU\n|rated|\n|rule|Sleep Clause Mod: Limit one foe put to sleep\n|rule|Species Clause: Limit one of each Pok\u00e9mon\n|rule|OHKO Clause: OHKO moves are banned\n|rule|Evasion Items Clause: Evasion items are banned\n|rule|Evasion Moves Clause: Evasion moves are banned\n|rule|Endless Battle Clause: Forcing endless battles is banned\n|rule|HP Percentage Mod: HP is shown in percentages\n|clearpoke\n|poke|p1|Tyranitar, F|\n|poke|p1|Corviknight, F|\n|poke|p1|Garchomp, M|\n|poke|p1|Gholdengo|\n|poke|p1|Amoonguss, M|\n|poke|p1|Rotom-Wash|\n|poke|p2|Heracross, F|\n|poke|p2|Blissey, F|\n|poke|p2|Tyranitar, M|\n|poke|p2|Weezing, M|\n|poke|p2|Forretress, M|\n|poke|p2|Dusclops, M|\n|teampreview\n|\n|t:|1695188902\n|start\n|switch|p1a: Garchomp|Garchomp, M|100/100\n|switch|p2a: Dusclops|Dusclops, M|100/100\n|-ability|p2a: Dusclops|Pressure\n|turn|1\n|\n|t:|1695188911\n|move|p1a: Garchomp|Stealth Rock|p2a: Dusclops\n|-sidestart|p2: Originalfake|move: Stealth Rock\n|move|p2a: Dusclops|Curse|p1a: Garchomp\n|-start|p1a: Garchomp|Curse|[of] p2a: Dusclops\n|-damage|p2a: Dusclops|50/100\n|\n|-heal|p2a: Dusclops|56/100|[from] item: Leftovers\n|-damage|p1a: Garchomp|75/100|[from] Curse\n|upkeep\n|turn|2\n|\n|t:|1695188923\n|move|p2a: Dusclops|Protect|p2a: Dusclops\n|-singleturn|p2a: Dusclops|Protect\n|move|p1a: Garchomp|Earthquake|p2a: Dusclops\n|-activate|p2a: Dusclops|move: Protect\n|\n|-heal|p2a: Dusclops|62/100|[from] item: Leftovers\n|-damage|p1a: Garchomp|50/100|[from] Curse\n|upkeep\n|turn|3\n|\n|t:|1695188939\n|switch|p1a: Tyranitar|Tyranitar, F|100/100\n|-weather|Sandstorm|[from] ability: Sand Stream|[of] p1a: Tyranitar\n|switch|p2a: Weezing|Weezing, M|100/100\n|-damage|p2a: Weezing|88/100|[from] Stealth Rock\n|\n|-weather|Sandstorm|[upkeep]\n|-damage|p2a: Weezing|82/100|[from] Sandstorm\n|-heal|p2a: Weezing|88/100|[from] item: Black Sludge\n|upkeep\n|turn|4\n|\n|t:|1695188951\n|move|p1a: Tyranitar|Knock Off|p2a: Weezing\n|-damage|p2a: Weezing|37/100\n|-enditem|p2a: Weezing|Black Sludge|[from] move: Knock Off|[of] p1a: Tyranitar\n|move|p2a: Weezing|Will-O-Wisp|p1a: Tyranitar\n|-status|p1a: Tyranitar|brn\n|\n|-weather|Sandstorm|[upkeep]\n|-damage|p2a: Weezing|31/100|[from] Sandstorm\n|-damage|p1a: Tyranitar|94/100 brn|[from] brn\n|upkeep\n|turn|5\n|\n|t:|1695188964\n|move|p1a: Tyranitar|Knock Off|p2a: Weezing\n|-damage|p2a: Weezing|12/100\n|move|p2a: Weezing|Pain Split|p1a: Tyranitar\n|-sethp|p1a: Tyranitar|53/100 brn|[from] move: Pain Split|[silent]\n|-sethp|p2a: Weezing|54/100|[from] move: Pain Split\n|\n|-weather|Sandstorm|[upkeep]\n|-damage|p2a: Weezing|48/100|[from] Sandstorm\n|-damage|p1a: Tyranitar|47/100 brn|[from] brn\n|upkeep\n|turn|6\n|\n|t:|1695188992\n|switch|p1a: Gholdengo|Gholdengo|100/100\n|move|p2a: Weezing|Sludge Bomb|p1a: Gholdengo\n|-immune|p1a: Gholdengo\n|\n|-weather|Sandstorm|[upkeep]\n|-damage|p2a: Weezing|42/100|[from] Sandstorm\n|upkeep\n|turn|7\n|\n|t:|1695189007\n|switch|p2a: Blissey|Blissey, F|100/100\n|-damage|p2a: Blissey|88/100|[from] Stealth Rock\n|move|p1a: Gholdengo|Shadow Ball|p2a: Blissey\n|-immune|p2a: Blissey\n|\n|-weather|none\n|-heal|p2a: Blissey|94/100|[from] item: Leftovers\n|upkeep\n|turn|8\n|\n|t:|1695189020\n|switch|p1a: Amoonguss|Amoonguss, M|100/100\n|move|p2a: Blissey|Ice Beam|p1a: Amoonguss\n|-supereffective|p1a: Amoonguss\n|-damage|p1a: Amoonguss|56/100\n|\n|-heal|p2a: Blissey|99/100|[from] item: Leftovers\n|-heal|p1a: Amoonguss|62/100|[from] item: Leftovers\n|upkeep\n|turn|9\n|\n|t:|1695189035\n|move|p2a: Blissey|Thunder Wave|p1a: Amoonguss|[miss]\n|-miss|p2a: Blissey|p1a: Amoonguss\n|move|p1a: Amoonguss|Spore|p2a: Blissey\n|-status|p2a: Blissey|slp|[from] move: Spore\n|\n|-heal|p2a: Blissey|100/100 slp|[from] item: Leftovers\n|-heal|p1a: Amoonguss|68/100|[from] item: Leftovers\n|upkeep\n|turn|10\n|\n|t:|1695189045\n|-curestatus|p2a: Blissey|slp|[from] ability: Natural Cure\n|switch|p2a: Forretress|Forretress, M|100/100\n|-damage|p2a: Forretress|88/100|[from] Stealth Rock\n|switch|p1a: Garchomp|Garchomp, M|50/100\n|\n|-heal|p2a: Forretress|94/100|[from] item: Leftovers\n|upkeep\n|turn|11\n|\n|t:|1695189060\n|switch|p1a: Gholdengo|Gholdengo|100/100\n|move|p2a: Forretress|Spikes|p1a: Gholdengo\n|-sidestart|p1: Chardawg1|Spikes\n|\n|-heal|p2a: Forretress|99/100|[from] item: Leftovers\n|upkeep\n|turn|12\n|\n|t:|1695189073\n|move|p1a: Gholdengo|Trick|p2a: Forretress\n|-activate|p1a: Gholdengo|move: Trick|[of] p2a: Forretress\n|-item|p2a: Forretress|Choice Scarf|[from] move: Trick\n|-item|p1a: Gholdengo|Leftovers|[from] move: Trick\n|move|p2a: Forretress|Earthquake|p1a: Gholdengo\n|-supereffective|p1a: Gholdengo\n|-damage|p1a: Gholdengo|37/100\n|\n|-heal|p1a: Gholdengo|43/100|[from] item: Leftovers\n|upkeep\n|turn|13\n|\n|t:|1695189089\n|switch|p1a: Corviknight|Corviknight, F|100/100\n|-ability|p1a: Corviknight|Pressure\n|switch|p2a: Blissey|Blissey, F|100/100\n|-damage|p2a: Blissey|88/100|[from] Stealth Rock\n|\n|-heal|p2a: Blissey|94/100|[from] item: Leftovers\n|upkeep\n|turn|14\n|\n|t:|1695189107\n|move|p1a: Corviknight|U-turn|p2a: Blissey\n|-damage|p2a: Blissey|79/100\n|\n|t:|1695189119\n|switch|p1a: Rotom|Rotom-Wash|100/100|[from] U-turn\n|move|p2a: Blissey|Ice Beam|p1a: Rotom\n|-resisted|p1a: Rotom\n|-damage|p1a: Rotom|91/100\n|\n|-heal|p1a: Rotom|98/100|[from] item: Leftovers\n|-heal|p2a: Blissey|85/100|[from] item: Leftovers\n|upkeep\n|turn|15\n|\n|t:|1695189130\n|move|p1a: Rotom|Thunder Wave|p2a: Blissey\n|-status|p2a: Blissey|par\n|move|p2a: Blissey|Seismic Toss|p1a: Rotom\n|-damage|p1a: Rotom|65/100\n|\n|-heal|p1a: Rotom|71/100|[from] item: Leftovers\n|-heal|p2a: Blissey|91/100 par|[from] item: Leftovers\n|upkeep\n|turn|16\n|\n|t:|1695189140\n|-curestatus|p2a: Blissey|par|[from] ability: Natural Cure\n|switch|p2a: Forretress|Forretress, M|99/100\n|-damage|p2a: Forretress|88/100|[from] Stealth Rock\n|move|p1a: Rotom|Volt Switch|p2a: Forretress\n|-damage|p2a: Forretress|51/100\n|\n|t:|1695189154\n|switch|p1a: Corviknight|Corviknight, F|100/100|[from] Volt Switch\n|-ability|p1a: Corviknight|Pressure\n|\n|upkeep\n|turn|17\n|\n|t:|1695189168\n|move|p2a: Forretress|Earthquake|p1a: Corviknight\n|-immune|p1a: Corviknight\n|move|p1a: Corviknight|Brave Bird|p2a: Forretress\n|-damage|p2a: Forretress|25/100\n|-damage|p1a: Corviknight|94/100|[from] Recoil\n|\n|upkeep\n|turn|18\n|\n|t:|1695189182\n|switch|p2a: Blissey|Blissey, F|91/100\n|-damage|p2a: Blissey|79/100|[from] Stealth Rock\n|move|p1a: Corviknight|Brave Bird|p2a: Blissey\n|-damage|p2a: Blissey|40/100\n|-damage|p1a: Corviknight|73/100|[from] Recoil\n|\n|-heal|p2a: Blissey|46/100|[from] item: Leftovers\n|upkeep\n|turn|19\n|\n|t:|1695189191\n|move|p1a: Corviknight|Brave Bird|p2a: Blissey\n|-damage|p2a: Blissey|8/100\n|-damage|p1a: Corviknight|52/100|[from] Recoil\n|move|p2a: Blissey|Soft-Boiled|p2a: Blissey\n|-heal|p2a: Blissey|58/100\n|\n|-heal|p2a: Blissey|64/100|[from] item: Leftovers\n|upkeep\n|turn|20\n|\n|t:|1695189200\n|move|p1a: Corviknight|Roost|p1a: Corviknight\n|-heal|p1a: Corviknight|100/100\n|-singleturn|p1a: Corviknight|move: Roost\n|move|p2a: Blissey|Thunder Wave|p1a: Corviknight\n|-status|p1a: Corviknight|par\n|\n|-heal|p2a: Blissey|70/100|[from] item: Leftovers\n|upkeep\n|turn|21\n|\n|t:|1695189218\n|move|p2a: Blissey|Ice Beam|p1a: Corviknight\n|-damage|p1a: Corviknight|76/100 par\n|move|p1a: Corviknight|U-turn|p2a: Blissey\n|-damage|p2a: Blissey|54/100\n|\n|t:|1695189224\n|switch|p1a: Tyranitar|Tyranitar, F|47/100 brn|[from] U-turn\n|-damage|p1a: Tyranitar|35/100 brn|[from] Spikes\n|-weather|Sandstorm|[from] ability: Sand Stream|[of] p1a: Tyranitar\n|\n|-weather|Sandstorm|[upkeep]\n|-damage|p2a: Blissey|48/100|[from] Sandstorm\n|-heal|p2a: Blissey|54/100|[from] item: Leftovers\n|-damage|p1a: Tyranitar|28/100 brn|[from] brn\n|upkeep\n|turn|22\n|\n|t:|1695189235\n|switch|p2a: Weezing|Weezing, M|42/100\n|-damage|p2a: Weezing|30/100|[from] Stealth Rock\n|move|p1a: Tyranitar|Knock Off|p2a: Weezing\n|-damage|p2a: Weezing|12/100\n|\n|-weather|Sandstorm|[upkeep]\n|-damage|p2a: Weezing|6/100|[from] Sandstorm\n|-damage|p1a: Tyranitar|22/100 brn|[from] brn\n|upkeep\n|turn|23\n|\n|t:|1695189246\n|switch|p1a: Gholdengo|Gholdengo|43/100\n|-damage|p1a: Gholdengo|31/100|[from] Spikes\n|move|p2a: Weezing|Pain Split|p1a: Gholdengo\n|-immune|p1a: Gholdengo|[from] ability: Good as Gold\n|\n|-weather|Sandstorm|[upkeep]\n|-damage|p2a: Weezing|0 fnt|[from] Sandstorm\n|faint|p2a: Weezing\n|-heal|p1a: Gholdengo|37/100|[from] item: Leftovers\n|upkeep\n|\n|t:|1695189292\n|switch|p2a: Heracross|Heracross, F|100/100\n|-damage|p2a: Heracross|88/100|[from] Stealth Rock\n|turn|24\n|\n|t:|1695189312\n|move|p2a: Heracross|Swords Dance|p2a: Heracross\n|-boost|p2a: Heracross|atk|2\n|move|p1a: Gholdengo|Trick|p2a: Heracross\n|-activate|p1a: Gholdengo|move: Trick|[of] p2a: Heracross\n|-item|p2a: Heracross|Leftovers|[from] move: Trick\n|-item|p1a: Gholdengo|Salac Berry|[from] move: Trick\n|\n|-weather|Sandstorm|[upkeep]\n|-damage|p2a: Heracross|82/100|[from] Sandstorm\n|-heal|p2a: Heracross|88/100|[from] item: Leftovers\n|upkeep\n|turn|25\n|\n|t:|1695189327\n|move|p2a: Heracross|Megahorn|p1a: Gholdengo\n|-resisted|p1a: Gholdengo\n|-damage|p1a: Gholdengo|2/100\n|-enditem|p1a: Gholdengo|Salac Berry|[eat]\n|-boost|p1a: Gholdengo|spe|1|[from] item: Salac Berry\n|move|p1a: Gholdengo|Make It Rain|p2a: Heracross\n|-damage|p2a: Heracross|10/100\n|-unboost|p1a: Gholdengo|spa|1\n|\n|-weather|none\n|-heal|p2a: Heracross|16/100|[from] item: Leftovers\n|upkeep\n|turn|26\n|\n|t:|1695189347\n|switch|p2a: Blissey|Blissey, F|54/100\n|-damage|p2a: Blissey|42/100|[from] Stealth Rock\n|move|p1a: Gholdengo|Shadow Ball|p2a: Blissey\n|-immune|p2a: Blissey\n|\n|-heal|p2a: Blissey|48/100|[from] item: Leftovers\n|upkeep\n|turn|27\n|\n|t:|1695189360\n|switch|p1a: Corviknight|Corviknight, F|76/100 par\n|-ability|p1a: Corviknight|Pressure\n|move|p2a: Blissey|Soft-Boiled|p2a: Blissey\n|-heal|p2a: Blissey|98/100\n|\n|-heal|p2a: Blissey|100/100|[from] item: Leftovers\n|upkeep\n|turn|28\n|\n|t:|1695189368\n|move|p2a: Blissey|Seismic Toss|p1a: Corviknight\n|-damage|p1a: Corviknight|51/100 par\n|-damage|p2a: Blissey|84/100|[from] item: Rocky Helmet|[of] p1a: Corviknight\n|move|p1a: Corviknight|Defog|p2a: Blissey\n|-unboost|p2a: Blissey|evasion|1\n|-sideend|p2: Originalfake|Stealth Rock|[from] move: Defog|[of] p1a: Corviknight\n|-sideend|p1: Chardawg1|Spikes|[from] move: Defog|[of] p1a: Corviknight\n|\n|-heal|p2a: Blissey|90/100|[from] item: Leftovers\n|upkeep\n|turn|29\n|\n|t:|1695189380\n|move|p2a: Blissey|Seismic Toss|p1a: Corviknight\n|-damage|p1a: Corviknight|26/100 par\n|-damage|p2a: Blissey|73/100|[from] item: Rocky Helmet|[of] p1a: Corviknight\n|move|p1a: Corviknight|Roost|p1a: Corviknight\n|-heal|p1a: Corviknight|76/100 par\n|-singleturn|p1a: Corviknight|move: Roost\n|\n|-heal|p2a: Blissey|80/100|[from] item: Leftovers\n|upkeep\n|turn|30\n|\n|t:|1695189392\n|move|p2a: Blissey|Ice Beam|p1a: Corviknight\n|-damage|p1a: Corviknight|54/100 par\n|cant|p1a: Corviknight|par\n|\n|-heal|p2a: Blissey|86/100|[from] item: Leftovers\n|upkeep\n|turn|31\n|\n|t:|1695189399\n|move|p2a: Blissey|Ice Beam|p1a: Corviknight\n|-damage|p1a: Corviknight|29/100 par\n|cant|p1a: Corviknight|par\n|\n|-heal|p2a: Blissey|92/100|[from] item: Leftovers\n|upkeep\n|turn|32\n|\n|t:|1695189420\n|move|p2a: Blissey|Ice Beam|p1a: Corviknight\n|-damage|p1a: Corviknight|6/100 par\n|move|p1a: Corviknight|Roost|p1a: Corviknight\n|-heal|p1a: Corviknight|56/100 par\n|-singleturn|p1a: Corviknight|move: Roost\n|\n|-heal|p2a: Blissey|98/100|[from] item: Leftovers\n|upkeep\n|turn|33\n|\n|t:|1695189437\n|move|p2a: Blissey|Seismic Toss|p1a: Corviknight\n|-damage|p1a: Corviknight|31/100 par\n|-damage|p2a: Blissey|81/100|[from] item: Rocky Helmet|[of] p1a: Corviknight\n|move|p1a: Corviknight|Roost|p1a: Corviknight\n|-heal|p1a: Corviknight|81/100 par\n|-singleturn|p1a: Corviknight|move: Roost\n|\n|-heal|p2a: Blissey|88/100|[from] item: Leftovers\n|upkeep\n|turn|34\n|\n|t:|1695189447\n|move|p2a: Blissey|Seismic Toss|p1a: Corviknight\n|-damage|p1a: Corviknight|56/100 par\n|-damage|p2a: Blissey|71/100|[from] item: Rocky Helmet|[of] p1a: Corviknight\n|move|p1a: Corviknight|U-turn|p2a: Blissey\n|-damage|p2a: Blissey|55/100\n|\n|t:|1695189461\n|switch|p1a: Garchomp|Garchomp, M|50/100|[from] U-turn\n|\n|-heal|p2a: Blissey|61/100|[from] item: Leftovers\n|upkeep\n|turn|35\n|\n|t:|1695189497\n|switch|p1a: Tyranitar|Tyranitar, F|22/100 brn\n|-weather|Sandstorm|[from] ability: Sand Stream|[of] p1a: Tyranitar\n|move|p2a: Blissey|Ice Beam|p1a: Tyranitar\n|-damage|p1a: Tyranitar|7/100 brn\n|\n|-weather|Sandstorm|[upkeep]\n|-damage|p2a: Blissey|55/100|[from] Sandstorm\n|-heal|p2a: Blissey|61/100|[from] item: Leftovers\n|-damage|p1a: Tyranitar|1/100 brn|[from] brn\n|upkeep\n|turn|36\n|\n|t:|1695189511\n|move|p1a: Tyranitar|Knock Off|p2a: Blissey\n|-damage|p2a: Blissey|19/100\n|-enditem|p2a: Blissey|Leftovers|[from] move: Knock Off|[of] p1a: Tyranitar\n|move|p2a: Blissey|Ice Beam|p1a: Tyranitar\n|-damage|p1a: Tyranitar|0 fnt\n|faint|p1a: Tyranitar\n|\n|-weather|Sandstorm|[upkeep]\n|-damage|p2a: Blissey|12/100|[from] Sandstorm\n|upkeep\n|\n|t:|1695189520\n|switch|p1a: Garchomp|Garchomp, M|50/100\n|turn|37\n|\n|t:|1695189528\n|switch|p2a: Forretress|Forretress, M|25/100\n|move|p1a: Garchomp|Earthquake|p2a: Forretress\n|-damage|p2a: Forretress|0 fnt\n|faint|p2a: Forretress\n|\n|-weather|Sandstorm|[upkeep]\n|upkeep\n|\n|t:|1695189537\n|switch|p2a: Dusclops|Dusclops, M|62/100\n|-ability|p2a: Dusclops|Pressure\n|turn|38\n|\n|t:|1695189548\n|move|p1a: Garchomp|Stealth Rock|p2a: Dusclops\n|-sidestart|p2: Originalfake|move: Stealth Rock\n|move|p2a: Dusclops|Shadow Ball|p1a: Garchomp\n|-damage|p1a: Garchomp|35/100\n|\n|-weather|Sandstorm|[upkeep]\n|-damage|p2a: Dusclops|56/100|[from] Sandstorm\n|-heal|p2a: Dusclops|62/100|[from] item: Leftovers\n|upkeep\n|turn|39\n|\n|t:|1695189557\n|move|p1a: Garchomp|Spikes|p2a: Dusclops\n|-sidestart|p2: Originalfake|Spikes\n|move|p2a: Dusclops|Shadow Ball|p1a: Garchomp\n|-damage|p1a: Garchomp|17/100\n|-unboost|p1a: Garchomp|spd|1\n|\n|-weather|none\n|-heal|p2a: Dusclops|68/100|[from] item: Leftovers\n|upkeep\n|turn|40\n|\n|t:|1695189571\n|switch|p1a: Amoonguss|Amoonguss, M|100/100\n|move|p2a: Dusclops|Protect||[still]\n|-fail|p2a: Dusclops\n|\n|-heal|p2a: Dusclops|74/100|[from] item: Leftovers\n|upkeep\n|turn|41\n|\n|t:|1695189583\n|move|p1a: Amoonguss|Toxic|p2a: Dusclops\n|-status|p2a: Dusclops|tox\n|move|p2a: Dusclops|Curse|p1a: Amoonguss\n|-start|p1a: Amoonguss|Curse|[of] p2a: Dusclops\n|-damage|p2a: Dusclops|24/100 tox\n|\n|-heal|p2a: Dusclops|30/100 tox|[from] item: Leftovers\n|-damage|p2a: Dusclops|24/100 tox|[from] psn\n|-damage|p1a: Amoonguss|75/100|[from] Curse\n|upkeep\n|turn|42\n|\n|t:|1695189596\n|switch|p1a: Rotom|Rotom-Wash|71/100\n|move|p2a: Dusclops|Pain Split|p1a: Rotom\n|-sethp|p1a: Rotom|47/100|[from] move: Pain Split|[silent]\n|-sethp|p2a: Dusclops|50/100 tox|[from] move: Pain Split\n|\n|-heal|p1a: Rotom|53/100|[from] item: Leftovers\n|-heal|p2a: Dusclops|56/100 tox|[from] item: Leftovers\n|-damage|p2a: Dusclops|44/100 tox|[from] psn\n|upkeep\n|turn|43\n|\n|t:|1695189615\n|move|p1a: Rotom|Protect|p1a: Rotom\n|-singleturn|p1a: Rotom|Protect\n|move|p2a: Dusclops|Curse|p1a: Rotom\n|-start|p1a: Rotom|Curse|[of] p2a: Dusclops\n|-damage|p2a: Dusclops|0 fnt\n|faint|p2a: Dusclops\n|\n|-heal|p1a: Rotom|59/100|[from] item: Leftovers\n|-damage|p1a: Rotom|34/100|[from] Curse\n|upkeep\n|\n|t:|1695189632\n|switch|p2a: Blissey|Blissey, F|12/100\n|-damage|p2a: Blissey|0 fnt|[from] Stealth Rock\n|faint|p2a: Blissey\n|\n|t:|1695189638\n|switch|p2a: Heracross|Heracross, F|16/100\n|-damage|p2a: Heracross|4/100|[from] Stealth Rock\n|-damage|p2a: Heracross|0 fnt|[from] Spikes\n|faint|p2a: Heracross\n|\n|t:|1695189643\n|switch|p2a: Tyranitar|Tyranitar, M|100/100\n|-damage|p2a: Tyranitar|88/100|[from] Stealth Rock\n|-damage|p2a: Tyranitar|76/100|[from] Spikes\n|-weather|Sandstorm|[from] ability: Sand Stream|[of] p2a: Tyranitar\n|turn|44\n|\n|t:|1695189663\n|move|p2a: Tyranitar|Dragon Dance|p2a: Tyranitar\n|-boost|p2a: Tyranitar|atk|1\n|-boost|p2a: Tyranitar|spe|1\n|move|p1a: Rotom|Hydro Pump|p2a: Tyranitar\n|-supereffective|p2a: Tyranitar\n|-damage|p2a: Tyranitar|20/100\n|\n|-weather|Sandstorm|[upkeep]\n|-damage|p1a: Rotom|28/100|[from] Sandstorm\n|-heal|p2a: Tyranitar|26/100|[from] item: Leftovers\n|-heal|p1a: Rotom|34/100|[from] item: Leftovers\n|-damage|p1a: Rotom|9/100|[from] Curse\n|upkeep\n|turn|45\n|\n|t:|1695189701\n|move|p2a: Tyranitar|Rock Slide|p1a: Rotom\n|-damage|p1a: Rotom|0 fnt\n|faint|p1a: Rotom\n|\n|-weather|Sandstorm|[upkeep]\n|-heal|p2a: Tyranitar|32/100|[from] item: Leftovers\n|upkeep\n|\n|t:|1695189714\n|switch|p1a: Amoonguss|Amoonguss, M|100/100\n|turn|46\n|\n|t:|1695189717\n|move|p2a: Tyranitar|Substitute|p2a: Tyranitar\n|-start|p2a: Tyranitar|Substitute\n|-damage|p2a: Tyranitar|7/100\n|move|p1a: Amoonguss|Toxic||[still]\n|-fail|p1a: Amoonguss\n|\n|-weather|Sandstorm|[upkeep]\n|-damage|p1a: Amoonguss|94/100|[from] Sandstorm\n|-heal|p2a: Tyranitar|13/100|[from] item: Leftovers\n|-heal|p1a: Amoonguss|100/100|[from] item: Leftovers\n|upkeep\n|turn|47\n|\n|t:|1695189727\n|move|p2a: Tyranitar|Dragon Dance|p2a: Tyranitar\n|-boost|p2a: Tyranitar|atk|1\n|-boost|p2a: Tyranitar|spe|1\n|move|p1a: Amoonguss|Giga Drain|p2a: Tyranitar\n|-supereffective|p2a: Tyranitar\n|-end|p2a: Tyranitar|Substitute\n|\n|-weather|Sandstorm|[upkeep]\n|-damage|p1a: Amoonguss|94/100|[from] Sandstorm\n|-heal|p2a: Tyranitar|20/100|[from] item: Leftovers\n|-heal|p1a: Amoonguss|100/100|[from] item: Leftovers\n|upkeep\n|turn|48\n|\n|t:|1695189737\n|-terastallize|p2a: Tyranitar|Rock\n|move|p2a: Tyranitar|Rock Slide|p1a: Amoonguss\n|-damage|p1a: Amoonguss|14/100\n|cant|p1a: Amoonguss|flinch\n|\n|-weather|none\n|-heal|p2a: Tyranitar|26/100|[from] item: Leftovers\n|-heal|p1a: Amoonguss|21/100|[from] item: Leftovers\n|upkeep\n|turn|49\n|\n|t:|1695189760\n|move|p2a: Tyranitar|Substitute|p2a: Tyranitar\n|-start|p2a: Tyranitar|Substitute\n|-damage|p2a: Tyranitar|1/100\n|move|p1a: Amoonguss|Giga Drain|p2a: Tyranitar\n|-supereffective|p2a: Tyranitar\n|-end|p2a: Tyranitar|Substitute\n|-heal|p1a: Amoonguss|31/100|[from] drain|[of] p2a: Tyranitar\n|\n|-heal|p2a: Tyranitar|7/100|[from] item: Leftovers\n|-heal|p1a: Amoonguss|37/100|[from] item: Leftovers\n|upkeep\n|turn|50\n|\n|t:|1695189772\n|move|p2a: Tyranitar|Earthquake|p1a: Amoonguss\n|-damage|p1a: Amoonguss|0 fnt\n|faint|p1a: Amoonguss\n|\n|-heal|p2a: Tyranitar|13/100|[from] item: Leftovers\n|upkeep\n|\n|t:|1695189797\n|switch|p1a: Corviknight|Corviknight, F|56/100 par\n|-ability|p1a: Corviknight|Pressure\n|turn|51\n|\n|t:|1695189807\n|move|p2a: Tyranitar|Rock Slide|p1a: Corviknight\n|-damage|p1a: Corviknight|0 fnt\n|faint|p1a: Corviknight\n|\n|-heal|p2a: Tyranitar|19/100|[from] item: Leftovers\n|upkeep\n|\n|t:|1695189820\n|switch|p1a: Garchomp|Garchomp, M|17/100\n|turn|52\n|\n|t:|1695189827\n|move|p2a: Tyranitar|Earthquake|p1a: Garchomp\n|-damage|p1a: Garchomp|0 fnt\n|faint|p1a: Garchomp\n|\n|-heal|p2a: Tyranitar|25/100|[from] item: Leftovers\n|upkeep\n|\n|t:|1695189833\n|switch|p1a: Gholdengo|Gholdengo|2/100\n|turn|53\n|\n|t:|1695189842\n|-terastallize|p1a: Gholdengo|Fighting\n|move|p2a: Tyranitar|Rock Slide|p1a: Gholdengo\n|-resisted|p1a: Gholdengo\n|-damage|p1a: Gholdengo|0 fnt\n|faint|p1a: Gholdengo\n|\n|win|Originalfake\n|raw|Chardawg1's rating: 1244 &rarr; <strong>1214</strong><br />(-30 for losing)\n|raw|Originalfake's rating: 1172 &rarr; <strong>1202</strong><br />(+30 for winning)\n|l|\u2606Chardawg1\n", "uploadtime": 1695189853, "views": 1, "p1id": "chardawg1", "p2id": "originalfake", "formatid": "gen9ou", "rating": 1202, "private": 0, "password": ""}