{"id": "gen9ou-1947652625", "p1": "Honest Opp", "p2": "Serp IV", "format": "gen9ou", "log": "|j|\u2606Honest Opp\n|j|\u2606Serp IV\n|t:|1695182337\n|gametype|singles\n|player|p1|Honest Opp|shadowtriad|1541\n|player|p2|Serp IV|rosa|1590\n|teamsize|p1|6\n|teamsize|p2|6\n|gen|9\n|tier|[Gen 9] OU\n|rated|\n|rule|Sleep Clause Mod: Limit one foe put to sleep\n|rule|Species Clause: Limit one of each Pok\u00e9mon\n|rule|OHKO Clause: OHKO moves are banned\n|rule|Evasion Items Clause: Evasion items are banned\n|rule|Evasion Moves Clause: Evasion moves are banned\n|rule|Endless Battle Clause: Forcing endless battles is banned\n|rule|HP Percentage Mod: HP is shown in percentages\n|clearpoke\n|poke|p1|Clefable, M|\n|poke|p1|Corviknight, F|\n|poke|p1|Ursaluna-Bloodmoon, M|\n|poke|p1|Roaring Moon|\n|poke|p1|Munkidori, M|\n|poke|p1|Cinderace, F|\n|poke|p2|Torkoal, F|\n|poke|p2|Ogerpon-Hearthflame, F|\n|poke|p2|Roaring Moon|\n|poke|p2|Walking Wake|\n|poke|p2|Hatterene, F|\n|poke|p2|Great Tusk|\n|teampreview\n|inactive|Battle timer is ON: inactive players will automatically lose when time's up. (requested by Honest Opp)\n|\n|t:|1695182357\n|start\n|switch|p1a: Rabia|Ursaluna-Bloodmoon, M|100/100\n|switch|p2a: Walking Wake|Walking Wake|100/100\n|turn|1\n|\n|t:|1695182376\n|switch|p1a: Chicle|Clefable, M, shiny|100/100\n|move|p2a: Walking Wake|Hydro Steam|p1a: Chicle\n|-damage|p1a: Chicle|56/100\n|\n|-heal|p1a: Chicle|62/100|[from] item: Leftovers\n|upkeep\n|turn|2\n|\n|t:|1695182385\n|-terastallize|p2a: Walking Wake|Water\n|move|p2a: Walking Wake|Hydro Steam|p1a: Chicle\n|-damage|p1a: Chicle|5/100\n|move|p1a: Chicle|Moonblast|p2a: Walking Wake\n|-damage|p2a: Walking Wake|65/100\n|\n|-heal|p1a: Chicle|11/100|[from] item: Leftovers\n|upkeep\n|turn|3\n|\n|t:|1695182402\n|move|p2a: Walking Wake|Hydro Steam|p1a: Chicle\n|-damage|p1a: Chicle|0 fnt\n|faint|p1a: Chicle\n|\n|upkeep\n|\n|t:|1695182415\n|switch|p1a: Moon Signs|Roaring Moon|100/100\n|turn|4\n|\n|t:|1695182419\n|-end|p2a: Walking Wake|Protosynthesis|[silent]\n|switch|p2a: Great Tusk|Great Tusk|100/100\n|move|p1a: Moon Signs|Knock Off|p2a: Great Tusk\n|-resisted|p2a: Great Tusk\n|-damage|p2a: Great Tusk|78/100\n|-enditem|p2a: Great Tusk|Leftovers|[from] move: Knock Off|[of] p1a: Moon Signs\n|\n|upkeep\n|turn|5\n|\n|t:|1695182423\n|-end|p1a: Moon Signs|Protosynthesis|[silent]\n|switch|p1a: KAWS|Corviknight, F, shiny|100/100\n|-ability|p1a: KAWS|Pressure\n|-end|p2a: Great Tusk|Protosynthesis|[silent]\n|switch|p2a: Torkoal|Torkoal, F|100/100\n|-weather|SunnyDay|[from] ability: Drought|[of] p2a: Torkoal\n|\n|-weather|SunnyDay|[upkeep]\n|upkeep\n|turn|6\n|\n|t:|1695182429\n|move|p1a: KAWS|U-turn|p2a: Torkoal\n|-resisted|p2a: Torkoal\n|-damage|p2a: Torkoal|96/100\n|\n|t:|1695182438\n|switch|p1a: Free Ace|Cinderace, F|100/100|[from] U-turn\n|move|p2a: Torkoal|Lava Plume|p1a: Free Ace\n|-resisted|p1a: Free Ace\n|-damage|p1a: Free Ace|78/100\n|\n|-weather|SunnyDay|[upkeep]\n|upkeep\n|turn|7\n|\n|t:|1695182442\n|move|p1a: Free Ace|Pyro Ball|p2a: Torkoal\n|-resisted|p2a: Torkoal\n|-damage|p2a: Torkoal|70/100\n|move|p2a: Torkoal|Stealth Rock|p1a: Free Ace\n|-sidestart|p1: Honest Opp|move: Stealth Rock\n|\n|-weather|SunnyDay|[upkeep]\n|upkeep\n|turn|8\n|\n|t:|1695182450\n|switch|p2a: Roaring Moon|Roaring Moon|100/100\n|-activate|p2a: Roaring Moon|ability: Protosynthesis\n|-start|p2a: Roaring Moon|protosynthesisspe\n|move|p1a: Free Ace|Court Change|p1a: Free Ace\n|-swapsideconditions\n|-activate|p1a: Free Ace|move: Court Change\n|\n|-weather|SunnyDay|[upkeep]\n|upkeep\n|turn|9\n|\n|t:|1695182455\n|move|p2a: Roaring Moon|Knock Off|p1a: Free Ace\n|-damage|p1a: Free Ace|16/100\n|-enditem|p1a: Free Ace|Heavy-Duty Boots|[from] move: Knock Off|[of] p2a: Roaring Moon\n|move|p1a: Free Ace|Will-O-Wisp|p2a: Roaring Moon\n|-status|p2a: Roaring Moon|brn\n|\n|-weather|SunnyDay|[upkeep]\n|-damage|p2a: Roaring Moon|94/100 brn|[from] brn\n|upkeep\n|turn|10\n|\n|t:|1695182458\n|move|p2a: Roaring Moon|U-turn|p1a: Free Ace\n|-resisted|p1a: Free Ace\n|-crit|p1a: Free Ace\n|-damage|p1a: Free Ace|5/100\n|\n|t:|1695182461\n|-end|p2a: Roaring Moon|Protosynthesis|[silent]\n|switch|p2a: Great Tusk|Great Tusk|78/100|[from] U-turn\n|-damage|p2a: Great Tusk|75/100|[from] Stealth Rock\n|-activate|p2a: Great Tusk|ability: Protosynthesis\n|-start|p2a: Great Tusk|protosynthesisspe\n|move|p1a: Free Ace|U-turn|p2a: Great Tusk\n|-resisted|p2a: Great Tusk\n|-damage|p2a: Great Tusk|69/100\n|\n|t:|1695182472\n|switch|p1a: Rabia|Ursaluna-Bloodmoon, M|100/100|[from] U-turn\n|\n|-weather|SunnyDay|[upkeep]\n|upkeep\n|turn|11\n|\n|t:|1695182479\n|move|p2a: Great Tusk|Rapid Spin|p1a: Rabia\n|-damage|p1a: Rabia|90/100\n|-boost|p2a: Great Tusk|spe|1\n|-sideend|p2: Serp IV|Stealth Rock|[from] move: Rapid Spin|[of] p2a: Great Tusk\n|move|p1a: Rabia|Earth Power|p2a: Great Tusk\n|-damage|p2a: Great Tusk|0 fnt\n|faint|p2a: Great Tusk\n|-end|p2a: Great Tusk|Protosynthesis|[silent]\n|\n|-weather|SunnyDay|[upkeep]\n|-heal|p1a: Rabia|96/100|[from] item: Leftovers\n|upkeep\n|\n|t:|1695182481\n|switch|p2a: Walking Wake|Walking Wake, tera:Water|65/100\n|-activate|p2a: Walking Wake|ability: Protosynthesis\n|-start|p2a: Walking Wake|protosynthesisspa\n|turn|12\n|inactive|Honest Opp has 120 seconds left.\n|\n|t:|1695182526\n|move|p1a: Rabia|Vacuum Wave|p2a: Walking Wake\n|-damage|p2a: Walking Wake|47/100\n|move|p2a: Walking Wake|Hydro Steam|p1a: Rabia\n|-supereffective|p1a: Rabia\n|-damage|p1a: Rabia|0 fnt\n|faint|p1a: Rabia\n|\n|-weather|none\n|-end|p2a: Walking Wake|Protosynthesis\n|upkeep\n|\n|t:|1695182531\n|switch|p1a: Moon Signs|Roaring Moon|100/100\n|turn|13\n|\n|t:|1695182543\n|-end|p2a: Walking Wake|Protosynthesis|[silent]\n|switch|p2a: Torkoal|Torkoal, F|70/100\n|-weather|SunnyDay|[from] ability: Drought|[of] p2a: Torkoal\n|-activate|p1a: Moon Signs|ability: Protosynthesis\n|-start|p1a: Moon Signs|protosynthesisatk\n|move|p1a: Moon Signs|Knock Off|p2a: Torkoal\n|-damage|p2a: Torkoal|0 fnt\n|-enditem|p2a: Torkoal|Heat Rock|[from] move: Knock Off|[of] p1a: Moon Signs\n|faint|p2a: Torkoal\n|\n|-weather|SunnyDay|[upkeep]\n|upkeep\n|\n|t:|1695182555\n|switch|p2a: Hatterene|Hatterene, F|100/100\n|turn|14\n|\n|t:|1695182561\n|-terastallize|p1a: Moon Signs|Dark\n|move|p1a: Moon Signs|Knock Off|p2a: Hatterene\n|-damage|p2a: Hatterene|0 fnt\n|-enditem|p2a: Hatterene|Eject Button|[from] move: Knock Off|[of] p1a: Moon Signs\n|faint|p2a: Hatterene\n|\n|-weather|SunnyDay|[upkeep]\n|upkeep\n|\n|t:|1695182571\n|switch|p2a: Ogerpon|Ogerpon-Hearthflame, F|100/100\n|-ability|p2a: Ogerpon|Mold Breaker\n|turn|15\n|\n|t:|1695182573\n|move|p1a: Moon Signs|Knock Off|p2a: Ogerpon\n|-damage|p2a: Ogerpon|0 fnt\n|faint|p2a: Ogerpon\n|\n|-weather|SunnyDay|[upkeep]\n|upkeep\n|-message|Serp IV forfeited.\n|\n|win|Honest Opp\n|raw|Honest Opp's rating: 1541 &rarr; <strong>1564</strong><br />(+23 for winning)\n|raw|Serp IV's rating: 1590 &rarr; <strong>1567</strong><br />(-23 for losing)\n|l|\u2606Serp IV\n", "uploadtime": 1695182581, "views": 5, "p1id": "honestopp", "p2id": "serpiv", "formatid": "gen9ou", "rating": 1564, "private": 0, "password": ""}