{"id": "gen9ou-1947676943", "p1": "SSSSSSlizardr", "p2": "kl2006", "format": "gen9ou", "log": "|j|\u2606SSSSSSlizardr\n|j|\u2606kl2006\n|t:|1695185636\n|gametype|singles\n|player|p1|SSSSSSlizardr|irida|1401\n|player|p2|kl2006|1|1369\n|teamsize|p1|6\n|teamsize|p2|6\n|gen|9\n|tier|[Gen 9] OU\n|rated|\n|rule|Sleep Clause Mod: Limit one foe put to sleep\n|rule|Species Clause: Limit one of each Pok\u00e9mon\n|rule|OHKO Clause: OHKO moves are banned\n|rule|Evasion Items Clause: Evasion items are banned\n|rule|Evasion Moves Clause: Evasion moves are banned\n|rule|Endless Battle Clause: Forcing endless battles is banned\n|rule|HP Percentage Mod: HP is shown in percentages\n|clearpoke\n|poke|p1|Ninetales-Alola, F|\n|poke|p1|Alomomola, M|\n|poke|p1|Cresselia, F|\n|poke|p1|Ursaluna-Bloodmoon, M|\n|poke|p1|Jirachi|\n|poke|p1|Pawmot, F|\n|poke|p2|Gliscor, M|\n|poke|p2|Zamazenta-*|\n|poke|p2|Samurott-Hisui, F|\n|poke|p2|Gholdengo|\n|poke|p2|Slowking-Galar, M|\n|poke|p2|Garchomp, M|\n|teampreview\n|\n|t:|1695185650\n|start\n|switch|p1a: Ursaluna|Ursaluna-Bloodmoon, M|100/100\n|switch|p2a: Gholdengo|Gholdengo|100/100\n|turn|1\n|\n|t:|1695185658\n|-terastallize|p2a: Gholdengo|Steel\n|move|p2a: Gholdengo|Make It Rain|p1a: Ursaluna\n|-damage|p1a: Ursaluna|30/100\n|-unboost|p2a: Gholdengo|spa|1\n|move|p1a: Ursaluna|Earth Power|p2a: Gholdengo\n|-supereffective|p2a: Gholdengo\n|-damage|p2a: Gholdengo|4/100\n|-unboost|p2a: Gholdengo|spd|1\n|\n|-heal|p2a: Gholdengo|10/100|[from] item: Leftovers\n|upkeep\n|turn|2\n|\n|t:|1695185664\n|move|p1a: Ursaluna|Vacuum Wave|p2a: Gholdengo\n|-supereffective|p2a: Gholdengo\n|-damage|p2a: Gholdengo|0 fnt\n|faint|p2a: Gholdengo\n|\n|upkeep\n|\n|t:|1695185667\n|switch|p2a: Samurott|Samurott-Hisui, F|100/100\n|turn|3\n|\n|t:|1695185672\n|-terastallize|p1a: Ursaluna|Fighting\n|move|p2a: Samurott|Ceaseless Edge|p1a: Ursaluna\n|-resisted|p1a: Ursaluna\n|-damage|p1a: Ursaluna|13/100\n|-sidestart|p1: SSSSSSlizardr|Spikes\n|move|p1a: Ursaluna|Tera Blast|p2a: Samurott\n|-supereffective|p2a: Samurott\n|-enditem|p2a: Samurott|Focus Sash\n|-damage|p2a: Samurott|1/100\n|\n|upkeep\n|turn|4\n|\n|t:|1695185677\n|switch|p1a: Alomomola|Alomomola, M|100/100\n|-damage|p1a: Alomomola|88/100|[from] Spikes\n|move|p2a: Samurott|Aqua Jet|p1a: Alomomola\n|-resisted|p1a: Alomomola\n|-damage|p1a: Alomomola|83/100\n|-damage|p2a: Samurott|0 fnt|[from] item: Rocky Helmet|[of] p1a: Alomomola\n|faint|p2a: Samurott\n|\n|upkeep\n|\n|t:|1695185681\n|switch|p2a: Gliscor|Gliscor, M|100/100\n|turn|5\n|\n|t:|1695185684\n|move|p2a: Gliscor|Protect|p2a: Gliscor\n|-singleturn|p2a: Gliscor|Protect\n|move|p1a: Alomomola|Wish|p1a: Alomomola\n|\n|-status|p2a: Gliscor|tox|[from] item: Toxic Orb\n|upkeep\n|turn|6\n|\n|t:|1695185686\n|move|p2a: Gliscor|Toxic|p1a: Alomomola\n|-status|p1a: Alomomola|tox\n|move|p1a: Alomomola|Flip Turn|p2a: Gliscor\n|-supereffective|p2a: Gliscor\n|-damage|p2a: Gliscor|82/100 tox\n|\n|t:|1695185688\n|switch|p1a: Ursaluna|Ursaluna-Bloodmoon, M, tera:Fighting|13/100|[from] Flip Turn\n|-damage|p1a: Ursaluna|1/100|[from] Spikes\n|\n|-heal|p1a: Ursaluna|65/100|[from] move: Wish|[wisher] Alomomola\n|-heal|p2a: Gliscor|94/100 tox|[from] ability: Poison Heal\n|upkeep\n|turn|7\n|\n|t:|1695185695\n|switch|p2a: Slowking|Slowking-Galar, M|100/100\n|move|p1a: Ursaluna|Blood Moon|p2a: Slowking\n|-damage|p2a: Slowking|49/100\n|\n|-heal|p2a: Slowking|55/100|[from] item: Leftovers\n|upkeep\n|turn|8\n|\n|t:|1695185698\n|move|p1a: Ursaluna|Earth Power|p2a: Slowking\n|-supereffective|p2a: Slowking\n|-damage|p2a: Slowking|0 fnt\n|faint|p2a: Slowking\n|\n|upkeep\n|-message|kl2006 forfeited.\n|\n|win|SSSSSSlizardr\n|raw|SSSSSSlizardr's rating: 1401 &rarr; <strong>1419</strong><br />(+18 for winning)\n|raw|kl2006's rating: 1369 &rarr; <strong>1351</strong><br />(-18 for losing)\n|l|\u2606kl2006\n", "uploadtime": 1695185705, "views": 11, "p1id": "sssssslizardr", "p2id": "kl2006", "formatid": "gen9ou", "rating": 1351, "private": 0, "password": ""}