{"id": "gen9ou-1947598392", "p1": "Perfect Dill", "p2": "Raylong268", "format": "gen9ou", "log": "|j|\u2606Perfect Dill\n|j|\u2606Raylong268\n|t:|1695176393\n|gametype|singles\n|player|p1|Perfect Dill|170|1437\n|player|p2|Raylong268|170|1460\n|teamsize|p1|6\n|teamsize|p2|6\n|gen|9\n|tier|[Gen 9] OU\n|rated|\n|rule|Sleep Clause Mod: Limit one foe put to sleep\n|rule|Species Clause: Limit one of each Pok\u00e9mon\n|rule|OHKO Clause: OHKO moves are banned\n|rule|Evasion Items Clause: Evasion items are banned\n|rule|Evasion Moves Clause: Evasion moves are banned\n|rule|Endless Battle Clause: Forcing endless battles is banned\n|rule|HP Percentage Mod: HP is shown in percentages\n|clearpoke\n|poke|p1|Ursaluna-Bloodmoon, M|\n|poke|p1|Roaring Moon|\n|poke|p1|Munkidori, M|\n|poke|p1|Cinderace, M|\n|poke|p1|Clefable, M|\n|poke|p1|Corviknight, M|\n|poke|p2|Kingambit, F|\n|poke|p2|Sneasler, M|\n|poke|p2|Garganacl, F|\n|poke|p2|Samurott-Hisui, M|\n|poke|p2|Ogerpon-Cornerstone, F|\n|poke|p2|Great Tusk|\n|teampreview\n|\n|t:|1695176407\n|start\n|switch|p1a: Cinderace|Cinderace, M|100/100\n|switch|p2a: Samurott|Samurott-Hisui, M, shiny|100/100\n|turn|1\n|\n|t:|1695176413\n|switch|p1a: Corviknight|Corviknight, M|100/100\n|-ability|p1a: Corviknight|Pressure\n|move|p2a: Samurott|Ceaseless Edge|p1a: Corviknight\n|-damage|p1a: Corviknight|70/100\n|-sidestart|p1: Perfect Dill|Spikes\n|\n|-heal|p1a: Corviknight|76/100|[from] item: Leftovers\n|upkeep\n|turn|2\n|\n|t:|1695176423\n|move|p2a: Samurott|Razor Shell|p1a: Corviknight\n|-damage|p1a: Corviknight|45/100\n|-unboost|p1a: Corviknight|def|1\n|move|p1a: Corviknight|Iron Defense|p1a: Corviknight\n|-boost|p1a: Corviknight|def|2\n|\n|-heal|p1a: Corviknight|51/100|[from] item: Leftovers\n|upkeep\n|turn|3\n|\n|t:|1695176433\n|move|p2a: Samurott|Razor Shell|p1a: Corviknight|[miss]\n|-miss|p2a: Samurott|p1a: Corviknight\n|move|p1a: Corviknight|Roost|p1a: Corviknight\n|-heal|p1a: Corviknight|100/100\n|-singleturn|p1a: Corviknight|move: Roost\n|\n|upkeep\n|turn|4\n|\n|t:|1695176454\n|switch|p2a: Garganacl|Garganacl, F, shiny|100/100\n|move|p1a: Corviknight|Iron Defense|p1a: Corviknight\n|-boost|p1a: Corviknight|def|2\n|\n|upkeep\n|turn|5\n|\n|t:|1695176466\n|-terastallize|p2a: Garganacl|Grass\n|move|p1a: Corviknight|Iron Defense|p1a: Corviknight\n|-boost|p1a: Corviknight|def|2\n|move|p2a: Garganacl|Salt Cure|p1a: Corviknight\n|-damage|p1a: Corviknight|97/100\n|-start|p1a: Corviknight|Salt Cure\n|\n|-heal|p1a: Corviknight|100/100|[from] item: Leftovers\n|-damage|p1a: Corviknight|76/100|[from] Salt Cure\n|upkeep\n|turn|6\n|\n|t:|1695176478\n|move|p2a: Garganacl|Protect|p2a: Garganacl\n|-singleturn|p2a: Garganacl|Protect\n|move|p1a: Corviknight|Body Press|p2a: Garganacl\n|-activate|p2a: Garganacl|move: Protect\n|\n|-heal|p1a: Corviknight|82/100|[from] item: Leftovers\n|-damage|p1a: Corviknight|57/100|[from] Salt Cure\n|upkeep\n|turn|7\n|\n|t:|1695176489\n|switch|p2a: Great Tusk|Great Tusk|100/100\n|move|p1a: Corviknight|U-turn|p2a: Great Tusk\n|-resisted|p2a: Great Tusk\n|-damage|p2a: Great Tusk|96/100\n|\n|t:|1695176493\n|switch|p1a: Munkidori|Munkidori, M|100/100|[from] U-turn\n|-damage|p1a: Munkidori|88/100|[from] Spikes\n|\n|-heal|p2a: Great Tusk|100/100|[from] item: Leftovers\n|upkeep\n|turn|8\n|\n|t:|1695176508\n|-end|p2a: Great Tusk|Protosynthesis|[silent]\n|switch|p2a: Samurott|Samurott-Hisui, M, shiny|100/100\n|move|p1a: Munkidori|Focus Blast|p2a: Samurott\n|-supereffective|p2a: Samurott\n|-enditem|p2a: Samurott|Focus Sash\n|-damage|p2a: Samurott|1/100\n|\n|upkeep\n|turn|9\n|\n|t:|1695176517\n|switch|p1a: Corviknight|Corviknight, M|57/100\n|-ability|p1a: Corviknight|Pressure\n|move|p2a: Samurott|Aqua Jet|p1a: Corviknight\n|-damage|p1a: Corviknight|45/100\n|\n|-heal|p1a: Corviknight|51/100|[from] item: Leftovers\n|upkeep\n|turn|10\n|\n|t:|1695176521\n|move|p2a: Samurott|Ceaseless Edge|p1a: Corviknight\n|-damage|p1a: Corviknight|24/100\n|-sidestart|p1: Perfect Dill|Spikes\n|move|p1a: Corviknight|Roost|p1a: Corviknight\n|-heal|p1a: Corviknight|74/100\n|-singleturn|p1a: Corviknight|move: Roost\n|\n|-heal|p1a: Corviknight|80/100|[from] item: Leftovers\n|upkeep\n|turn|11\n|\n|t:|1695176528\n|move|p2a: Samurott|Ceaseless Edge|p1a: Corviknight\n|-damage|p1a: Corviknight|53/100\n|-sidestart|p1: Perfect Dill|Spikes\n|move|p1a: Corviknight|U-turn|p2a: Samurott\n|-supereffective|p2a: Samurott\n|-damage|p2a: Samurott|0 fnt\n|faint|p2a: Samurott\n|\n|t:|1695176536\n|switch|p1a: Clefable|Clefable, M|100/100|[from] U-turn\n|\n|upkeep\n|\n|t:|1695176550\n|switch|p2a: Sneasler|Sneasler, M, shiny|100/100\n|turn|12\n|\n|t:|1695176570\n|switch|p1a: Corviknight|Corviknight, M|53/100\n|-ability|p1a: Corviknight|Pressure\n|move|p2a: Sneasler|Dire Claw|p1a: Corviknight\n|-immune|p1a: Corviknight\n|\n|-heal|p1a: Corviknight|59/100|[from] item: Leftovers\n|upkeep\n|turn|13\n|\n|t:|1695176584\n|switch|p2a: Garganacl|Garganacl, F, shiny, tera:Grass|100/100\n|move|p1a: Corviknight|Roost|p1a: Corviknight\n|-heal|p1a: Corviknight|100/100\n|-singleturn|p1a: Corviknight|move: Roost\n|\n|upkeep\n|turn|14\n|\n|t:|1695176587\n|move|p1a: Corviknight|U-turn|p2a: Garganacl\n|-supereffective|p2a: Garganacl\n|-damage|p2a: Garganacl|87/100\n|\n|t:|1695176590\n|switch|p1a: Cinderace|Cinderace, M|100/100|[from] U-turn\n|move|p2a: Garganacl|Salt Cure|p1a: Cinderace\n|-supereffective|p1a: Cinderace\n|-damage|p1a: Cinderace|68/100\n|-start|p1a: Cinderace|Salt Cure\n|\n|-heal|p2a: Garganacl|93/100|[from] item: Leftovers\n|-damage|p1a: Cinderace|56/100|[from] Salt Cure\n|upkeep\n|turn|15\n|\n|t:|1695176603\n|switch|p2a: Great Tusk|Great Tusk|100/100\n|move|p1a: Cinderace|Court Change|p1a: Cinderace\n|-swapsideconditions\n|-activate|p1a: Cinderace|move: Court Change\n|\n|-damage|p1a: Cinderace|44/100|[from] Salt Cure\n|upkeep\n|turn|16\n|\n|t:|1695176616\n|move|p1a: Cinderace|Will-O-Wisp|p2a: Great Tusk\n|-status|p2a: Great Tusk|brn\n|move|p2a: Great Tusk|Rapid Spin|p1a: Cinderace\n|-damage|p1a: Cinderace|33/100\n|-boost|p2a: Great Tusk|spe|1\n|-sideend|p2: Raylong268|Spikes|[from] move: Rapid Spin|[of] p2a: Great Tusk\n|\n|-damage|p2a: Great Tusk|94/100 brn|[from] brn\n|-damage|p1a: Cinderace|20/100|[from] Salt Cure\n|upkeep\n|turn|17\n|\n|t:|1695176628\n|move|p1a: Cinderace|U-turn|p2a: Great Tusk\n|-resisted|p2a: Great Tusk\n|-damage|p2a: Great Tusk|88/100 brn\n|\n|t:|1695176635\n|switch|p1a: Corviknight|Corviknight, M|100/100|[from] U-turn\n|-ability|p1a: Corviknight|Pressure\n|move|p2a: Great Tusk|Bulk Up|p2a: Great Tusk\n|-boost|p2a: Great Tusk|atk|1\n|-boost|p2a: Great Tusk|def|1\n|\n|-heal|p2a: Great Tusk|94/100 brn|[from] item: Leftovers\n|-damage|p2a: Great Tusk|88/100 brn|[from] brn\n|upkeep\n|turn|18\n|\n|t:|1695176642\n|move|p2a: Great Tusk|Bulk Up|p2a: Great Tusk\n|-boost|p2a: Great Tusk|atk|1\n|-boost|p2a: Great Tusk|def|1\n|move|p1a: Corviknight|Iron Defense|p1a: Corviknight\n|-boost|p1a: Corviknight|def|2\n|\n|-heal|p2a: Great Tusk|94/100 brn|[from] item: Leftovers\n|-damage|p2a: Great Tusk|88/100 brn|[from] brn\n|upkeep\n|turn|19\n|\n|t:|1695176654\n|move|p2a: Great Tusk|Body Press|p1a: Corviknight\n|-damage|p1a: Corviknight|89/100\n|move|p1a: Corviknight|Iron Defense|p1a: Corviknight\n|-boost|p1a: Corviknight|def|2\n|\n|-heal|p2a: Great Tusk|94/100 brn|[from] item: Leftovers\n|-heal|p1a: Corviknight|95/100|[from] item: Leftovers\n|-damage|p2a: Great Tusk|88/100 brn|[from] brn\n|upkeep\n|turn|20\n|\n|t:|1695176660\n|-end|p2a: Great Tusk|Protosynthesis|[silent]\n|switch|p2a: Garganacl|Garganacl, F, shiny, tera:Grass|93/100\n|move|p1a: Corviknight|Iron Defense|p1a: Corviknight\n|-boost|p1a: Corviknight|def|2\n|\n|-heal|p1a: Corviknight|100/100|[from] item: Leftovers\n|-heal|p2a: Garganacl|99/100|[from] item: Leftovers\n|upkeep\n|turn|21\n|\n|t:|1695176663\n|move|p1a: Corviknight|U-turn|p2a: Garganacl\n|-supereffective|p2a: Garganacl\n|-damage|p2a: Garganacl|84/100\n|\n|t:|1695176669\n|switch|p1a: Munkidori|Munkidori, M|88/100|[from] U-turn\n|move|p2a: Garganacl|Salt Cure|p1a: Munkidori\n|-damage|p1a: Munkidori|67/100\n|-start|p1a: Munkidori|Salt Cure\n|\n|-heal|p2a: Garganacl|90/100|[from] item: Leftovers\n|-damage|p1a: Munkidori|55/100|[from] Salt Cure\n|upkeep\n|turn|22\n|\n|t:|1695176679\n|move|p2a: Garganacl|Protect|p2a: Garganacl\n|-singleturn|p2a: Garganacl|Protect\n|move|p1a: Munkidori|Sludge Wave|p2a: Garganacl\n|-activate|p2a: Garganacl|move: Protect\n|\n|-heal|p2a: Garganacl|97/100|[from] item: Leftovers\n|-damage|p1a: Munkidori|43/100|[from] Salt Cure\n|upkeep\n|turn|23\n|\n|t:|1695176699\n|switch|p1a: Cinderace|Cinderace, M|20/100\n|switch|p2a: Kingambit|Kingambit, F, shiny|100/100\n|-activate|p2a: Kingambit|ability: Supreme Overlord\n|-start|p2a: Kingambit|fallen1|[silent]\n|\n|upkeep\n|turn|24\n|\n|t:|1695176705\n|-end|p2a: Kingambit|fallen1|[silent]\n|switch|p2a: Great Tusk|Great Tusk|88/100 brn\n|move|p1a: Cinderace|Will-O-Wisp|p2a: Great Tusk\n|-fail|p2a: Great Tusk|brn\n|\n|-heal|p2a: Great Tusk|94/100 brn|[from] item: Leftovers\n|-damage|p2a: Great Tusk|88/100 brn|[from] brn\n|upkeep\n|turn|25\n|\n|t:|1695176712\n|move|p1a: Cinderace|U-turn|p2a: Great Tusk\n|-resisted|p2a: Great Tusk\n|-damage|p2a: Great Tusk|82/100 brn\n|\n|t:|1695176716\n|switch|p1a: Ursaluna|Ursaluna-Bloodmoon, M|100/100|[from] U-turn\n|move|p2a: Great Tusk|Body Press|p1a: Ursaluna\n|-supereffective|p1a: Ursaluna\n|-damage|p1a: Ursaluna|77/100\n|\n|-heal|p2a: Great Tusk|89/100 brn|[from] item: Leftovers\n|-heal|p1a: Ursaluna|83/100|[from] item: Leftovers\n|-damage|p2a: Great Tusk|82/100 brn|[from] brn\n|upkeep\n|turn|26\n|\n|t:|1695176728\n|move|p2a: Great Tusk|Body Press|p1a: Ursaluna\n|-supereffective|p1a: Ursaluna\n|-damage|p1a: Ursaluna|57/100\n|move|p1a: Ursaluna|Calm Mind|p1a: Ursaluna\n|-boost|p1a: Ursaluna|spa|1\n|-boost|p1a: Ursaluna|spd|1\n|\n|-heal|p2a: Great Tusk|89/100 brn|[from] item: Leftovers\n|-heal|p1a: Ursaluna|63/100|[from] item: Leftovers\n|-damage|p2a: Great Tusk|82/100 brn|[from] brn\n|upkeep\n|turn|27\n|\n|t:|1695176735\n|-terastallize|p1a: Ursaluna|Fighting\n|move|p2a: Great Tusk|Body Press|p1a: Ursaluna\n|-damage|p1a: Ursaluna|51/100\n|move|p1a: Ursaluna|Calm Mind|p1a: Ursaluna\n|-boost|p1a: Ursaluna|spa|1\n|-boost|p1a: Ursaluna|spd|1\n|\n|-heal|p2a: Great Tusk|89/100 brn|[from] item: Leftovers\n|-heal|p1a: Ursaluna|57/100|[from] item: Leftovers\n|-damage|p2a: Great Tusk|82/100 brn|[from] brn\n|upkeep\n|turn|28\n|\n|t:|1695176749\n|move|p2a: Great Tusk|Earthquake|p1a: Ursaluna\n|-damage|p1a: Ursaluna|37/100\n|move|p1a: Ursaluna|Calm Mind|p1a: Ursaluna\n|-boost|p1a: Ursaluna|spa|1\n|-boost|p1a: Ursaluna|spd|1\n|\n|-heal|p2a: Great Tusk|89/100 brn|[from] item: Leftovers\n|-heal|p1a: Ursaluna|43/100|[from] item: Leftovers\n|-damage|p2a: Great Tusk|82/100 brn|[from] brn\n|upkeep\n|turn|29\n|\n|t:|1695176772\n|-end|p2a: Great Tusk|Protosynthesis|[silent]\n|switch|p2a: Ogerpon|Ogerpon-Cornerstone, F|100/100\n|move|p1a: Ursaluna|Vacuum Wave|p2a: Ogerpon\n|-supereffective|p2a: Ogerpon\n|-crit|p2a: Ogerpon\n|-ability|p2a: Ogerpon|Sturdy\n|-damage|p2a: Ogerpon|1/100\n|\n|-heal|p1a: Ursaluna|49/100|[from] item: Leftovers\n|upkeep\n|turn|30\n|\n|t:|1695176778\n|move|p1a: Ursaluna|Vacuum Wave|p2a: Ogerpon\n|-supereffective|p2a: Ogerpon\n|-damage|p2a: Ogerpon|0 fnt\n|faint|p2a: Ogerpon\n|\n|-heal|p1a: Ursaluna|56/100|[from] item: Leftovers\n|upkeep\n|\n|t:|1695176784\n|switch|p2a: Sneasler|Sneasler, M, shiny|100/100\n|turn|31\n|\n|t:|1695176789\n|move|p2a: Sneasler|Close Combat|p1a: Ursaluna\n|-damage|p1a: Ursaluna|7/100\n|-unboost|p2a: Sneasler|def|1\n|-unboost|p2a: Sneasler|spd|1\n|move|p1a: Ursaluna|Earth Power|p2a: Sneasler\n|-supereffective|p2a: Sneasler\n|-damage|p2a: Sneasler|0 fnt\n|faint|p2a: Sneasler\n|\n|-heal|p1a: Ursaluna|13/100|[from] item: Leftovers\n|upkeep\n|\n|t:|1695176801\n|switch|p2a: Great Tusk|Great Tusk|82/100 brn\n|turn|32\n|\n|t:|1695176804\n|move|p1a: Ursaluna|Vacuum Wave|p2a: Great Tusk\n|-damage|p2a: Great Tusk|11/100 brn\n|move|p2a: Great Tusk|Earthquake|p1a: Ursaluna\n|-damage|p1a: Ursaluna|0 fnt\n|faint|p1a: Ursaluna\n|\n|-heal|p2a: Great Tusk|17/100 brn|[from] item: Leftovers\n|-damage|p2a: Great Tusk|11/100 brn|[from] brn\n|upkeep\n|\n|t:|1695176813\n|switch|p1a: Roaring Moon|Roaring Moon|100/100\n|turn|33\n|\n|t:|1695176824\n|move|p1a: Roaring Moon|U-turn|p2a: Great Tusk\n|-resisted|p2a: Great Tusk\n|-damage|p2a: Great Tusk|0 fnt\n|faint|p2a: Great Tusk\n|-end|p2a: Great Tusk|Protosynthesis|[silent]\n|\n|t:|1695176831\n|-end|p1a: Roaring Moon|Protosynthesis|[silent]\n|switch|p1a: Corviknight|Corviknight, M|100/100|[from] U-turn\n|-ability|p1a: Corviknight|Pressure\n|\n|upkeep\n|\n|t:|1695176836\n|switch|p2a: Garganacl|Garganacl, F, shiny, tera:Grass|97/100\n|turn|34\n|\n|t:|1695176838\n|move|p1a: Corviknight|U-turn|p2a: Garganacl\n|-supereffective|p2a: Garganacl\n|-damage|p2a: Garganacl|81/100\n|\n|t:|1695176842\n|switch|p1a: Clefable|Clefable, M|100/100|[from] U-turn\n|move|p2a: Garganacl|Salt Cure|p1a: Clefable\n|-damage|p1a: Clefable|86/100\n|-start|p1a: Clefable|Salt Cure\n|\n|-heal|p1a: Clefable|92/100|[from] item: Leftovers\n|-heal|p2a: Garganacl|87/100|[from] item: Leftovers\n|upkeep\n|turn|35\n|\n|t:|1695176848\n|move|p2a: Garganacl|Protect|p2a: Garganacl\n|-singleturn|p2a: Garganacl|Protect\n|move|p1a: Clefable|Wish|p1a: Clefable\n|\n|-heal|p1a: Clefable|98/100|[from] item: Leftovers\n|-heal|p2a: Garganacl|93/100|[from] item: Leftovers\n|upkeep\n|turn|36\n|\n|t:|1695176853\n|switch|p1a: Munkidori|Munkidori, M|43/100\n|move|p2a: Garganacl|Salt Cure|p1a: Munkidori\n|-damage|p1a: Munkidori|22/100\n|-start|p1a: Munkidori|Salt Cure\n|\n|-heal|p1a: Munkidori|84/100|[from] move: Wish|[wisher] Clefable\n|-heal|p2a: Garganacl|99/100|[from] item: Leftovers\n|-damage|p1a: Munkidori|71/100|[from] Salt Cure\n|upkeep\n|turn|37\n|\n|t:|1695176857\n|move|p2a: Garganacl|Protect|p2a: Garganacl\n|-singleturn|p2a: Garganacl|Protect\n|move|p1a: Munkidori|Focus Blast|p2a: Garganacl\n|-activate|p2a: Garganacl|move: Protect\n|\n|-heal|p2a: Garganacl|100/100|[from] item: Leftovers\n|-damage|p1a: Munkidori|59/100|[from] Salt Cure\n|upkeep\n|turn|38\n|\n|t:|1695176869\n|move|p1a: Munkidori|Focus Blast|p2a: Garganacl|[miss]\n|-miss|p1a: Munkidori|p2a: Garganacl\n|move|p2a: Garganacl|Salt Cure|p1a: Munkidori\n|-damage|p1a: Munkidori|39/100\n|\n|-damage|p1a: Munkidori|27/100|[from] Salt Cure\n|upkeep\n|turn|39\n|\n|t:|1695176874\n|switch|p1a: Clefable|Clefable, M|98/100\n|move|p2a: Garganacl|Salt Cure|p1a: Clefable\n|-damage|p1a: Clefable|82/100\n|-start|p1a: Clefable|Salt Cure\n|\n|-heal|p1a: Clefable|88/100|[from] item: Leftovers\n|upkeep\n|turn|40\n|\n|t:|1695176887\n|switch|p2a: Kingambit|Kingambit, F, shiny|100/100\n|-activate|p2a: Kingambit|ability: Supreme Overlord\n|-start|p2a: Kingambit|fallen4|[silent]\n|move|p1a: Clefable|Wish|p1a: Clefable\n|\n|-heal|p1a: Clefable|94/100|[from] item: Leftovers\n|upkeep\n|turn|41\n|\n|t:|1695176901\n|switch|p1a: Corviknight|Corviknight, M|100/100\n|-ability|p1a: Corviknight|Pressure\n|move|p2a: Kingambit|Kowtow Cleave|p1a: Corviknight\n|-damage|p1a: Corviknight|46/100\n|\n|-heal|p1a: Corviknight|96/100|[from] move: Wish|[wisher] Clefable\n|-heal|p1a: Corviknight|100/100|[from] item: Leftovers\n|upkeep\n|turn|42\n|\n|t:|1695176909\n|-end|p2a: Kingambit|fallen4|[silent]\n|switch|p2a: Garganacl|Garganacl, F, shiny, tera:Grass|100/100\n|move|p1a: Corviknight|Body Press|p2a: Garganacl\n|-damage|p2a: Garganacl|87/100\n|\n|-heal|p2a: Garganacl|93/100|[from] item: Leftovers\n|upkeep\n|turn|43\n|\n|t:|1695176914\n|move|p1a: Corviknight|U-turn|p2a: Garganacl\n|-supereffective|p2a: Garganacl\n|-damage|p2a: Garganacl|78/100\n|\n|t:|1695176922\n|switch|p1a: Clefable|Clefable, M|94/100|[from] U-turn\n|move|p2a: Garganacl|Salt Cure|p1a: Clefable\n|-damage|p1a: Clefable|78/100\n|-start|p1a: Clefable|Salt Cure\n|\n|-heal|p1a: Clefable|84/100|[from] item: Leftovers\n|-heal|p2a: Garganacl|84/100|[from] item: Leftovers\n|upkeep\n|turn|44\n|\n|t:|1695176927\n|move|p1a: Clefable|Thunder Wave|p2a: Garganacl\n|-immune|p2a: Garganacl|[from] ability: Purifying Salt\n|move|p2a: Garganacl|Body Press|p1a: Clefable\n|-resisted|p1a: Clefable\n|-damage|p1a: Clefable|69/100\n|\n|-heal|p1a: Clefable|75/100|[from] item: Leftovers\n|-heal|p2a: Garganacl|90/100|[from] item: Leftovers\n|upkeep\n|turn|45\n|\n|t:|1695176934\n|move|p1a: Clefable|Wish|p1a: Clefable\n|move|p2a: Garganacl|Salt Cure|p1a: Clefable\n|-damage|p1a: Clefable|60/100\n|\n|-heal|p1a: Clefable|66/100|[from] item: Leftovers\n|-heal|p2a: Garganacl|97/100|[from] item: Leftovers\n|upkeep\n|turn|46\n|\n|t:|1695176940\n|move|p1a: Clefable|Moonblast|p2a: Garganacl\n|-damage|p2a: Garganacl|69/100\n|-unboost|p2a: Garganacl|spa|1\n|move|p2a: Garganacl|Salt Cure|p1a: Clefable\n|-damage|p1a: Clefable|50/100\n|\n|-heal|p1a: Clefable|99/100|[from] move: Wish|[wisher] Clefable\n|-heal|p1a: Clefable|100/100|[from] item: Leftovers\n|-heal|p2a: Garganacl|75/100|[from] item: Leftovers\n|upkeep\n|turn|47\n|\n|t:|1695176945\n|switch|p2a: Kingambit|Kingambit, F, shiny|100/100\n|-activate|p2a: Kingambit|ability: Supreme Overlord\n|-start|p2a: Kingambit|fallen4|[silent]\n|move|p1a: Clefable|Wish|p1a: Clefable\n|\n|upkeep\n|turn|48\n|\n|t:|1695176955\n|move|p1a: Clefable|Thunder Wave|p2a: Kingambit\n|-status|p2a: Kingambit|par\n|move|p2a: Kingambit|Kowtow Cleave|p1a: Clefable\n|-resisted|p1a: Clefable\n|-crit|p1a: Clefable\n|-damage|p1a: Clefable|38/100\n|\n|-heal|p1a: Clefable|88/100|[from] move: Wish|[wisher] Clefable\n|-heal|p1a: Clefable|94/100|[from] item: Leftovers\n|upkeep\n|turn|49\n|\n|t:|1695176961\n|move|p1a: Clefable|Wish|p1a: Clefable\n|move|p2a: Kingambit|Iron Head|p1a: Clefable\n|-supereffective|p1a: Clefable\n|-damage|p1a: Clefable|0 fnt\n|faint|p1a: Clefable\n|\n|upkeep\n|\n|t:|1695176969\n|switch|p1a: Cinderace|Cinderace, M|20/100\n|turn|50\n|\n|t:|1695176971\n|move|p2a: Kingambit|Sucker Punch|p1a: Cinderace\n|-damage|p1a: Cinderace|0 fnt\n|faint|p1a: Cinderace\n|\n|upkeep\n|\n|t:|1695176974\n|switch|p1a: Roaring Moon|Roaring Moon|100/100\n|turn|51\n|\n|t:|1695176987\n|-end|p2a: Kingambit|fallen4|[silent]\n|switch|p2a: Garganacl|Garganacl, F, shiny, tera:Grass|75/100\n|move|p1a: Roaring Moon|Outrage|p2a: Garganacl\n|-damage|p2a: Garganacl|29/100\n|\n|-heal|p2a: Garganacl|35/100|[from] item: Leftovers\n|upkeep\n|turn|52\n|\n|t:|1695176990\n|move|p2a: Garganacl|Protect|p2a: Garganacl\n|-singleturn|p2a: Garganacl|Protect\n|move|p1a: Roaring Moon|Outrage|p2a: Garganacl|[from]lockedmove\n|-activate|p2a: Garganacl|move: Protect\n|-start|p1a: Roaring Moon|confusion|[fatigue]\n|\n|-heal|p2a: Garganacl|41/100|[from] item: Leftovers\n|upkeep\n|turn|53\n|\n|t:|1695176993\n|-activate|p1a: Roaring Moon|confusion\n|-damage|p1a: Roaring Moon|82/100|[from] confusion\n|move|p2a: Garganacl|Recover|p2a: Garganacl\n|-heal|p2a: Garganacl|91/100\n|\n|-heal|p2a: Garganacl|97/100|[from] item: Leftovers\n|upkeep\n|turn|54\n|\n|t:|1695176998\n|-activate|p1a: Roaring Moon|confusion\n|move|p1a: Roaring Moon|Outrage|p2a: Garganacl\n|-damage|p2a: Garganacl|47/100\n|move|p2a: Garganacl|Salt Cure|p1a: Roaring Moon\n|-damage|p1a: Roaring Moon|66/100\n|-start|p1a: Roaring Moon|Salt Cure\n|\n|-heal|p2a: Garganacl|53/100|[from] item: Leftovers\n|-damage|p1a: Roaring Moon|54/100|[from] Salt Cure\n|upkeep\n|turn|55\n|\n|t:|1695177002\n|move|p2a: Garganacl|Protect|p2a: Garganacl\n|-singleturn|p2a: Garganacl|Protect\n|-activate|p1a: Roaring Moon|confusion\n|move|p1a: Roaring Moon|Outrage|p2a: Garganacl|[from]lockedmove\n|-activate|p2a: Garganacl|move: Protect\n|\n|-heal|p2a: Garganacl|60/100|[from] item: Leftovers\n|-damage|p1a: Roaring Moon|41/100|[from] Salt Cure\n|upkeep\n|turn|56\n|\n|t:|1695177005\n|-end|p1a: Roaring Moon|Protosynthesis|[silent]\n|switch|p1a: Munkidori|Munkidori, M|27/100\n|move|p2a: Garganacl|Recover|p2a: Garganacl\n|-heal|p2a: Garganacl|100/100\n|\n|upkeep\n|turn|57\n|\n|t:|1695177010\n|move|p2a: Garganacl|Protect|p2a: Garganacl\n|-singleturn|p2a: Garganacl|Protect\n|move|p1a: Munkidori|Sludge Wave|p2a: Garganacl\n|-activate|p2a: Garganacl|move: Protect\n|\n|upkeep\n|turn|58\n|\n|t:|1695177016\n|switch|p2a: Kingambit|Kingambit, F, shiny|100/100 par\n|-activate|p2a: Kingambit|ability: Supreme Overlord\n|-start|p2a: Kingambit|fallen4|[silent]\n|move|p1a: Munkidori|Sludge Wave|p2a: Kingambit\n|-immune|p2a: Kingambit\n|\n|upkeep\n|turn|59\n|\n|t:|1695177021\n|switch|p1a: Corviknight|Corviknight, M|100/100\n|-ability|p1a: Corviknight|Pressure\n|move|p2a: Kingambit|Kowtow Cleave|p1a: Corviknight\n|-crit|p1a: Corviknight\n|-damage|p1a: Corviknight|21/100\n|\n|-heal|p1a: Corviknight|27/100|[from] item: Leftovers\n|upkeep\n|turn|60\n|\n|t:|1695177028\n|-end|p2a: Kingambit|fallen4|[silent]\n|switch|p2a: Garganacl|Garganacl, F, shiny, tera:Grass|100/100\n|move|p1a: Corviknight|Roost|p1a: Corviknight\n|-heal|p1a: Corviknight|77/100\n|-singleturn|p1a: Corviknight|move: Roost\n|\n|-heal|p1a: Corviknight|83/100|[from] item: Leftovers\n|upkeep\n|turn|61\n|\n|t:|1695177035\n|move|p1a: Corviknight|U-turn|p2a: Garganacl\n|-supereffective|p2a: Garganacl\n|-damage|p2a: Garganacl|85/100\n|\n|t:|1695177038\n|switch|p1a: Munkidori|Munkidori, M|27/100|[from] U-turn\n|move|p2a: Garganacl|Salt Cure|p1a: Munkidori\n|-damage|p1a: Munkidori|5/100\n|-start|p1a: Munkidori|Salt Cure\n|\n|-heal|p2a: Garganacl|91/100|[from] item: Leftovers\n|-damage|p1a: Munkidori|0 fnt|[from] Salt Cure\n|faint|p1a: Munkidori\n|upkeep\n|\n|t:|1695177041\n|switch|p1a: Roaring Moon|Roaring Moon|41/100\n|turn|62\n|\n|t:|1695177047\n|move|p1a: Roaring Moon|Outrage|p2a: Garganacl\n|-damage|p2a: Garganacl|45/100\n|move|p2a: Garganacl|Body Press|p1a: Roaring Moon\n|-supereffective|p1a: Roaring Moon\n|-damage|p1a: Roaring Moon|0 fnt\n|faint|p1a: Roaring Moon\n|-end|p1a: Roaring Moon|Protosynthesis|[silent]\n|\n|-heal|p2a: Garganacl|51/100|[from] item: Leftovers\n|upkeep\n|\n|t:|1695177050\n|switch|p1a: Corviknight|Corviknight, M|83/100\n|-ability|p1a: Corviknight|Pressure\n|turn|63\n|\n|t:|1695177059\n|move|p1a: Corviknight|U-turn|p2a: Garganacl\n|-supereffective|p2a: Garganacl\n|-damage|p2a: Garganacl|35/100\n|move|p2a: Garganacl|Salt Cure|p1a: Corviknight\n|-damage|p1a: Corviknight|73/100\n|-start|p1a: Corviknight|Salt Cure\n|\n|-heal|p1a: Corviknight|79/100|[from] item: Leftovers\n|-heal|p2a: Garganacl|42/100|[from] item: Leftovers\n|-damage|p1a: Corviknight|54/100|[from] Salt Cure\n|upkeep\n|turn|64\n|\n|t:|1695177062\n|move|p1a: Corviknight|Iron Defense|p1a: Corviknight\n|-boost|p1a: Corviknight|def|2\n|move|p2a: Garganacl|Recover|p2a: Garganacl\n|-heal|p2a: Garganacl|92/100\n|\n|-heal|p1a: Corviknight|60/100|[from] item: Leftovers\n|-heal|p2a: Garganacl|98/100|[from] item: Leftovers\n|-damage|p1a: Corviknight|35/100|[from] Salt Cure\n|upkeep\n|turn|65\n|\n|t:|1695177070\n|move|p1a: Corviknight|Roost|p1a: Corviknight\n|-heal|p1a: Corviknight|85/100\n|-singleturn|p1a: Corviknight|move: Roost\n|move|p2a: Garganacl|Body Press|p1a: Corviknight\n|-supereffective|p1a: Corviknight\n|-damage|p1a: Corviknight|67/100\n|\n|-heal|p1a: Corviknight|73/100|[from] item: Leftovers\n|-heal|p2a: Garganacl|100/100|[from] item: Leftovers\n|-damage|p1a: Corviknight|48/100|[from] Salt Cure\n|upkeep\n|turn|66\n|\n|t:|1695177074\n|move|p1a: Corviknight|Roost|p1a: Corviknight\n|-heal|p1a: Corviknight|98/100\n|-singleturn|p1a: Corviknight|move: Roost\n|move|p2a: Garganacl|Body Press|p1a: Corviknight\n|-supereffective|p1a: Corviknight\n|-damage|p1a: Corviknight|78/100\n|\n|-heal|p1a: Corviknight|84/100|[from] item: Leftovers\n|-damage|p1a: Corviknight|60/100|[from] Salt Cure\n|upkeep\n|turn|67\n|\n|t:|1695177076\n|move|p1a: Corviknight|Body Press|p2a: Garganacl\n|-damage|p2a: Garganacl|75/100\n|move|p2a: Garganacl|Body Press|p1a: Corviknight\n|-damage|p1a: Corviknight|49/100\n|\n|-heal|p1a: Corviknight|55/100|[from] item: Leftovers\n|-heal|p2a: Garganacl|82/100|[from] item: Leftovers\n|-damage|p1a: Corviknight|30/100|[from] Salt Cure\n|upkeep\n|turn|68\n|\n|t:|1695177080\n|move|p1a: Corviknight|Body Press|p2a: Garganacl\n|-damage|p2a: Garganacl|54/100\n|move|p2a: Garganacl|Body Press|p1a: Corviknight\n|-damage|p1a: Corviknight|21/100\n|\n|-heal|p1a: Corviknight|27/100|[from] item: Leftovers\n|-heal|p2a: Garganacl|61/100|[from] item: Leftovers\n|-damage|p1a: Corviknight|2/100|[from] Salt Cure\n|upkeep\n|turn|69\n|\n|t:|1695177082\n|move|p1a: Corviknight|Body Press|p2a: Garganacl\n|-damage|p2a: Garganacl|34/100\n|move|p2a: Garganacl|Body Press|p1a: Corviknight\n|-damage|p1a: Corviknight|0 fnt\n|faint|p1a: Corviknight\n|\n|win|Raylong268\n|raw|Perfect Dill's rating: 1437 &rarr; <strong>1418</strong><br />(-19 for losing)\n|raw|Raylong268's rating: 1460 &rarr; <strong>1479</strong><br />(+19 for winning)\n|l|\u2606Perfect Dill\n", "uploadtime": 1695177098, "views": 5, "p1id": "perfectdill", "p2id": "raylong268", "formatid": "gen9ou", "rating": 1418, "private": 0, "password": ""}