{"id": "gen9ou-1947608187", "p1": "andrewm0n", "p2": "testtmptmp1", "format": "gen9ou", "log": "|j|\u2606andrewm0n\n|j|\u2606testtmptmp1\n|t:|1695177398\n|gametype|singles\n|player|p1|andrewm0n|swimmerf|1507\n|player|p2|testtmptmp1|265|1516\n|teamsize|p1|6\n|teamsize|p2|6\n|gen|9\n|tier|[Gen 9] OU\n|rated|\n|rule|Sleep Clause Mod: Limit one foe put to sleep\n|rule|Species Clause: Limit one of each Pok\u00e9mon\n|rule|OHKO Clause: OHKO moves are banned\n|rule|Evasion Items Clause: Evasion items are banned\n|rule|Evasion Moves Clause: Evasion moves are banned\n|rule|Endless Battle Clause: Forcing endless battles is banned\n|rule|HP Percentage Mod: HP is shown in percentages\n|clearpoke\n|poke|p1|Grimmsnarl, M|\n|poke|p1|Ursaluna-Bloodmoon, M|\n|poke|p1|Gliscor, M|\n|poke|p1|Kommo-o, M|\n|poke|p1|Gholdengo|\n|poke|p1|Ditto|\n|poke|p2|Garganacl, M|\n|poke|p2|Kingambit, F|\n|poke|p2|Samurott-Hisui, F|\n|poke|p2|Iron Valiant|\n|poke|p2|Gholdengo|\n|poke|p2|Zapdos|\n|teampreview\n|inactive|Battle timer is ON: inactive players will automatically lose when time's up. (requested by testtmptmp1)\n|j| trialmanyerrors\n|l| trialmanyerrors\n|inactive|andrewm0n has 120 seconds left.\n|inactive|testtmptmp1 has 120 seconds left.\n|\n|t:|1695177452\n|start\n|switch|p1a: Ditto|Ditto|100/100\n|switch|p2a: Samurott|Samurott-Hisui, F|100/100\n|-transform|p1a: Ditto|p2a: Samurott|[from] ability: Imposter\n|turn|1\n|\n|t:|1695177458\n|move|p1a: Ditto|Ceaseless Edge|p2a: Samurott|[miss]\n|-miss|p1a: Ditto|p2a: Samurott\n|move|p2a: Samurott|Ceaseless Edge|p1a: Ditto|[miss]\n|-miss|p2a: Samurott|p1a: Ditto\n|\n|upkeep\n|turn|2\n|c|\u2606andrewm0n|lol\n|\n|t:|1695177465\n|move|p1a: Ditto|Ceaseless Edge|p2a: Samurott\n|-resisted|p2a: Samurott\n|-damage|p2a: Samurott|73/100\n|-sidestart|p2: testtmptmp1|Spikes\n|move|p2a: Samurott|Ceaseless Edge|p1a: Ditto\n|-resisted|p1a: Ditto\n|-damage|p1a: Ditto|67/100\n|-sidestart|p1: andrewm0n|Spikes\n|\n|upkeep\n|turn|3\n|\n|t:|1695177472\n|move|p1a: Ditto|Ceaseless Edge|p2a: Samurott\n|-resisted|p2a: Samurott\n|-damage|p2a: Samurott|46/100\n|-sidestart|p2: testtmptmp1|Spikes\n|move|p2a: Samurott|Ceaseless Edge|p1a: Ditto\n|-resisted|p1a: Ditto\n|-damage|p1a: Ditto|39/100\n|-sidestart|p1: andrewm0n|Spikes\n|\n|upkeep\n|turn|4\n|\n|t:|1695177481\n|move|p1a: Ditto|Ceaseless Edge|p2a: Samurott\n|-resisted|p2a: Samurott\n|-damage|p2a: Samurott|19/100\n|-sidestart|p2: testtmptmp1|Spikes\n|move|p2a: Samurott|Ceaseless Edge|p1a: Ditto\n|-resisted|p1a: Ditto\n|-damage|p1a: Ditto|11/100\n|-sidestart|p1: andrewm0n|Spikes\n|\n|upkeep\n|turn|5\n|\n|t:|1695177499\n|switch|p1a: Kommo-o|Kommo-o, M, shiny|100/100\n|-damage|p1a: Kommo-o|76/100|[from] Spikes\n|move|p2a: Samurott|Razor Shell|p1a: Kommo-o\n|-resisted|p1a: Kommo-o\n|-damage|p1a: Kommo-o|48/100\n|\n|-heal|p1a: Kommo-o|54/100|[from] item: Leftovers\n|upkeep\n|turn|6\n|\n|t:|1695177508\n|move|p2a: Samurott|Ceaseless Edge|p1a: Kommo-o\n|-resisted|p1a: Kommo-o\n|-damage|p1a: Kommo-o|31/100\n|move|p1a: Kommo-o|Drain Punch|p2a: Samurott\n|-supereffective|p2a: Samurott\n|-damage|p2a: Samurott|0 fnt\n|-heal|p1a: Kommo-o|42/100|[from] drain|[of] p2a: Samurott\n|faint|p2a: Samurott\n|\n|-heal|p1a: Kommo-o|48/100|[from] item: Leftovers\n|upkeep\n|c|\u2606andrewm0n|nice\n|c|\u2606andrewm0n|on the razor shell play\n|\n|t:|1695177521\n|switch|p2a: Zapdos|Zapdos|100/100\n|turn|7\n|\n|t:|1695177540\n|switch|p1a: Gliscor|Gliscor, M|100/100\n|move|p2a: Zapdos|Hurricane|p1a: Gliscor\n|-damage|p1a: Gliscor|63/100\n|\n|upkeep\n|turn|8\n|\n|t:|1695177557\n|switch|p2a: Gholdengo|Gholdengo|100/100\n|-item|p2a: Gholdengo|Air Balloon\n|move|p1a: Gliscor|Stealth Rock|p2a: Gholdengo\n|-sidestart|p2: testtmptmp1|move: Stealth Rock\n|\n|upkeep\n|turn|9\n|\n|t:|1695177565\n|move|p2a: Gholdengo|Shadow Ball|p1a: Gliscor\n|-damage|p1a: Gliscor|30/100\n|move|p1a: Gliscor|U-turn|p2a: Gholdengo\n|-resisted|p2a: Gholdengo\n|-crit|p2a: Gholdengo\n|-damage|p2a: Gholdengo|94/100\n|-enditem|p2a: Gholdengo|Air Balloon\n|\n|t:|1695177578\n|switch|p1a: Grimmsnarl|Grimmsnarl, M|100/100|[from] U-turn\n|-damage|p1a: Grimmsnarl|76/100|[from] Spikes\n|\n|upkeep\n|turn|10\n|\n|t:|1695177598\n|move|p1a: Grimmsnarl|Light Screen|p1a: Grimmsnarl\n|-sidestart|p1: andrewm0n|move: Light Screen\n|move|p2a: Gholdengo|Make It Rain|p1a: Grimmsnarl\n|-supereffective|p1a: Grimmsnarl\n|-damage|p1a: Grimmsnarl|3/100\n|-unboost|p2a: Gholdengo|spa|1\n|\n|upkeep\n|turn|11\n|\n|t:|1695177615\n|switch|p2a: Zapdos|Zapdos|100/100\n|move|p1a: Grimmsnarl|Reflect|p1a: Grimmsnarl\n|-sidestart|p1: andrewm0n|Reflect\n|\n|upkeep\n|turn|12\n|\n|t:|1695177620\n|move|p1a: Grimmsnarl|Parting Shot|p2a: Zapdos\n|-unboost|p2a: Zapdos|atk|1\n|-unboost|p2a: Zapdos|spa|1\n|\n|t:|1695177628\n|switch|p1a: Gholdengo|Gholdengo|100/100|[from] Parting Shot\n|-damage|p1a: Gholdengo|76/100|[from] Spikes\n|move|p2a: Zapdos|Volt Switch|p1a: Gholdengo\n|-damage|p1a: Gholdengo|66/100\n|\n|t:|1695177636\n|switch|p2a: Kingambit|Kingambit, F|100/100|[from] Volt Switch\n|-damage|p2a: Kingambit|76/100|[from] Spikes\n|-damage|p2a: Kingambit|69/100|[from] Stealth Rock\n|-activate|p2a: Kingambit|ability: Supreme Overlord\n|-start|p2a: Kingambit|fallen1|[silent]\n|\n|upkeep\n|turn|13\n|\n|t:|1695177644\n|switch|p1a: Grimmsnarl|Grimmsnarl, M|3/100\n|-damage|p1a: Grimmsnarl|0 fnt|[from] Spikes\n|faint|p1a: Grimmsnarl\n|move|p2a: Kingambit|Kowtow Cleave|p1: Grimmsnarl|[notarget]\n|-fail|p2a: Kingambit\n|\n|upkeep\n|\n|t:|1695177650\n|switch|p1a: Ursaluna|Ursaluna-Bloodmoon, M, shiny|100/100\n|-damage|p1a: Ursaluna|76/100|[from] Spikes\n|turn|14\n|\n|t:|1695177662\n|-end|p2a: Kingambit|fallen1|[silent]\n|switch|p2a: Zapdos|Zapdos|100/100\n|move|p1a: Ursaluna|Calm Mind|p1a: Ursaluna\n|-boost|p1a: Ursaluna|spa|1\n|-boost|p1a: Ursaluna|spd|1\n|\n|-heal|p1a: Ursaluna|82/100|[from] item: Leftovers\n|upkeep\n|turn|15\n|\n|t:|1695177672\n|move|p2a: Zapdos|Hurricane|p1a: Ursaluna\n|-damage|p1a: Ursaluna|64/100\n|-start|p1a: Ursaluna|confusion\n|-activate|p1a: Ursaluna|confusion\n|move|p1a: Ursaluna|Calm Mind|p1a: Ursaluna\n|-boost|p1a: Ursaluna|spa|1\n|-boost|p1a: Ursaluna|spd|1\n|\n|-heal|p1a: Ursaluna|70/100|[from] item: Leftovers\n|upkeep\n|turn|16\n|\n|t:|1695177691\n|move|p2a: Zapdos|Heat Wave|p1a: Ursaluna\n|-crit|p1a: Ursaluna\n|-damage|p1a: Ursaluna|20/100\n|-activate|p1a: Ursaluna|confusion\n|-damage|p1a: Ursaluna|16/100|[from] confusion\n|\n|-heal|p1a: Ursaluna|22/100|[from] item: Leftovers\n|upkeep\n|turn|17\n|\n|t:|1695177699\n|move|p2a: Zapdos|Heat Wave|p1a: Ursaluna\n|-damage|p1a: Ursaluna|13/100\n|-activate|p1a: Ursaluna|confusion\n|move|p1a: Ursaluna|Blood Moon|p2a: Zapdos\n|-crit|p2a: Zapdos\n|-damage|p2a: Zapdos|0 fnt\n|faint|p2a: Zapdos\n|\n|-heal|p1a: Ursaluna|20/100|[from] item: Leftovers\n|-sideend|p1: andrewm0n|move: Light Screen\n|upkeep\n|\n|t:|1695177710\n|switch|p2a: Iron Valiant|Iron Valiant|100/100\n|-damage|p2a: Iron Valiant|76/100|[from] Spikes\n|-damage|p2a: Iron Valiant|69/100|[from] Stealth Rock\n|-enditem|p2a: Iron Valiant|Booster Energy\n|-activate|p2a: Iron Valiant|ability: Quark Drive|[fromitem]\n|-start|p2a: Iron Valiant|quarkdrivespe\n|turn|18\n|\n|t:|1695177724\n|-end|p1a: Ursaluna|confusion\n|move|p1a: Ursaluna|Vacuum Wave|p2a: Iron Valiant\n|-resisted|p2a: Iron Valiant\n|-damage|p2a: Iron Valiant|36/100\n|move|p2a: Iron Valiant|Knock Off|p1a: Ursaluna\n|-damage|p1a: Ursaluna|8/100\n|-enditem|p1a: Ursaluna|Leftovers|[from] move: Knock Off|[of] p2a: Iron Valiant\n|\n|-sideend|p1: andrewm0n|Reflect\n|upkeep\n|turn|19\n|\n|t:|1695177740\n|-terastallize|p1a: Ursaluna|Fighting\n|move|p1a: Ursaluna|Vacuum Wave|p2a: Iron Valiant\n|-resisted|p2a: Iron Valiant\n|-damage|p2a: Iron Valiant|0 fnt\n|faint|p2a: Iron Valiant\n|-end|p2a: Iron Valiant|Quark Drive|[silent]\n|\n|upkeep\n|\n|t:|1695177751\n|switch|p2a: Gholdengo|Gholdengo|94/100\n|-damage|p2a: Gholdengo|70/100|[from] Spikes\n|-damage|p2a: Gholdengo|64/100|[from] Stealth Rock\n|turn|20\n|\n|t:|1695177756\n|move|p1a: Ursaluna|Vacuum Wave|p2a: Gholdengo\n|-supereffective|p2a: Gholdengo\n|-damage|p2a: Gholdengo|0 fnt\n|faint|p2a: Gholdengo\n|\n|upkeep\n|\n|t:|1695177762\n|switch|p2a: Garganacl|Garganacl, M|100/100\n|-damage|p2a: Garganacl|76/100|[from] Spikes\n|-damage|p2a: Garganacl|63/100|[from] Stealth Rock\n|turn|21\n|\n|t:|1695177767\n|-terastallize|p2a: Garganacl|Water\n|move|p1a: Ursaluna|Earth Power|p2a: Garganacl\n|-damage|p2a: Garganacl|0 fnt\n|faint|p2a: Garganacl\n|\n|upkeep\n|\n|t:|1695177773\n|switch|p2a: Kingambit|Kingambit, F|69/100\n|-damage|p2a: Kingambit|45/100|[from] Spikes\n|-damage|p2a: Kingambit|38/100|[from] Stealth Rock\n|-activate|p2a: Kingambit|ability: Supreme Overlord\n|-start|p2a: Kingambit|fallen5|[silent]\n|turn|22\n|\n|t:|1695177779\n|move|p1a: Ursaluna|Vacuum Wave|p2a: Kingambit\n|-supereffective|p2a: Kingambit\n|-damage|p2a: Kingambit|0 fnt\n|faint|p2a: Kingambit\n|-end|p2a: Kingambit|fallen5|[silent]\n|\n|win|andrewm0n\n|raw|andrewm0n's rating: 1507 &rarr; <strong>1528</strong><br />(+21 for winning)\n|raw|testtmptmp1's rating: 1516 &rarr; <strong>1495</strong><br />(-21 for losing)\n|c|\u2606andrewm0n|gg\n|l|\u2606testtmptmp1\n", "uploadtime": 1695177785, "views": 5, "p1id": "andrewm0n", "p2id": "testtmptmp1", "formatid": "gen9ou", "rating": 1495, "private": 0, "password": ""}