{"id": "gen9ou-1947683280", "p1": "tripsW", "p2": "sun gawd APOLLO", "format": "gen9ou", "log": "|j|\u2606tripsW\n|j|\u2606sun gawd APOLLO\n|t:|1695186529\n|gametype|singles\n|player|p1|tripsW|2|1164\n|player|p2|sun gawd APOLLO|cynthia-gen4|1063\n|teamsize|p1|6\n|teamsize|p2|6\n|gen|9\n|tier|[Gen 9] OU\n|rated|\n|rule|Sleep Clause Mod: Limit one foe put to sleep\n|rule|Species Clause: Limit one of each Pok\u00e9mon\n|rule|OHKO Clause: OHKO moves are banned\n|rule|Evasion Items Clause: Evasion items are banned\n|rule|Evasion Moves Clause: Evasion moves are banned\n|rule|Endless Battle Clause: Forcing endless battles is banned\n|rule|HP Percentage Mod: HP is shown in percentages\n|clearpoke\n|poke|p1|Ursaluna-Bloodmoon, M|\n|poke|p1|Empoleon, M|\n|poke|p1|Fezandipiti, M|\n|poke|p1|Cinderace, F|\n|poke|p1|Dragonite, F|\n|poke|p1|Rotom-Wash|\n|poke|p2|Ogerpon, F|\n|poke|p2|Pincurchin, F|\n|poke|p2|Sneasler, F|\n|poke|p2|Great Tusk|\n|poke|p2|Iron Valiant|\n|poke|p2|Roaring Moon|\n|teampreview\n|\n|t:|1695186546\n|start\n|switch|p1a: Sire Pengu|Empoleon, M, shiny|100/100\n|switch|p2a: Pincurchin|Pincurchin, F|100/100\n|-fieldstart|move: Electric Terrain|[from] ability: Electric Surge|[of] p2a: Pincurchin\n|turn|1\n|\n|t:|1695186558\n|-terastallize|p1a: Sire Pengu|Ground\n|move|p1a: Sire Pengu|Substitute|p1a: Sire Pengu\n|-start|p1a: Sire Pengu|Substitute\n|-damage|p1a: Sire Pengu|76/100\n|move|p2a: Pincurchin|Spikes|p1a: Sire Pengu\n|-sidestart|p1: tripsW|Spikes\n|\n|upkeep\n|turn|2\n|\n|t:|1695186585\n|switch|p2a: Great Tusk|Great Tusk|100/100\n|-enditem|p2a: Great Tusk|Booster Energy\n|-activate|p2a: Great Tusk|ability: Protosynthesis|[fromitem]\n|-start|p2a: Great Tusk|protosynthesisspe\n|move|p1a: Sire Pengu|Tera Blast|p2a: Great Tusk\n|-crit|p2a: Great Tusk\n|-damage|p2a: Great Tusk|21/100\n|\n|upkeep\n|turn|3\n|\n|t:|1695186593\n|move|p2a: Great Tusk|Headlong Rush|p1a: Sire Pengu\n|-end|p1a: Sire Pengu|Substitute\n|-unboost|p2a: Great Tusk|def|1\n|-unboost|p2a: Great Tusk|spd|1\n|move|p1a: Sire Pengu|Surf|p2a: Great Tusk\n|-supereffective|p2a: Great Tusk\n|-damage|p2a: Great Tusk|0 fnt\n|faint|p2a: Great Tusk\n|-end|p2a: Great Tusk|Protosynthesis|[silent]\n|\n|upkeep\n|\n|t:|1695186600\n|switch|p2a: Ogerpon|Ogerpon, F|100/100\n|turn|4\n|\n|t:|1695186610\n|switch|p1a: Fashion Birb|Fezandipiti, M, shiny|100/100\n|-terastallize|p2a: Ogerpon|Grass\n|detailschange|p2a: Ogerpon|Ogerpon-Teal-Tera, F, tera:Grass\n|-ability|p2a: Ogerpon|Embody Aspect (Teal)|boost\n|-boost|p2a: Ogerpon|spe|1\n|move|p2a: Ogerpon|Ivy Cudgel|p1a: Fashion Birb\n|-resisted|p1a: Fashion Birb\n|-damage|p1a: Fashion Birb|64/100\n|\n|upkeep\n|turn|5\n|\n|t:|1695186620\n|move|p2a: Ogerpon|Stomping Tantrum|p1a: Fashion Birb\n|-supereffective|p1a: Fashion Birb\n|-damage|p1a: Fashion Birb|12/100\n|move|p1a: Fashion Birb|Beat Up|p2a: Ogerpon\n|-damage|p2a: Ogerpon|96/100\n|-damage|p2a: Ogerpon|93/100\n|-status|p2a: Ogerpon|tox|[from] ability: Toxic Chain|[of] p1a: Fashion Birb\n|-damage|p2a: Ogerpon|89/100 tox\n|-damage|p2a: Ogerpon|84/100 tox\n|-damage|p2a: Ogerpon|78/100 tox\n|-damage|p2a: Ogerpon|75/100 tox\n|-hitcount|p2a: Ogerpon|6\n|\n|-damage|p2a: Ogerpon|69/100 tox|[from] psn\n|upkeep\n|turn|6\n|\n|t:|1695186637\n|switch|p1a: Mukbang|Dragonite, F, shiny|100/100\n|move|p2a: Ogerpon|Ivy Cudgel|p1a: Mukbang\n|-resisted|p1a: Mukbang\n|-damage|p1a: Mukbang|93/100\n|\n|-damage|p2a: Ogerpon|57/100 tox|[from] psn\n|upkeep\n|turn|7\n|\n|t:|1695186652\n|move|p2a: Ogerpon|Knock Off|p1a: Mukbang\n|-damage|p1a: Mukbang|59/100\n|-enditem|p1a: Mukbang|Choice Band|[from] move: Knock Off|[of] p2a: Ogerpon\n|move|p1a: Mukbang|Fire Punch|p2a: Ogerpon\n|-supereffective|p2a: Ogerpon\n|-damage|p2a: Ogerpon|0 fnt\n|faint|p2a: Ogerpon\n|\n|upkeep\n|\n|t:|1695186662\n|switch|p2a: Sneasler|Sneasler, F|100/100\n|-enditem|p2a: Sneasler|Electric Seed\n|-boost|p2a: Sneasler|def|1|[from] item: Electric Seed\n|turn|8\n|\n|t:|1695186670\n|move|p1a: Mukbang|Extreme Speed|p2a: Sneasler\n|-damage|p2a: Sneasler|69/100\n|move|p2a: Sneasler|Dire Claw|p1a: Mukbang\n|-damage|p1a: Mukbang|7/100\n|\n|-fieldend|move: Electric Terrain\n|upkeep\n|turn|9\n|\n|t:|1695186678\n|move|p1a: Mukbang|Extreme Speed|p2a: Sneasler\n|-damage|p2a: Sneasler|40/100\n|move|p2a: Sneasler|Dire Claw|p1a: Mukbang\n|-damage|p1a: Mukbang|0 fnt\n|faint|p1a: Mukbang\n|\n|upkeep\n|\n|t:|1695186694\n|switch|p1a: my washer|Rotom-Wash, shiny|100/100\n|turn|10\n|\n|t:|1695186706\n|move|p2a: Sneasler|Dire Claw|p1a: my washer\n|-damage|p1a: my washer|62/100\n|move|p1a: my washer|Volt Switch|p2a: Sneasler\n|-damage|p2a: Sneasler|11/100\n|\n|t:|1695186717\n|switch|p1a: Sire Pengu|Empoleon, M, shiny, tera:Ground|76/100|[from] Volt Switch\n|\n|upkeep\n|turn|11\n|\n|t:|1695186724\n|move|p2a: Sneasler|Close Combat|p1a: Sire Pengu\n|-damage|p1a: Sire Pengu|6/100\n|-unboost|p2a: Sneasler|def|1\n|-unboost|p2a: Sneasler|spd|1\n|move|p1a: Sire Pengu|Tera Blast|p2a: Sneasler\n|-supereffective|p2a: Sneasler\n|-damage|p2a: Sneasler|0 fnt\n|faint|p2a: Sneasler\n|\n|upkeep\n|\n|t:|1695186731\n|switch|p2a: Roaring Moon|Roaring Moon|100/100\n|-enditem|p2a: Roaring Moon|Booster Energy\n|-activate|p2a: Roaring Moon|ability: Protosynthesis|[fromitem]\n|-start|p2a: Roaring Moon|protosynthesisspe\n|turn|12\n|\n|t:|1695186739\n|move|p2a: Roaring Moon|Dragon Dance|p2a: Roaring Moon\n|-boost|p2a: Roaring Moon|atk|1\n|-boost|p2a: Roaring Moon|spe|1\n|move|p1a: Sire Pengu|Ice Beam|p2a: Roaring Moon\n|-supereffective|p2a: Roaring Moon\n|-crit|p2a: Roaring Moon\n|-damage|p2a: Roaring Moon|5/100\n|\n|upkeep\n|turn|13\n|\n|t:|1695186748\n|move|p2a: Roaring Moon|Knock Off|p1a: Sire Pengu\n|-damage|p1a: Sire Pengu|0 fnt\n|-enditem|p1a: Sire Pengu|Heavy-Duty Boots|[from] move: Knock Off|[of] p2a: Roaring Moon\n|faint|p1a: Sire Pengu\n|\n|upkeep\n|\n|t:|1695186753\n|switch|p1a: Smokey|Ursaluna-Bloodmoon, M|100/100\n|-damage|p1a: Smokey|88/100|[from] Spikes\n|turn|14\n|\n|t:|1695186757\n|move|p1a: Smokey|Vacuum Wave|p2a: Roaring Moon\n|-supereffective|p2a: Roaring Moon\n|-damage|p2a: Roaring Moon|0 fnt\n|faint|p2a: Roaring Moon\n|-end|p2a: Roaring Moon|Protosynthesis|[silent]\n|\n|-heal|p1a: Smokey|94/100|[from] item: Leftovers\n|upkeep\n|\n|t:|1695186759\n|switch|p2a: Iron Valiant|Iron Valiant|100/100\n|turn|15\n|\n|t:|1695186769\n|move|p2a: Iron Valiant|Close Combat|p1a: Smokey\n|-supereffective|p1a: Smokey\n|-damage|p1a: Smokey|0 fnt\n|-unboost|p2a: Iron Valiant|def|1\n|-unboost|p2a: Iron Valiant|spd|1\n|faint|p1a: Smokey\n|-damage|p2a: Iron Valiant|91/100|[from] item: Life Orb\n|\n|upkeep\n|\n|t:|1695186781\n|switch|p1a: Buggs|Cinderace, F|100/100\n|turn|16\n|\n|t:|1695186788\n|-end|p2a: Iron Valiant|Quark Drive|[silent]\n|switch|p2a: Pincurchin|Pincurchin, F|100/100\n|-fieldstart|move: Electric Terrain|[from] ability: Electric Surge|[of] p2a: Pincurchin\n|move|p1a: Buggs|Will-O-Wisp|p2a: Pincurchin\n|-status|p2a: Pincurchin|brn\n|\n|-damage|p2a: Pincurchin|94/100 brn|[from] brn\n|upkeep\n|turn|17\n|\n|t:|1695186796\n|move|p1a: Buggs|Court Change|p1a: Buggs\n|-swapsideconditions\n|-activate|p1a: Buggs|move: Court Change\n|move|p2a: Pincurchin|Memento|p1a: Buggs\n|-unboost|p1a: Buggs|atk|2\n|-unboost|p1a: Buggs|spa|2\n|faint|p2a: Pincurchin\n|\n|upkeep\n|\n|t:|1695186799\n|switch|p2a: Iron Valiant|Iron Valiant|91/100\n|-damage|p2a: Iron Valiant|78/100|[from] Spikes\n|-activate|p2a: Iron Valiant|ability: Quark Drive\n|-start|p2a: Iron Valiant|quarkdrivespe\n|turn|18\n|\n|t:|1695186809\n|switch|p1a: Fashion Birb|Fezandipiti, M, shiny|12/100\n|move|p2a: Iron Valiant|Close Combat|p1a: Fashion Birb\n|-resisted|p1a: Fashion Birb\n|-damage|p1a: Fashion Birb|0 fnt\n|-unboost|p2a: Iron Valiant|def|1\n|-unboost|p2a: Iron Valiant|spd|1\n|faint|p1a: Fashion Birb\n|-damage|p2a: Iron Valiant|69/100|[from] item: Life Orb\n|\n|upkeep\n|\n|t:|1695186817\n|switch|p1a: my washer|Rotom-Wash, shiny|62/100\n|turn|19\n|\n|t:|1695186843\n|move|p1a: my washer|Protect|p1a: my washer\n|-singleturn|p1a: my washer|Protect\n|move|p2a: Iron Valiant|Moonblast|p1a: my washer\n|-activate|p1a: my washer|move: Protect\n|\n|-heal|p1a: my washer|68/100|[from] item: Leftovers\n|upkeep\n|turn|20\n|\n|t:|1695186864\n|move|p1a: my washer|Protect|p1a: my washer\n|-singleturn|p1a: my washer|Protect\n|move|p2a: Iron Valiant|Thunderbolt|p1a: my washer\n|-activate|p1a: my washer|move: Protect\n|\n|-heal|p1a: my washer|74/100|[from] item: Leftovers\n|upkeep\n|turn|21\n|\n|t:|1695186877\n|move|p2a: Iron Valiant|Thunderbolt|p1a: my washer\n|-crit|p1a: my washer\n|-damage|p1a: my washer|8/100\n|-damage|p2a: Iron Valiant|59/100|[from] item: Life Orb\n|move|p1a: my washer|Thunder Wave|p2a: Iron Valiant\n|-status|p2a: Iron Valiant|par\n|\n|-heal|p1a: my washer|14/100|[from] item: Leftovers\n|upkeep\n|turn|22\n|\n|t:|1695186885\n|move|p1a: my washer|Protect|p1a: my washer\n|-singleturn|p1a: my washer|Protect\n|move|p2a: Iron Valiant|Thunderbolt|p1a: my washer\n|-activate|p1a: my washer|move: Protect\n|\n|-heal|p1a: my washer|20/100|[from] item: Leftovers\n|upkeep\n|turn|23\n|l|\u2606sun gawd APOLLO\n|player|p2|\n|inactive|Battle timer is ON: inactive players will automatically lose when time's up. (requested by tripsW)\n|inactive|sun gawd APOLLO has 30 seconds to reconnect!\n|inactive|sun gawd APOLLO has 20 seconds to reconnect!\n|inactive|sun gawd APOLLO has 15 seconds to reconnect!\n|inactive|sun gawd APOLLO has 10 seconds to reconnect!\n|inactive|sun gawd APOLLO has 5 seconds to reconnect!\n|-message|sun gawd APOLLO lost due to inactivity.\n|\n|win|tripsW\n|raw|tripsW's rating: 1164 &rarr; <strong>1182</strong><br />(+18 for winning)\n|raw|sun gawd APOLLO's rating: 1063 &rarr; <strong>1049</strong><br />(-14 for losing)\n", "uploadtime": 1695186994, "views": 7, "p1id": "tripsw", "p2id": "sungawdapollo", "formatid": "gen9ou", "rating": 1049, "private": 0, "password": ""}