{"id": "gen9ou-1947618090", "p1": "loch2009", "p2": "igyuyfxytc", "format": "gen9ou", "log": "|j|\u2606loch2009\n|j|\u2606igyuyfxytc\n|t:|1695178424\n|gametype|singles\n|player|p1|loch2009|lance|1023\n|player|p2|igyuyfxytc|blue|1000\n|teamsize|p1|6\n|teamsize|p2|2\n|gen|9\n|tier|[Gen 9] OU\n|rated|\n|rule|Sleep Clause Mod: Limit one foe put to sleep\n|rule|Species Clause: Limit one of each Pok\u00e9mon\n|rule|OHKO Clause: OHKO moves are banned\n|rule|Evasion Items Clause: Evasion items are banned\n|rule|Evasion Moves Clause: Evasion moves are banned\n|rule|Endless Battle Clause: Forcing endless battles is banned\n|rule|HP Percentage Mod: HP is shown in percentages\n|clearpoke\n|poke|p1|Cinderace, F|\n|poke|p1|Ogerpon-Wellspring, F|\n|poke|p1|Kingambit, M|\n|poke|p1|Dugtrio, M|\n|poke|p1|Ninetales-Alola, M|\n|poke|p1|Vikavolt, M|\n|poke|p2|Torterra, M|\n|poke|p2|Dugtrio, F|\n|teampreview\n|c|\u2606loch2009|im scared\n|\n|t:|1695178444\n|start\n|switch|p1a: Ogerpon|Ogerpon-Wellspring, F|100/100\n|switch|p2a: Dugtrio|Dugtrio, F|100/100\n|turn|1\n|\n|t:|1695178456\n|move|p2a: Dugtrio|Stealth Rock|p1a: Ogerpon\n|-sidestart|p1: loch2009|move: Stealth Rock\n|move|p1a: Ogerpon|Swords Dance|p1a: Ogerpon\n|-boost|p1a: Ogerpon|atk|2\n|\n|upkeep\n|turn|2\n|\n|t:|1695178461\n|move|p2a: Dugtrio|Charm|p1a: Ogerpon\n|-unboost|p1a: Ogerpon|atk|2\n|move|p1a: Ogerpon|Ivy Cudgel|p2a: Dugtrio\n|-supereffective|p2a: Dugtrio\n|-crit|p2a: Dugtrio\n|-enditem|p2a: Dugtrio|Focus Sash\n|-damage|p2a: Dugtrio|1/100\n|\n|upkeep\n|turn|3\n|\n|t:|1695178468\n|move|p2a: Dugtrio|Charm|p1a: Ogerpon\n|-unboost|p1a: Ogerpon|atk|2\n|move|p1a: Ogerpon|Ivy Cudgel|p2a: Dugtrio\n|-supereffective|p2a: Dugtrio\n|-damage|p2a: Dugtrio|0 fnt\n|faint|p2a: Dugtrio\n|\n|upkeep\n|\n|t:|1695178470\n|switch|p2a: Torterra|Torterra, M|100/100\n|turn|4\n|\n|t:|1695178474\n|move|p1a: Ogerpon|Swords Dance|p1a: Ogerpon\n|-boost|p1a: Ogerpon|atk|2\n|move|p2a: Torterra|Shell Smash|p2a: Torterra\n|-unboost|p2a: Torterra|def|1\n|-unboost|p2a: Torterra|spd|1\n|-boost|p2a: Torterra|atk|2\n|-boost|p2a: Torterra|spa|2\n|-boost|p2a: Torterra|spe|2\n|\n|upkeep\n|turn|5\n|\n|t:|1695178480\n|-terastallize|p1a: Ogerpon|Water\n|detailschange|p1a: Ogerpon|Ogerpon-Wellspring-Tera, F, tera:Water\n|-ability|p1a: Ogerpon|Embody Aspect (Wellspring)|boost\n|-boost|p1a: Ogerpon|spd|1\n|move|p2a: Torterra|Bullet Seed|p1a: Ogerpon\n|-supereffective|p1a: Ogerpon\n|-damage|p1a: Ogerpon|34/100\n|-supereffective|p1a: Ogerpon\n|-damage|p1a: Ogerpon|0 fnt\n|faint|p1a: Ogerpon\n|-hitcount|p1: Ogerpon|2\n|\n|upkeep\n|\n|t:|1695178490\n|switch|p1a: Vikavolt|Vikavolt, M|100/100\n|-damage|p1a: Vikavolt|76/100|[from] Stealth Rock\n|turn|6\n|\n|t:|1695178501\n|move|p2a: Torterra|Rock Blast|p1a: Vikavolt\n|-supereffective|p1a: Vikavolt\n|-damage|p1a: Vikavolt|41/100\n|-supereffective|p1a: Vikavolt\n|-damage|p1a: Vikavolt|7/100\n|-supereffective|p1a: Vikavolt\n|-damage|p1a: Vikavolt|0 fnt\n|faint|p1a: Vikavolt\n|-hitcount|p1: Vikavolt|3\n|\n|upkeep\n|\n|t:|1695178506\n|switch|p1a: Ninetales|Ninetales-Alola, M|100/100\n|-damage|p1a: Ninetales|76/100|[from] Stealth Rock\n|-weather|Snow|[from] ability: Snow Warning|[of] p1a: Ninetales\n|turn|7\n|\n|t:|1695178511\n|move|p2a: Torterra|Bullet Seed|p1a: Ninetales\n|-damage|p1a: Ninetales|50/100\n|-damage|p1a: Ninetales|26/100\n|-damage|p1a: Ninetales|0 fnt\n|faint|p1a: Ninetales\n|-hitcount|p1: Ninetales|3\n|\n|-weather|Snow|[upkeep]\n|upkeep\n|\n|t:|1695178513\n|switch|p1a: Cinderace|Cinderace, F|100/100\n|-damage|p1a: Cinderace|76/100|[from] Stealth Rock\n|turn|8\n|\n|t:|1695178518\n|move|p2a: Torterra|Rock Blast|p1a: Cinderace\n|-supereffective|p1a: Cinderace\n|-damage|p1a: Cinderace|26/100\n|-supereffective|p1a: Cinderace\n|-damage|p1a: Cinderace|0 fnt\n|faint|p1a: Cinderace\n|-hitcount|p1: Cinderace|2\n|\n|-weather|Snow|[upkeep]\n|upkeep\n|\n|t:|1695178521\n|switch|p1a: Kingambit|Kingambit, M|100/100\n|-damage|p1a: Kingambit|94/100|[from] Stealth Rock\n|-activate|p1a: Kingambit|ability: Supreme Overlord\n|-start|p1a: Kingambit|fallen4|[silent]\n|turn|9\n|\n|t:|1695178526\n|move|p1a: Kingambit|Sucker Punch|p2a: Torterra\n|-damage|p2a: Torterra|20/100\n|move|p2a: Torterra|Headlong Rush|p1a: Kingambit\n|-supereffective|p1a: Kingambit\n|-damage|p1a: Kingambit|0 fnt\n|-unboost|p2a: Torterra|def|1\n|-unboost|p2a: Torterra|spd|1\n|faint|p1a: Kingambit\n|-end|p1a: Kingambit|fallen4|[silent]\n|\n|-weather|Snow|[upkeep]\n|upkeep\n|c|\u2606loch2009|you win\n|\n|t:|1695178533\n|switch|p1a: Dugtrio|Dugtrio, M|100/100\n|-damage|p1a: Dugtrio|94/100|[from] Stealth Rock\n|turn|10\n|\n|t:|1695178539\n|move|p2a: Torterra|Bullet Seed|p1a: Dugtrio\n|-supereffective|p1a: Dugtrio\n|-damage|p1a: Dugtrio|0 fnt\n|faint|p1a: Dugtrio\n|-hitcount|p1: Dugtrio|1\n|\n|win|igyuyfxytc\n|raw|loch2009's rating: 1023 &rarr; <strong>1009</strong><br />(-14 for losing)\n|raw|igyuyfxytc's rating: 1000 &rarr; <strong>1043</strong><br />(+43 for winning)\n|c|\u2606loch2009|gg\n|l|\u2606loch2009\n", "uploadtime": 1695178573, "views": 2, "p1id": "loch2009", "p2id": "igyuyfxytc", "formatid": "gen9ou", "rating": 1009, "private": 0, "password": ""}