{"id": "gen9ou-1947566955", "p1": "ItadoriYujl", "p2": "mc rapper 3", "format": "gen9ou", "log": "|j|\u2606ItadoriYujl\n|j|\u2606mc rapper 3\n|t:|1695173260\n|gametype|singles\n|player|p1|ItadoriYujl|ghetsis|\n|player|p2|mc rapper 3|az|\n|teamsize|p1|6\n|teamsize|p2|6\n|gen|9\n|tier|[Gen 9] OU\n|rule|Sleep Clause Mod: Limit one foe put to sleep\n|rule|Species Clause: Limit one of each Pok\u00e9mon\n|rule|OHKO Clause: OHKO moves are banned\n|rule|Evasion Items Clause: Evasion items are banned\n|rule|Evasion Moves Clause: Evasion moves are banned\n|rule|Endless Battle Clause: Forcing endless battles is banned\n|rule|HP Percentage Mod: HP is shown in percentages\n|clearpoke\n|poke|p1|Dragapult, M|\n|poke|p1|Chansey, F|\n|poke|p1|Iron Valiant|\n|poke|p1|Munkidori, M|\n|poke|p1|Kleavor, M|\n|poke|p1|Ogerpon-Cornerstone, F|\n|poke|p2|Torkoal, M|\n|poke|p2|Ogerpon-Hearthflame, F|\n|poke|p2|Roaring Moon|\n|poke|p2|Walking Wake|\n|poke|p2|Hatterene, F|\n|poke|p2|Iron Moth|\n|teampreview\n|inactive|Battle timer is ON: inactive players will automatically lose when time's up. (requested by mc rapper 3)\n|j| Vit5ugk\n|\n|t:|1695173282\n|start\n|switch|p1a: Ogerpon|Ogerpon-Cornerstone, F, shiny|100/100\n|switch|p2a: Roaring Moon|Roaring Moon|100/100\n|turn|1\n|\n|t:|1695173295\n|move|p2a: Roaring Moon|U-turn|p1a: Ogerpon\n|-supereffective|p1a: Ogerpon\n|-crit|p1a: Ogerpon\n|-damage|p1a: Ogerpon|1/100\n|c|\u2606ItadoriYujl|ROAAAAAR.\n|\n|t:|1695173306\n|-end|p2a: Roaring Moon|Protosynthesis|[silent]\n|switch|p2a: Hatterene|Hatterene, F|100/100|[from] U-turn\n|move|p1a: Ogerpon|Leech Seed|p2a: Hatterene\n|move|p2a: Hatterene|Leech Seed|p1a: Ogerpon|[from]ability: Magic Bounce\n|-immune|p1a: Ogerpon\n|\n|upkeep\n|turn|2\n|c|\u2606ItadoriYujl|Venha\n|c| Vit5ugk|venha\n|c|\u2606ItadoriYujl|Nada poggers...\n|\n|t:|1695173330\n|move|p1a: Ogerpon|Horn Leech|p2a: Hatterene\n|-damage|p2a: Hatterene|53/100\n|-heal|p1a: Ogerpon|26/100|[from] drain|[of] p2a: Hatterene\n|-enditem|p2a: Hatterene|Eject Button\n|c| Vit5ugk|nem um pouco poggers\n|c|\u2606ItadoriYujl|SAIA HATTERENE\n|c|\u2606ItadoriYujl|\ud83d\udd4a\ufe0f\ud83d\udd4a\ufe0f\n|c|\u2606ItadoriYujl|\u00e9 tudo pelo meu sonho\n|c|\u2606ItadoriYujl|o bem vencer o mal\n|c| Vit5ugk|oukey\n|inactive|mc rapper 3 has 270 seconds left.\n|\n|t:|1695173361\n|switch|p2a: Iron Moth|Iron Moth|100/100\n|-enditem|p2a: Iron Moth|Booster Energy\n|-activate|p2a: Iron Moth|ability: Quark Drive|[fromitem]\n|-start|p2a: Iron Moth|quarkdrivespe\n|\n|upkeep\n|turn|3\n|inactive|mc rapper 3 has 270 seconds left.\n|\n|t:|1695173376\n|switch|p1a: Munkidori|Munkidori, M|100/100\n|move|p2a: Iron Moth|Fiery Dance|p1a: Munkidori\n|-damage|p1a: Munkidori|49/100\n|-boost|p2a: Iron Moth|spa|1\n|\n|-status|p1a: Munkidori|brn|[from] item: Flame Orb\n|upkeep\n|turn|4\n|\n|t:|1695173386\n|move|p2a: Iron Moth|Fiery Dance|p1a: Munkidori\n|-damage|p1a: Munkidori|0 fnt\n|faint|p1a: Munkidori\n|\n|upkeep\n|\n|t:|1695173392\n|switch|p1a: Dragapult|Dragapult, M, shiny|100/100\n|turn|5\n|inactive|mc rapper 3 has 270 seconds left.\n|c|\u2606ItadoriYujl|N vou usar Draco\n|\n|t:|1695173433\n|-terastallize|p1a: Dragapult|Dragon\n|move|p2a: Iron Moth|Substitute|p2a: Iron Moth\n|-start|p2a: Iron Moth|Substitute\n|-damage|p2a: Iron Moth|76/100\n|move|p1a: Dragapult|Shadow Ball|p2a: Iron Moth\n|-end|p2a: Iron Moth|Substitute\n|\n|upkeep\n|turn|6\n|c| Vit5ugk|ae itadori\n|c| Vit5ugk|vem na m\u00e3o dps dessa\n|\n|t:|1695173451\n|-end|p2a: Iron Moth|Quark Drive|[silent]\n|switch|p2a: Roaring Moon|Roaring Moon|100/100\n|move|p1a: Dragapult|Shadow Ball|p2a: Roaring Moon\n|-resisted|p2a: Roaring Moon\n|-damage|p2a: Roaring Moon|83/100\n|-unboost|p2a: Roaring Moon|spd|1\n|\n|upkeep\n|turn|7\n|\n|t:|1695173459\n|switch|p1a: Chansey|Chansey, F|100/100\n|move|p2a: Roaring Moon|Knock Off|p1a: Chansey\n|-damage|p1a: Chansey|65/100\n|-enditem|p1a: Chansey|Eviolite|[from] move: Knock Off|[of] p2a: Roaring Moon\n|\n|upkeep\n|turn|8\n|c|\u2606ItadoriYujl|T\u00e1\n|\n|t:|1695173467\n|-end|p2a: Roaring Moon|Protosynthesis|[silent]\n|switch|p2a: Hatterene|Hatterene, F|53/100\n|move|p1a: Chansey|Thunder Wave|p2a: Hatterene\n|move|p2a: Hatterene|Thunder Wave|p1a: Chansey|[from]ability: Magic Bounce\n|-status|p1a: Chansey|par\n|\n|upkeep\n|turn|9\n|\n|t:|1695173475\n|-curestatus|p1a: Chansey|par|[from] ability: Natural Cure\n|switch|p1a: Ogerpon|Ogerpon-Cornerstone, F, shiny|26/100\n|move|p2a: Hatterene|Nuzzle|p1a: Ogerpon\n|-resisted|p1a: Ogerpon\n|-damage|p1a: Ogerpon|23/100\n|-status|p1a: Ogerpon|par\n|\n|upkeep\n|turn|10\n|\n|t:|1695173484\n|move|p1a: Ogerpon|Horn Leech|p2a: Hatterene\n|-crit|p2a: Hatterene\n|-damage|p2a: Hatterene|0 fnt\n|-heal|p1a: Ogerpon|51/100 par|[from] drain|[of] p2a: Hatterene\n|faint|p2a: Hatterene\n|\n|upkeep\n|\n|t:|1695173489\n|switch|p2a: Roaring Moon|Roaring Moon|83/100\n|turn|11\n|c|\u2606ItadoriYujl|\u00c9 tudo pelos meus haxes\n|\n|t:|1695173494\n|switch|p1a: Chansey|Chansey, F|65/100\n|move|p2a: Roaring Moon|U-turn|p1a: Chansey\n|-damage|p1a: Chansey|43/100\n|\n|t:|1695173503\n|-end|p2a: Roaring Moon|Protosynthesis|[silent]\n|switch|p2a: Ogerpon|Ogerpon-Hearthflame, F|100/100|[from] U-turn\n|-ability|p2a: Ogerpon|Mold Breaker\n|\n|upkeep\n|turn|12\n|\n|t:|1695173511\n|move|p2a: Ogerpon|Trailblaze|p1a: Chansey\n|-damage|p1a: Chansey|16/100\n|-boost|p2a: Ogerpon|spe|1\n|move|p1a: Chansey|Thunder Wave|p2a: Ogerpon\n|-status|p2a: Ogerpon|par\n|\n|upkeep\n|turn|13\n|\n|t:|1695173525\n|cant|p2a: Ogerpon|par\n|move|p1a: Chansey|Soft-Boiled|p1a: Chansey\n|-heal|p1a: Chansey|66/100\n|\n|upkeep\n|turn|14\n|c|\u2606ItadoriYujl|HAXES CAMINHAM COMIGO\n|\n|t:|1695173535\n|cant|p2a: Ogerpon|par\n|move|p1a: Chansey|Seismic Toss|p2a: Ogerpon\n|-damage|p2a: Ogerpon|67/100 par\n|\n|upkeep\n|turn|15\n|\n|t:|1695173538\n|move|p2a: Ogerpon|Trailblaze|p1a: Chansey\n|-damage|p1a: Chansey|40/100\n|-boost|p2a: Ogerpon|spe|1\n|move|p1a: Chansey|Seismic Toss|p2a: Ogerpon\n|-damage|p2a: Ogerpon|34/100 par\n|\n|upkeep\n|turn|16\n|\n|t:|1695173541\n|-terastallize|p2a: Ogerpon|Fire\n|detailschange|p2a: Ogerpon|Ogerpon-Hearthflame-Tera, F, tera:Fire\n|-ability|p2a: Ogerpon|Embody Aspect (Hearthflame)|boost\n|-boost|p2a: Ogerpon|atk|1\n|move|p2a: Ogerpon|Ivy Cudgel|p1a: Chansey\n|-damage|p1a: Chansey|0 fnt\n|faint|p1a: Chansey\n|\n|upkeep\n|c|\u2606ItadoriYujl|Aff desumilde\n|\n|t:|1695173556\n|switch|p1a: Dragapult|Dragapult, M, shiny, tera:Dragon|100/100\n|turn|17\n|\n|t:|1695173561\n|move|p1a: Dragapult|Shadow Ball|p2a: Ogerpon\n|-damage|p2a: Ogerpon|0 fnt\n|faint|p2a: Ogerpon\n|\n|upkeep\n|\n|t:|1695173564\n|switch|p2a: Roaring Moon|Roaring Moon|83/100\n|turn|18\n|\n|t:|1695173572\n|switch|p1a: Iron Valiant|Iron Valiant, shiny|100/100\n|move|p2a: Roaring Moon|U-turn|p1a: Iron Valiant\n|-resisted|p1a: Iron Valiant\n|-damage|p1a: Iron Valiant|93/100\n|\n|t:|1695173578\n|-end|p2a: Roaring Moon|Protosynthesis|[silent]\n|switch|p2a: Iron Moth|Iron Moth|76/100|[from] U-turn\n|\n|upkeep\n|turn|19\n|\n|t:|1695173587\n|-end|p1a: Iron Valiant|Quark Drive|[silent]\n|switch|p1a: Kleavor|Kleavor, M|100/100\n|move|p2a: Iron Moth|Substitute|p2a: Iron Moth\n|-start|p2a: Iron Moth|Substitute\n|-damage|p2a: Iron Moth|51/100\n|\n|upkeep\n|turn|20\n|\n|t:|1695173590\n|move|p2a: Iron Moth|Fiery Dance|p1a: Kleavor\n|-damage|p1a: Kleavor|34/100\n|-boost|p2a: Iron Moth|spa|1\n|move|p1a: Kleavor|Stone Axe|p2a: Iron Moth\n|-supereffective|p2a: Iron Moth\n|-crit|p2a: Iron Moth\n|-end|p2a: Iron Moth|Substitute\n|-sidestart|p2: mc rapper 3|move: Stealth Rock\n|\n|upkeep\n|turn|21\n|\n|t:|1695173599\n|move|p2a: Iron Moth|Fiery Dance|p1a: Kleavor\n|-damage|p1a: Kleavor|0 fnt\n|-boost|p2a: Iron Moth|spa|1\n|faint|p1a: Kleavor\n|\n|upkeep\n|c|\u2606ItadoriYujl|Deu certo o plano\n|\n|t:|1695173604\n|switch|p1a: Dragapult|Dragapult, M, shiny, tera:Dragon|100/100\n|turn|22\n|\n|t:|1695173623\n|move|p1a: Dragapult|Draco Meteor|p2a: Iron Moth|[miss]\n|-miss|p1a: Dragapult|p2a: Iron Moth\n|move|p2a: Iron Moth|Sludge Wave|p1a: Dragapult\n|-damage|p1a: Dragapult|0 fnt\n|faint|p1a: Dragapult\n|\n|upkeep\n|c|\u2606ItadoriYujl|N\u00e3o deu certo\n|c|\u2606ItadoriYujl|Repito\n|c| Vit5ugk|kkkkkkkkkkk\n|c|\u2606ItadoriYujl|N\u00e3o deu certo\n|\n|t:|1695173648\n|switch|p1a: Iron Valiant|Iron Valiant, shiny|93/100\n|turn|23\n|c| Vit5ugk|s\u00f3 pkmn novo\n|\n|t:|1695173656\n|move|p1a: Iron Valiant|Thunderbolt|p2a: Iron Moth\n|-damage|p2a: Iron Moth|21/100\n|move|p2a: Iron Moth|Sludge Wave|p1a: Iron Valiant\n|-supereffective|p1a: Iron Valiant\n|-damage|p1a: Iron Valiant|0 fnt\n|faint|p1a: Iron Valiant\n|-end|p1a: Iron Valiant|Quark Drive|[silent]\n|\n|upkeep\n|c|\u2606ItadoriYujl|Querem acabar com minha gra\u00e7a\n|\n|t:|1695173664\n|switch|p1a: Ogerpon|Ogerpon-Cornerstone, F, shiny|51/100 par\n|turn|24\n|\n|t:|1695173670\n|move|p2a: Iron Moth|Sludge Wave|p1a: Ogerpon\n|-damage|p1a: Ogerpon|0 fnt\n|faint|p1a: Ogerpon\n|\n|win|mc rapper 3\n|l|\u2606mc rapper 3\n|l|\u2606ItadoriYujl\n|c| Vit5ugk|t\u00e1 torcendo contra o teu progresso\n|j|\u2606mc rapper 3\n|player|p2|mc rapper 3|az\n", "uploadtime": 1695173700, "views": 3, "p1id": "itadoriyujl", "p2id": "mcrapper3", "formatid": "gen9ou", "rating": 0, "private": 0, "password": ""}