{"id": "gen9ou-1947500088", "p1": "mcp3", "p2": "mlgpokeballer", "format": "gen9ou", "log": "|j|\u2606mcp3\n|j|\u2606mlgpokeballer\n|inactive|Battle timer is ON: inactive players will automatically lose when time's up.\n|t:|1695166720\n|gametype|singles\n|player|p1|mcp3|sage|\n|player|p2|mlgpokeballer|crasherwake|\n|teamsize|p1|6\n|teamsize|p2|6\n|gen|9\n|tier|[Gen 9] OU\n|rated|Tournament battle\n|rule|Sleep Clause Mod: Limit one foe put to sleep\n|rule|Species Clause: Limit one of each Pok\u00e9mon\n|rule|OHKO Clause: OHKO moves are banned\n|rule|Evasion Items Clause: Evasion items are banned\n|rule|Evasion Moves Clause: Evasion moves are banned\n|rule|Endless Battle Clause: Forcing endless battles is banned\n|rule|HP Percentage Mod: HP is shown in percentages\n|clearpoke\n|poke|p1|Landorus-Therian, M|\n|poke|p1|Samurott-Hisui, M|\n|poke|p1|Rillaboom, F|\n|poke|p1|Heatran, M|\n|poke|p1|Dragapult, F|\n|poke|p1|Weezing-Galar, M|\n|poke|p2|Ogerpon-Hearthflame, F|\n|poke|p2|Torkoal, M|\n|poke|p2|Walking Wake|\n|poke|p2|Hatterene, F|\n|poke|p2|Great Tusk|\n|poke|p2|Enamorus, F|\n|teampreview\n|j| InvejaMata\n|j| johto adventures!\n|j| yomaalt\n|c|\u2606mcp3|hf\n|j| DefinitelyDani\n|j| Shucklepilled\n|j| foobadoo\n|j| Onencraomg\n|j| Beingtoolazytowork\n|c| yomaalt|wow\n|j| MikeFlem12326171\n|c|\u2606mlgpokeballer|hf\n|j| Dixie Ject\n|j| ouzdsuicune\n|c| yomaalt|mcp3 actually in finals\n|l| Onencraomg\n|c|\u2606mcp3|LOL\n|\n|t:|1695166744\n|start\n|switch|p1a: Weezing|Weezing-Galar, M|100/100\n|switch|p2a: Walking Wake|Walking Wake|100/100\n|-ability|p1a: Weezing|Neutralizing Gas\n|turn|1\n|j| lizardlord\n|j|+Pinkacross\n|c| yomaalt|and not in real finals??\n|c|\u2606mcp3|in a tour that isnt gen 8\n|c| yomaalt|impossible\n|j| sandveil10\n|c|\u2606mcp3|crazy\n|c| yomaalt|ONG\n|j|+Notater517\n|\n|t:|1695166754\n|-end|p1a: Weezing|ability: Neutralizing Gas\n|switch|p1a: Rillaboom|Rillaboom, F|100/100\n|-fieldstart|move: Grassy Terrain|[from] ability: Grassy Surge|[of] p1a: Rillaboom\n|move|p2a: Walking Wake|Hydro Steam|p1a: Rillaboom\n|-resisted|p1a: Rillaboom\n|-damage|p1a: Rillaboom|69/100\n|-damage|p2a: Walking Wake|90/100|[from] item: Life Orb\n|\n|-heal|p2a: Walking Wake|97/100|[from] Grassy Terrain\n|-heal|p1a: Rillaboom|75/100|[from] Grassy Terrain\n|upkeep\n|turn|2\n|j| Brucey_Bruce\n|\n|t:|1695166763\n|-end|p2a: Walking Wake|Protosynthesis|[silent]\n|switch|p2a: Ogerpon|Ogerpon-Hearthflame, F|100/100\n|-ability|p2a: Ogerpon|Mold Breaker\n|switch|p1a: Weezing|Weezing-Galar, M|100/100\n|-ability|p1a: Weezing|Neutralizing Gas\n|\n|upkeep\n|turn|3\n|j| GiantStonker\n|\n|t:|1695166767\n|move|p2a: Ogerpon|U-turn|p1a: Weezing\n|-resisted|p1a: Weezing\n|-damage|p1a: Weezing|96/100\n|\n|t:|1695166772\n|switch|p2a: Walking Wake|Walking Wake|97/100|[from] U-turn\n|move|p1a: Weezing|Toxic Spikes|p2a: Walking Wake\n|-sidestart|p2: mlgpokeballer|move: Toxic Spikes\n|\n|-heal|p2a: Walking Wake|100/100|[from] Grassy Terrain\n|-heal|p1a: Weezing|100/100|[from] Grassy Terrain\n|upkeep\n|turn|4\n|j| Coronet077\n|j| Zombini62\n|\n|t:|1695166779\n|-end|p1a: Weezing|ability: Neutralizing Gas\n|switch|p1a: Samurott|Samurott-Hisui, M|100/100\n|move|p2a: Walking Wake|Flamethrower|p1a: Samurott\n|-resisted|p1a: Samurott\n|-damage|p1a: Samurott|80/100\n|-damage|p2a: Walking Wake|90/100|[from] item: Life Orb\n|\n|-heal|p2a: Walking Wake|97/100|[from] Grassy Terrain\n|-heal|p1a: Samurott|86/100|[from] Grassy Terrain\n|upkeep\n|turn|5\n|\n|t:|1695166786\n|move|p2a: Walking Wake|Draco Meteor|p1a: Samurott\n|-damage|p1a: Samurott|0 fnt\n|-unboost|p2a: Walking Wake|spa|2\n|faint|p1a: Samurott\n|-damage|p2a: Walking Wake|87/100|[from] item: Life Orb\n|\n|-heal|p2a: Walking Wake|93/100|[from] Grassy Terrain\n|-fieldend|move: Grassy Terrain\n|upkeep\n|j| Roykim63\n|j| homerac\n|\n|t:|1695166800\n|switch|p1a: Dragapult|Dragapult, F|100/100\n|turn|6\n|l| Roykim63\n|\n|t:|1695166805\n|-end|p2a: Walking Wake|Protosynthesis|[silent]\n|switch|p2a: Enamorus|Enamorus, F|100/100\n|-terastallize|p1a: Dragapult|Ghost\n|move|p1a: Dragapult|Shadow Ball|p2a: Enamorus\n|-damage|p2a: Enamorus|0 fnt\n|faint|p2a: Enamorus\n|\n|upkeep\n|j| kenchinjiru\n|\n|t:|1695166816\n|switch|p2a: Ogerpon|Ogerpon-Hearthflame, F|100/100\n|-status|p2a: Ogerpon|psn\n|-ability|p2a: Ogerpon|Mold Breaker\n|turn|7\n|\n|t:|1695166819\n|switch|p1a: Landorus|Landorus-Therian, M|100/100\n|-ability|p1a: Landorus|Intimidate|boost\n|-unboost|p2a: Ogerpon|atk|1\n|move|p2a: Ogerpon|Knock Off|p1a: Landorus\n|-damage|p1a: Landorus|83/100\n|-damage|p2a: Ogerpon|84/100 psn|[from] item: Rocky Helmet|[of] p1a: Landorus\n|-enditem|p1a: Landorus|Rocky Helmet|[from] move: Knock Off|[of] p2a: Ogerpon\n|\n|-damage|p2a: Ogerpon|72/100 psn|[from] psn\n|upkeep\n|turn|8\n|l| lizardlord\n|\n|t:|1695166823\n|move|p2a: Ogerpon|U-turn|p1a: Landorus\n|-resisted|p1a: Landorus\n|-damage|p1a: Landorus|77/100\n|\n|t:|1695166826\n|switch|p2a: Hatterene|Hatterene, F, shiny|100/100|[from] U-turn\n|-status|p2a: Hatterene|psn\n|move|p1a: Landorus|U-turn|p2a: Hatterene\n|-damage|p2a: Hatterene|83/100 psn\n|\n|t:|1695166830\n|switch|p1a: Dragapult|Dragapult, F, tera:Ghost|100/100|[from] U-turn\n|\n|-heal|p2a: Hatterene|89/100 psn|[from] item: Leftovers\n|-damage|p2a: Hatterene|76/100 psn|[from] psn\n|upkeep\n|turn|9\n|j| prince5\n|l| prince5\n|j| prince5\n|j| Roykim63\n|c| yomaalt|Ok who do we sack\n|c|\u2606mlgpokeballer|yes\n|j| Onencraomg\n|\n|t:|1695166857\n|-terastallize|p2a: Hatterene|Water\n|move|p1a: Dragapult|Shadow Ball|p2a: Hatterene\n|-damage|p2a: Hatterene|9/100 psn\n|move|p2a: Hatterene|Nuzzle|p1a: Dragapult\n|-damage|p1a: Dragapult|95/100\n|-status|p1a: Dragapult|par\n|\n|-heal|p2a: Hatterene|15/100 psn|[from] item: Leftovers\n|-damage|p2a: Hatterene|3/100 psn|[from] psn\n|upkeep\n|turn|10\n|l| Roykim63\n|c| yomaalt|tech\n|\n|t:|1695166867\n|cant|p1a: Dragapult|par\n|move|p2a: Hatterene|Draining Kiss|p1a: Dragapult\n|-damage|p1a: Dragapult|63/100 par\n|-heal|p2a: Hatterene|27/100 psn|[from] drain|[of] p1a: Dragapult\n|\n|-heal|p2a: Hatterene|33/100 psn|[from] item: Leftovers\n|-damage|p2a: Hatterene|21/100 psn|[from] psn\n|upkeep\n|turn|11\n|c| foobadoo|plays\n|c| yomaalt|winnable now\n|\n|t:|1695166872\n|cant|p1a: Dragapult|par\n|move|p2a: Hatterene|Draining Kiss|p1a: Dragapult\n|-damage|p1a: Dragapult|30/100 par\n|-heal|p2a: Hatterene|45/100 psn|[from] drain|[of] p1a: Dragapult\n|\n|-heal|p2a: Hatterene|51/100 psn|[from] item: Leftovers\n|-damage|p2a: Hatterene|39/100 psn|[from] psn\n|upkeep\n|turn|12\n|c| yomaalt|ogerpon simply wins now fr\n|j| Hatlas_88\n|j| NamaeNoNaiKaibutsu\n|c|\u2606mlgpokeballer|i gambled it all lol\n|\n|t:|1695166882\n|move|p1a: Dragapult|Shadow Ball|p2a: Hatterene\n|-damage|p2a: Hatterene|0 fnt\n|faint|p2a: Hatterene\n|\n|upkeep\n|c| yomaalt|it was a gamble and bro won\n|c| yomaalt|congrats\n|\n|t:|1695166890\n|switch|p2a: Great Tusk|Great Tusk, shiny|100/100\n|-status|p2a: Great Tusk|psn\n|-enditem|p2a: Great Tusk|Booster Energy\n|-activate|p2a: Great Tusk|ability: Protosynthesis|[fromitem]\n|-start|p2a: Great Tusk|protosynthesisspe\n|turn|13\n|\n|t:|1695166895\n|switch|p1a: Landorus|Landorus-Therian, M|77/100\n|-ability|p1a: Landorus|Intimidate|boost\n|-unboost|p2a: Great Tusk|atk|1\n|move|p2a: Great Tusk|Ice Spinner|p1a: Landorus\n|-supereffective|p1a: Landorus\n|-damage|p1a: Landorus|36/100\n|\n|-damage|p2a: Great Tusk|88/100 psn|[from] psn\n|upkeep\n|turn|14\n|c| yomaalt|SD pon pretty much wins now\n|j| Docter_Peng99\n|l| Docter_Peng99\n|l| kenchinjiru\n|c|\u2606mlgpokeballer|it would if i had SD\n|j| Kaora 55\n|c| yomaalt|it's so over\n|c| yomaalt|we're never coming back from this one\n|c|\u2606mlgpokeballer|lmao\n|\n|t:|1695166925\n|switch|p1a: Dragapult|Dragapult, F, tera:Ghost|30/100 par\n|move|p2a: Great Tusk|Bulk Up|p2a: Great Tusk\n|-boost|p2a: Great Tusk|atk|1\n|-boost|p2a: Great Tusk|def|1\n|\n|-damage|p2a: Great Tusk|76/100 psn|[from] psn\n|upkeep\n|turn|15\n|c| yomaalt|does sun give enough of a boost\n|l|+Notater517\n|c|\u2606mlgpokeballer|maybe?\n|j| zReptar\n|c| yomaalt|that brother is tusk is dying in 3 minutes\n|\n|t:|1695166943\n|switch|p1a: Heatran|Heatran, M|100/100\n|move|p2a: Great Tusk|Ice Spinner|p1a: Heatran\n|-resisted|p1a: Heatran\n|-damage|p1a: Heatran|96/100\n|\n|-heal|p1a: Heatran|100/100|[from] item: Leftovers\n|-damage|p2a: Great Tusk|63/100 psn|[from] psn\n|upkeep\n|turn|16\n|\n|t:|1695166949\n|move|p1a: Heatran|Protect|p1a: Heatran\n|-singleturn|p1a: Heatran|Protect\n|move|p2a: Great Tusk|Headlong Rush|p1a: Heatran\n|-activate|p1a: Heatran|move: Protect\n|\n|-damage|p2a: Great Tusk|51/100 psn|[from] psn\n|upkeep\n|turn|17\n|c| yomaalt|oh dawg it's so over\n|c| yomaalt|this why we run headlong\n|c|\u2606mlgpokeballer|its joever\n|j| kevi2000\n|\n|t:|1695166961\n|switch|p1a: Landorus|Landorus-Therian, M|36/100\n|-ability|p1a: Landorus|Intimidate|boost\n|-unboost|p2a: Great Tusk|atk|1\n|move|p2a: Great Tusk|Close Combat|p1a: Landorus\n|-resisted|p1a: Landorus\n|-damage|p1a: Landorus|24/100\n|-unboost|p2a: Great Tusk|def|1\n|-unboost|p2a: Great Tusk|spd|1\n|\n|-damage|p2a: Great Tusk|38/100 psn|[from] psn\n|upkeep\n|turn|18\n|l| Dixie Ject\n|c| yomaalt|nvm this why we headlong on the tera ghost pult\n|l| kevi2000\n|inactive|mcp3 has 120 seconds left.\n|c| yomaalt|brother is getting stalled\n|c| yomaalt|great fraud\n|\n|t:|1695166989\n|move|p2a: Great Tusk|Bulk Up|p2a: Great Tusk\n|-boost|p2a: Great Tusk|atk|1\n|-boost|p2a: Great Tusk|def|1\n|move|p1a: Landorus|Stealth Rock|p2a: Great Tusk\n|-sidestart|p2: mlgpokeballer|move: Stealth Rock\n|\n|-damage|p2a: Great Tusk|26/100 psn|[from] psn\n|upkeep\n|turn|19\n|inactive|mcp3 has 120 seconds left.\n|j| Investingolive\n|c|\u2606mcp3|never count out the outplay\n|\n|t:|1695167009\n|switch|p1a: Weezing|Weezing-Galar, M|100/100\n|-ability|p1a: Weezing|Neutralizing Gas\n|move|p2a: Great Tusk|Headlong Rush|p1a: Weezing\n|-supereffective|p1a: Weezing\n|-damage|p1a: Weezing|33/100\n|-unboost|p2a: Great Tusk|def|1\n|-unboost|p2a: Great Tusk|spd|1\n|\n|-heal|p1a: Weezing|39/100|[from] item: Leftovers\n|-damage|p2a: Great Tusk|13/100 psn|[from] psn\n|upkeep\n|turn|20\n|c|\u2606mcp3|ever\n|\n|t:|1695167024\n|-end|p1a: Weezing|ability: Neutralizing Gas\n|switch|p1a: Landorus|Landorus-Therian, M|24/100\n|-ability|p1a: Landorus|Intimidate|boost\n|-unboost|p2a: Great Tusk|atk|1\n|move|p2a: Great Tusk|Ice Spinner|p1a: Landorus\n|-supereffective|p1a: Landorus\n|-damage|p1a: Landorus|0 fnt\n|faint|p1a: Landorus\n|\n|-damage|p2a: Great Tusk|1/100 psn|[from] psn\n|upkeep\n|c| yomaalt|levitare where\n|c| yomaalt|damn\n|\n|t:|1695167032\n|switch|p1a: Rillaboom|Rillaboom, F|75/100\n|-fieldstart|move: Grassy Terrain|[from] ability: Grassy Surge|[of] p1a: Rillaboom\n|turn|21\n|c| yomaalt|you got played....\n|\n|t:|1695167036\n|move|p1a: Rillaboom|Grassy Glide|p2a: Great Tusk\n|-supereffective|p2a: Great Tusk\n|-damage|p2a: Great Tusk|0 fnt\n|faint|p2a: Great Tusk\n|-end|p2a: Great Tusk|Protosynthesis|[silent]\n|-damage|p1a: Rillaboom|65/100|[from] item: Life Orb\n|\n|-heal|p1a: Rillaboom|71/100|[from] Grassy Terrain\n|upkeep\n|\n|t:|1695167039\n|switch|p2a: Torkoal|Torkoal, M, shiny|100/100\n|-status|p2a: Torkoal|psn\n|-damage|p2a: Torkoal|76/100 psn|[from] Stealth Rock\n|-weather|SunnyDay|[from] ability: Drought|[of] p2a: Torkoal\n|turn|22\n|\n|t:|1695167046\n|switch|p1a: Heatran|Heatran, M|100/100\n|move|p2a: Torkoal|Lava Plume|p1a: Heatran\n|-start|p1a: Heatran|ability: Flash Fire\n|\n|-weather|SunnyDay|[upkeep]\n|-heal|p2a: Torkoal|82/100 psn|[from] Grassy Terrain\n|-damage|p2a: Torkoal|70/100 psn|[from] psn\n|upkeep\n|turn|23\n|\n|t:|1695167048\n|-end|p1a: Heatran|ability: Flash Fire|[silent]\n|switch|p1a: Dragapult|Dragapult, F, tera:Ghost|30/100 par\n|move|p2a: Torkoal|Rapid Spin|p1a: Dragapult\n|-immune|p1a: Dragapult\n|\n|-weather|SunnyDay|[upkeep]\n|-heal|p1a: Dragapult|36/100 par|[from] Grassy Terrain\n|-heal|p2a: Torkoal|76/100 psn|[from] Grassy Terrain\n|-damage|p2a: Torkoal|63/100 psn|[from] psn\n|upkeep\n|turn|24\n|c| yomaalt|CAN OGERPON DO I\n|c|\u2606mcp3|ever in ur life\n|c|\u2606mlgpokeballer|no lol\n|c| yomaalt|NVM BRO TRAN GOT THE FIRE BOOST IT'S OVER\n|c|\u2606mcp3|count it out\n|c| yomaalt|BRO IS GETTING GOODBED\n|j| Learner Moku\n|\n|t:|1695167063\n|move|p1a: Dragapult|Shadow Ball|p2a: Torkoal\n|-damage|p2a: Torkoal|0 fnt\n|faint|p2a: Torkoal\n|\n|-weather|SunnyDay|[upkeep]\n|-heal|p1a: Dragapult|42/100 par|[from] Grassy Terrain\n|upkeep\n|c| yomaalt|CAN WAKE DO IT????\n|c|\u2606mlgpokeballer|i dont even have tera lol\n|\n|t:|1695167070\n|switch|p2a: Ogerpon|Ogerpon-Hearthflame, F|72/100 psn\n|-damage|p2a: Ogerpon|47/100 psn|[from] Stealth Rock\n|-ability|p2a: Ogerpon|Mold Breaker\n|turn|25\n|\n|t:|1695167073\n|move|p2a: Ogerpon|Ivy Cudgel|p1a: Dragapult\n|-damage|p1a: Dragapult|0 fnt\n|faint|p1a: Dragapult\n|\n|-weather|SunnyDay|[upkeep]\n|-heal|p2a: Ogerpon|53/100 psn|[from] Grassy Terrain\n|-damage|p2a: Ogerpon|40/100 psn|[from] psn\n|-fieldend|move: Grassy Terrain\n|upkeep\n|l| NamaeNoNaiKaibutsu\n|c|\u2606mlgpokeballer|its never been more joever then now\n|\n|t:|1695167082\n|switch|p1a: Heatran|Heatran, M|100/100\n|turn|26\n|c| yomaalt|it's a gamblr\n|\n|t:|1695167086\n|move|p1a: Heatran|Protect|p1a: Heatran\n|-singleturn|p1a: Heatran|Protect\n|move|p2a: Ogerpon|Ivy Cudgel|p1a: Heatran\n|-activate|p1a: Heatran|move: Protect\n|\n|-weather|SunnyDay|[upkeep]\n|-damage|p2a: Ogerpon|28/100 psn|[from] psn\n|upkeep\n|turn|27\n|c| yomaalt|play the heart of the cards\n|c|\u2606mcp3|!showset heatran\n|c| mcp3|/raw <div class=\"infobox\">Heatran @ Leftovers  <br />Ability: Flash Fire  <br />Tera Type: Grass  <br />EVs: 252 HP &#x2f; 100 Def &#x2f; 116 SpD &#x2f; 40 Spe  <br />Calm Nature  <br />IVs: 0 Atk  <br />- Magma Storm  <br />- Protect  <br />- Earth Power  <br />- Will-O-Wisp  <br /><br /></div>\n|c| yomaalt|spam cudgel and pray you crit\n|l| MikeFlem12326171\n|\n|t:|1695167096\n|move|p2a: Ogerpon|Ivy Cudgel|p1a: Heatran\n|-damage|p1a: Heatran|37/100\n|move|p1a: Heatran|Earth Power|p2a: Ogerpon\n|-damage|p2a: Ogerpon|0 fnt\n|faint|p2a: Ogerpon\n|\n|-weather|SunnyDay|[upkeep]\n|-heal|p1a: Heatran|44/100|[from] item: Leftovers\n|upkeep\n|c|\u2606mlgpokeballer|RNG GODS\n|c| yomaalt|nvm dawg\n|\n|t:|1695167102\n|switch|p2a: Walking Wake|Walking Wake|93/100\n|-status|p2a: Walking Wake|psn\n|-damage|p2a: Walking Wake|80/100 psn|[from] Stealth Rock\n|-activate|p2a: Walking Wake|ability: Protosynthesis\n|-start|p2a: Walking Wake|protosynthesisspe\n|turn|28\n|c| yomaalt|we're NEVER coming back from this one\n|\n|t:|1695167107\n|move|p1a: Heatran|Protect|p1a: Heatran\n|-singleturn|p1a: Heatran|Protect\n|move|p2a: Walking Wake|Hydro Steam|p1a: Heatran\n|-activate|p1a: Heatran|move: Protect\n|\n|-weather|SunnyDay|[upkeep]\n|-heal|p1a: Heatran|50/100|[from] item: Leftovers\n|-damage|p2a: Walking Wake|68/100 psn|[from] psn\n|upkeep\n|turn|29\n|c| yomaalt|WAKE SWEEP??\n|l| Investingolive\n|c| yomaalt|NOPE\n|c|\u2606mlgpokeballer|lol\n|\n|t:|1695167116\n|switch|p1a: Weezing|Weezing-Galar, M|39/100\n|-ability|p1a: Weezing|Neutralizing Gas\n|move|p2a: Walking Wake|Hydro Steam|p1a: Weezing\n|-damage|p1a: Weezing|0 fnt\n|faint|p1a: Weezing\n|-end|p1a: Weezing|ability: Neutralizing Gas\n|-damage|p2a: Walking Wake|58/100 psn|[from] item: Life Orb\n|\n|-weather|none\n|-end|p2a: Walking Wake|Protosynthesis\n|-damage|p2a: Walking Wake|46/100 psn|[from] psn\n|upkeep\n|c| yomaalt|brother do the funny rn\n|c|\u2606mcp3|never count it out\n|c|\u2606mcp3|in ur life\n|\n|t:|1695167127\n|switch|p1a: Heatran|Heatran, M|50/100\n|turn|30\n|c| yomaalt|CAN MCP3 DO IT\n|c|\u2606mlgpokeballer|give me chance lol\n|c|\u2606mlgpokeballer|dont click glide\n|c| yomaalt|CAN THE WAKE BE STALLED\n|\n|t:|1695167135\n|move|p1a: Heatran|Protect|p1a: Heatran\n|-singleturn|p1a: Heatran|Protect\n|move|p2a: Walking Wake|Hydro Steam|p1a: Heatran\n|-activate|p1a: Heatran|move: Protect\n|\n|-heal|p1a: Heatran|56/100|[from] item: Leftovers\n|-damage|p2a: Walking Wake|33/100 psn|[from] psn\n|upkeep\n|turn|31\n|\n|t:|1695167140\n|move|p2a: Walking Wake|Hydro Steam|p1a: Heatran\n|-supereffective|p1a: Heatran\n|-damage|p1a: Heatran|0 fnt\n|faint|p1a: Heatran\n|-damage|p2a: Walking Wake|23/100 psn|[from] item: Life Orb\n|\n|-damage|p2a: Walking Wake|11/100 psn|[from] psn\n|upkeep\n|c| yomaalt|oh wait i forgot about glide\n|c| GiantStonker|rilla isnt giving you a chance\n|\n|t:|1695167142\n|switch|p1a: Rillaboom|Rillaboom, F|71/100\n|-fieldstart|move: Grassy Terrain|[from] ability: Grassy Surge|[of] p1a: Rillaboom\n|turn|32\n|c| yomaalt|nvm it's over\n|c| sandveil10|It ain't over\n|c|\u2606mcp3|gg\n|\n|t:|1695167146\n|move|p1a: Rillaboom|Grassy Glide|p2a: Walking Wake\n|-damage|p2a: Walking Wake|0 fnt\n|faint|p2a: Walking Wake\n|-end|p2a: Walking Wake|Protosynthesis|[silent]\n|-damage|p1a: Rillaboom|61/100|[from] item: Life Orb\n|\n|win|mcp3\n|n|\u2606mcp3|mcp3\n|n|\u2606mlgpokeballer|mlgpokeballer\n|n| InvejaMata|invejamata\n|n| johto adventures!|johtoadventures\n|n| yomaalt|yomaalt\n|n| DefinitelyDani|definitelydani\n|n| Shucklepilled|shucklepilled\n|n| foobadoo|foobadoo\n|n| Beingtoolazytowork|beingtoolazytowork\n|n| ouzdsuicune|ouzdsuicune\n|n| Pinkacross|pinkacross\n|n| sandveil10|sandveil10\n|n| Brucey_Bruce|bruceybruce\n|n| GiantStonker|giantstonker\n|n| Coronet077|coronet077\n|n| Zombini62|zombini62\n|n| homerac|homerac\n|n| prince5|prince5\n|n| Onencraomg|onencraomg\n|n| Hatlas_88|hatlas88\n|n| Kaora 55|kaora55\n|n| zReptar|zreptar\n|n| Learner Moku|learnermoku\n", "uploadtime": 1695167148, "views": 2, "p1id": "mcp3", "p2id": "mlgpokeballer", "formatid": "gen9ou", "rating": 0, "private": 0, "password": ""}