{"id": "gen9ou-1947582200", "p1": "Wouldnotletthathat", "p2": "Franky en esprit", "format": "gen9ou", "log": "|j|\u2606Wouldnotletthathat\n|j|\u2606Franky en esprit\n|t:|1695174738\n|gametype|singles\n|player|p1|Wouldnotletthathat|2|1229\n|player|p2|Franky en esprit|266|1264\n|teamsize|p1|6\n|teamsize|p2|6\n|gen|9\n|tier|[Gen 9] OU\n|rated|\n|rule|Sleep Clause Mod: Limit one foe put to sleep\n|rule|Species Clause: Limit one of each Pok\u00e9mon\n|rule|OHKO Clause: OHKO moves are banned\n|rule|Evasion Items Clause: Evasion items are banned\n|rule|Evasion Moves Clause: Evasion moves are banned\n|rule|Endless Battle Clause: Forcing endless battles is banned\n|rule|HP Percentage Mod: HP is shown in percentages\n|clearpoke\n|poke|p1|Kingambit, M|\n|poke|p1|Great Tusk|\n|poke|p1|Basculegion, M|\n|poke|p1|Pelipper, M|\n|poke|p1|Thundurus, M|\n|poke|p1|Greninja-*, M|\n|poke|p2|Landorus-Therian, M|\n|poke|p2|Toxapex, M|\n|poke|p2|Dragapult, F|\n|poke|p2|Jirachi|\n|poke|p2|Dondozo, F|\n|poke|p2|Great Tusk|\n|teampreview\n|inactive|Battle timer is ON: inactive players will automatically lose when time's up. (requested by Wouldnotletthathat)\n|\n|t:|1695174766\n|start\n|switch|p1a: Kingambit|Kingambit, M|100/100\n|switch|p2a: Dragapult|Dragapult, F|100/100\n|turn|1\n|\n|t:|1695174774\n|switch|p2a: Landorus|Landorus-Therian, M|100/100\n|-ability|p2a: Landorus|Intimidate|boost\n|-unboost|p1a: Kingambit|atk|1\n|move|p1a: Kingambit|Stealth Rock|p2a: Landorus\n|-sidestart|p2: Franky en esprit|move: Stealth Rock\n|\n|upkeep\n|turn|2\n|\n|t:|1695174783\n|-end|p1a: Kingambit|fallenundefined|[silent]\n|switch|p1a: Pelipper|Pelipper, M|100/100\n|-weather|RainDance|[from] ability: Drizzle|[of] p1a: Pelipper\n|move|p2a: Landorus|Taunt|p1a: Pelipper\n|-start|p1a: Pelipper|move: Taunt\n|\n|-weather|RainDance|[upkeep]\n|upkeep\n|turn|3\n|\n|t:|1695174795\n|move|p2a: Landorus|U-turn|p1a: Pelipper\n|-resisted|p1a: Pelipper\n|-damage|p1a: Pelipper|87/100\n|\n|t:|1695174800\n|switch|p2a: Toxapex|Toxapex, M|100/100|[from] U-turn\n|-damage|p2a: Toxapex|88/100|[from] Stealth Rock\n|move|p1a: Pelipper|U-turn|p2a: Toxapex\n|-resisted|p2a: Toxapex\n|-damage|p2a: Toxapex|85/100\n|\n|t:|1695174806\n|switch|p1a: Thundurus|Thundurus, M|100/100|[from] U-turn\n|\n|-weather|RainDance|[upkeep]\n|-heal|p2a: Toxapex|91/100|[from] item: Black Sludge\n|upkeep\n|turn|4\n|\n|t:|1695174813\n|move|p1a: Thundurus|Taunt|p2a: Toxapex\n|-start|p2a: Toxapex|move: Taunt\n|cant|p2a: Toxapex|move: Taunt|Toxic Spikes\n|\n|-weather|RainDance|[upkeep]\n|-heal|p2a: Toxapex|98/100|[from] item: Black Sludge\n|upkeep\n|turn|5\n|\n|t:|1695174823\n|switch|p2a: Landorus|Landorus-Therian, M|100/100\n|-damage|p2a: Landorus|88/100|[from] Stealth Rock\n|-ability|p2a: Landorus|Intimidate|boost\n|-unboost|p1a: Thundurus|atk|1\n|move|p1a: Thundurus|Psychic|p2a: Landorus\n|-damage|p2a: Landorus|58/100\n|\n|-weather|RainDance|[upkeep]\n|-heal|p2a: Landorus|64/100|[from] item: Leftovers\n|upkeep\n|turn|6\n|\n|t:|1695174836\n|move|p1a: Thundurus|Taunt|p2a: Landorus\n|-start|p2a: Landorus|move: Taunt\n|cant|p2a: Landorus|move: Taunt|Stealth Rock\n|\n|-weather|RainDance|[upkeep]\n|-heal|p2a: Landorus|70/100|[from] item: Leftovers\n|upkeep\n|turn|7\n|\n|t:|1695174857\n|switch|p1a: Greninja|Greninja, M|100/100\n|move|p2a: Landorus|U-turn|p1a: Greninja\n|-supereffective|p1a: Greninja\n|-damage|p1a: Greninja|13/100\n|\n|t:|1695174862\n|switch|p2a: Jirachi|Jirachi|100/100|[from] U-turn\n|-damage|p2a: Jirachi|94/100|[from] Stealth Rock\n|\n|-weather|RainDance|[upkeep]\n|upkeep\n|turn|8\n|\n|t:|1695174868\n|move|p2a: Jirachi|U-turn|p1a: Greninja\n|-supereffective|p1a: Greninja\n|-damage|p1a: Greninja|0 fnt\n|faint|p1a: Greninja\n|\n|t:|1695174876\n|switch|p2a: Dragapult|Dragapult, F|100/100|[from] U-turn\n|-damage|p2a: Dragapult|88/100|[from] Stealth Rock\n|\n|-weather|RainDance|[upkeep]\n|upkeep\n|\n|t:|1695174881\n|switch|p1a: Great Tusk|Great Tusk|100/100\n|turn|9\n|\n|t:|1695174885\n|move|p2a: Dragapult|Hydro Pump|p1a: Great Tusk|[miss]\n|-miss|p2a: Dragapult|p1a: Great Tusk\n|move|p1a: Great Tusk|Knock Off|p2a: Dragapult\n|-supereffective|p2a: Dragapult\n|-damage|p2a: Dragapult|14/100\n|-enditem|p2a: Dragapult|Choice Specs|[from] move: Knock Off|[of] p1a: Great Tusk\n|\n|-weather|none\n|upkeep\n|turn|10\n|\n|t:|1695174904\n|move|p2a: Dragapult|U-turn|p1a: Great Tusk\n|-resisted|p1a: Great Tusk\n|-damage|p1a: Great Tusk|95/100\n|\n|t:|1695174910\n|switch|p2a: Landorus|Landorus-Therian, M|70/100|[from] U-turn\n|-damage|p2a: Landorus|58/100|[from] Stealth Rock\n|-ability|p2a: Landorus|Intimidate|boost\n|-unboost|p1a: Great Tusk|atk|1\n|move|p1a: Great Tusk|Knock Off|p2a: Landorus\n|-damage|p2a: Landorus|37/100\n|-enditem|p2a: Landorus|Leftovers|[from] move: Knock Off|[of] p1a: Great Tusk\n|\n|upkeep\n|turn|11\n|\n|t:|1695174924\n|-end|p1a: Great Tusk|Protosynthesis|[silent]\n|switch|p1a: Pelipper|Pelipper, M|87/100\n|-weather|RainDance|[from] ability: Drizzle|[of] p1a: Pelipper\n|move|p2a: Landorus|Stealth Rock|p1a: Pelipper\n|-sidestart|p1: Wouldnotletthathat|move: Stealth Rock\n|\n|-weather|RainDance|[upkeep]\n|upkeep\n|turn|12\n|\n|t:|1695174938\n|move|p2a: Landorus|U-turn|p1a: Pelipper\n|-resisted|p1a: Pelipper\n|-damage|p1a: Pelipper|74/100\n|\n|t:|1695174943\n|switch|p2a: Jirachi|Jirachi|94/100|[from] U-turn\n|-damage|p2a: Jirachi|88/100|[from] Stealth Rock\n|move|p1a: Pelipper|Hurricane|p2a: Jirachi\n|-resisted|p2a: Jirachi\n|-damage|p2a: Jirachi|71/100\n|-start|p2a: Jirachi|confusion\n|\n|-weather|RainDance|[upkeep]\n|upkeep\n|turn|13\n|\n|t:|1695174955\n|-activate|p2a: Jirachi|confusion\n|move|p2a: Jirachi|Body Slam|p1a: Pelipper\n|-damage|p1a: Pelipper|47/100\n|-status|p1a: Pelipper|par\n|cant|p1a: Pelipper|par\n|\n|-weather|RainDance|[upkeep]\n|upkeep\n|turn|14\n|\n|t:|1695174964\n|switch|p2a: Great Tusk|Great Tusk|100/100\n|-damage|p2a: Great Tusk|98/100|[from] Stealth Rock\n|switch|p1a: Basculegion|Basculegion, M|100/100\n|-damage|p1a: Basculegion|88/100|[from] Stealth Rock\n|\n|-weather|RainDance|[upkeep]\n|-heal|p2a: Great Tusk|100/100|[from] item: Leftovers\n|upkeep\n|turn|15\n|\n|t:|1695174978\n|-end|p2a: Great Tusk|Protosynthesis|[silent]\n|switch|p2a: Dondozo|Dondozo, F|100/100\n|-damage|p2a: Dondozo|88/100|[from] Stealth Rock\n|move|p1a: Basculegion|Wave Crash|p2a: Dondozo\n|-resisted|p2a: Dondozo\n|-damage|p2a: Dondozo|57/100\n|-damage|p1a: Basculegion|75/100|[from] Recoil\n|\n|-weather|RainDance|[upkeep]\n|-heal|p2a: Dondozo|63/100|[from] item: Leftovers\n|upkeep\n|turn|16\n|\n|t:|1695174990\n|-terastallize|p1a: Basculegion|Water\n|move|p2a: Dondozo|Protect|p2a: Dondozo\n|-singleturn|p2a: Dondozo|Protect\n|move|p1a: Basculegion|Wave Crash|p2a: Dondozo\n|-activate|p2a: Dondozo|move: Protect\n|\n|-weather|RainDance|[upkeep]\n|-heal|p2a: Dondozo|69/100|[from] item: Leftovers\n|upkeep\n|turn|17\n|\n|t:|1695174998\n|move|p1a: Basculegion|Wave Crash|p2a: Dondozo\n|-resisted|p2a: Dondozo\n|-crit|p2a: Dondozo\n|-damage|p2a: Dondozo|5/100\n|-damage|p1a: Basculegion|46/100|[from] Recoil\n|move|p2a: Dondozo|Liquidation|p1a: Basculegion\n|-resisted|p1a: Basculegion\n|-damage|p1a: Basculegion|19/100\n|\n|-weather|RainDance|[upkeep]\n|-heal|p2a: Dondozo|11/100|[from] item: Leftovers\n|upkeep\n|turn|18\n|\n|t:|1695175007\n|move|p2a: Dondozo|Protect|p2a: Dondozo\n|-singleturn|p2a: Dondozo|Protect\n|move|p1a: Basculegion|Wave Crash|p2a: Dondozo\n|-activate|p2a: Dondozo|move: Protect\n|\n|-weather|none\n|-heal|p2a: Dondozo|17/100|[from] item: Leftovers\n|upkeep\n|turn|19\n|c|\u2606Wouldnotletthathat|what is bro doing\n|\n|t:|1695175017\n|switch|p2a: Toxapex|Toxapex, M|100/100\n|-damage|p2a: Toxapex|88/100|[from] Stealth Rock\n|move|p1a: Basculegion|Wave Crash|p2a: Toxapex\n|-resisted|p2a: Toxapex\n|-damage|p2a: Toxapex|49/100\n|-damage|p1a: Basculegion|9/100|[from] Recoil\n|\n|-heal|p2a: Toxapex|55/100|[from] item: Black Sludge\n|upkeep\n|turn|20\n|\n|t:|1695175027\n|move|p1a: Basculegion|Wave Crash|p2a: Toxapex\n|-resisted|p2a: Toxapex\n|-damage|p2a: Toxapex|20/100\n|-damage|p1a: Basculegion|0 fnt|[from] Recoil\n|faint|p1a: Basculegion\n|move|p2a: Toxapex|Toxic Spikes|p1: Basculegion\n|-sidestart|p1: Wouldnotletthathat|move: Toxic Spikes\n|\n|-heal|p2a: Toxapex|26/100|[from] item: Black Sludge\n|upkeep\n|\n|t:|1695175036\n|switch|p1a: Great Tusk|Great Tusk|95/100\n|-damage|p1a: Great Tusk|92/100|[from] Stealth Rock\n|-status|p1a: Great Tusk|psn\n|turn|21\n|\n|t:|1695175043\n|switch|p2a: Dragapult|Dragapult, F|14/100\n|-damage|p2a: Dragapult|1/100|[from] Stealth Rock\n|move|p1a: Great Tusk|Knock Off|p2a: Dragapult\n|-supereffective|p2a: Dragapult\n|-damage|p2a: Dragapult|0 fnt\n|faint|p2a: Dragapult\n|\n|-damage|p1a: Great Tusk|80/100 psn|[from] psn\n|upkeep\n|\n|t:|1695175053\n|switch|p2a: Jirachi|Jirachi|71/100\n|-damage|p2a: Jirachi|65/100|[from] Stealth Rock\n|turn|22\n|\n|t:|1695175058\n|move|p2a: Jirachi|Zen Headbutt|p1a: Great Tusk\n|-supereffective|p1a: Great Tusk\n|-damage|p1a: Great Tusk|36/100 psn\n|move|p1a: Great Tusk|Earthquake|p2a: Jirachi\n|-supereffective|p2a: Jirachi\n|-damage|p2a: Jirachi|0 fnt\n|faint|p2a: Jirachi\n|\n|-damage|p1a: Great Tusk|24/100 psn|[from] psn\n|upkeep\n|\n|t:|1695175072\n|switch|p2a: Landorus|Landorus-Therian, M|37/100\n|-damage|p2a: Landorus|25/100|[from] Stealth Rock\n|-ability|p2a: Landorus|Intimidate|boost\n|-unboost|p1a: Great Tusk|atk|1\n|turn|23\n|\n|t:|1695175079\n|move|p2a: Landorus|Earthquake|p1a: Great Tusk\n|-damage|p1a: Great Tusk|0 fnt\n|faint|p1a: Great Tusk\n|-end|p1a: Great Tusk|Protosynthesis|[silent]\n|\n|upkeep\n|\n|t:|1695175085\n|switch|p1a: Pelipper|Pelipper, M|47/100 par\n|-damage|p1a: Pelipper|22/100 par|[from] Stealth Rock\n|-weather|RainDance|[from] ability: Drizzle|[of] p1a: Pelipper\n|turn|24\n|\n|t:|1695175092\n|switch|p1a: Thundurus|Thundurus, M|100/100\n|move|p2a: Landorus|U-turn|p1a: Thundurus\n|-resisted|p1a: Thundurus\n|-damage|p1a: Thundurus|91/100\n|\n|t:|1695175100\n|switch|p2a: Great Tusk|Great Tusk|100/100|[from] U-turn\n|-damage|p2a: Great Tusk|98/100|[from] Stealth Rock\n|\n|-weather|RainDance|[upkeep]\n|-heal|p2a: Great Tusk|100/100|[from] item: Leftovers\n|upkeep\n|turn|25\n|\n|t:|1695175120\n|-terastallize|p2a: Great Tusk|Dragon\n|move|p2a: Great Tusk|Rapid Spin|p1a: Thundurus\n|-damage|p1a: Thundurus|76/100\n|-boost|p2a: Great Tusk|spe|1\n|-sideend|p2: Franky en esprit|Stealth Rock|[from] move: Rapid Spin|[of] p2a: Great Tusk\n|move|p1a: Thundurus|Psychic|p2a: Great Tusk\n|-damage|p2a: Great Tusk|65/100\n|\n|-weather|RainDance|[upkeep]\n|-heal|p2a: Great Tusk|72/100|[from] item: Leftovers\n|upkeep\n|turn|26\n|\n|t:|1695175130\n|move|p1a: Thundurus|Thunder Wave|p2a: Great Tusk\n|-status|p2a: Great Tusk|par\n|cant|p2a: Great Tusk|par\n|\n|-weather|RainDance|[upkeep]\n|-heal|p2a: Great Tusk|78/100 par|[from] item: Leftovers\n|upkeep\n|turn|27\n|\n|t:|1695175138\n|move|p1a: Thundurus|Psychic|p2a: Great Tusk\n|-damage|p2a: Great Tusk|40/100 par\n|-unboost|p2a: Great Tusk|spd|1\n|move|p2a: Great Tusk|Ice Spinner|p1a: Thundurus\n|-supereffective|p1a: Thundurus\n|-damage|p1a: Thundurus|28/100\n|\n|-weather|RainDance|[upkeep]\n|-heal|p2a: Great Tusk|46/100 par|[from] item: Leftovers\n|upkeep\n|turn|28\n|\n|t:|1695175148\n|move|p1a: Thundurus|Psychic|p2a: Great Tusk\n|-damage|p2a: Great Tusk|0 fnt\n|faint|p2a: Great Tusk\n|-end|p2a: Great Tusk|Protosynthesis|[silent]\n|\n|-weather|RainDance|[upkeep]\n|upkeep\n|\n|t:|1695175154\n|switch|p2a: Landorus|Landorus-Therian, M|25/100\n|-ability|p2a: Landorus|Intimidate|boost\n|-unboost|p1a: Thundurus|atk|1\n|turn|29\n|\n|t:|1695175159\n|move|p2a: Landorus|U-turn|p1a: Thundurus\n|-resisted|p1a: Thundurus\n|-damage|p1a: Thundurus|16/100\n|\n|t:|1695175162\n|switch|p2a: Toxapex|Toxapex, M|59/100|[from] U-turn\n|move|p1a: Thundurus|Psychic|p2a: Toxapex\n|-supereffective|p2a: Toxapex\n|-damage|p2a: Toxapex|20/100\n|\n|-weather|RainDance|[upkeep]\n|-heal|p2a: Toxapex|26/100|[from] item: Black Sludge\n|upkeep\n|turn|30\n|\n|t:|1695175174\n|switch|p2a: Dondozo|Dondozo, F|17/100\n|move|p1a: Thundurus|Psychic|p2a: Dondozo\n|-damage|p2a: Dondozo|0 fnt\n|faint|p2a: Dondozo\n|\n|-weather|RainDance|[upkeep]\n|upkeep\n|\n|t:|1695175180\n|switch|p2a: Landorus|Landorus-Therian, M|25/100\n|-ability|p2a: Landorus|Intimidate|boost\n|-unboost|p1a: Thundurus|atk|1\n|turn|31\n|\n|t:|1695175185\n|move|p2a: Landorus|U-turn|p1a: Thundurus\n|-resisted|p1a: Thundurus\n|-crit|p1a: Thundurus\n|-damage|p1a: Thundurus|0 fnt\n|faint|p1a: Thundurus\n|\n|t:|1695175190\n|switch|p2a: Toxapex|Toxapex, M|60/100|[from] U-turn\n|\n|-weather|none\n|-heal|p2a: Toxapex|66/100|[from] item: Black Sludge\n|upkeep\n|\n|t:|1695175195\n|switch|p1a: Kingambit|Kingambit, M|100/100\n|-damage|p1a: Kingambit|94/100|[from] Stealth Rock\n|-activate|p1a: Kingambit|ability: Supreme Overlord\n|-start|p1a: Kingambit|fallen4|[silent]\n|turn|32\n|\n|t:|1695175202\n|switch|p2a: Landorus|Landorus-Therian, M|25/100\n|-ability|p2a: Landorus|Intimidate|boost\n|-unboost|p1a: Kingambit|atk|1\n|move|p1a: Kingambit|Kowtow Cleave|p2a: Landorus\n|-damage|p2a: Landorus|0 fnt\n|faint|p2a: Landorus\n|\n|-heal|p1a: Kingambit|100/100|[from] item: Leftovers\n|upkeep\n|-message|Franky en esprit forfeited.\n|\n|win|Wouldnotletthathat\n|raw|Wouldnotletthathat's rating: 1229 &rarr; <strong>1257</strong><br />(+28 for winning)\n|raw|Franky en esprit's rating: 1264 &rarr; <strong>1236</strong><br />(-28 for losing)\n|l|\u2606Franky en esprit\n|c|\u2606Wouldnotletthathat|lmao\n", "uploadtime": 1695175224, "views": 11, "p1id": "wouldnotletthathat", "p2id": "frankyenesprit", "formatid": "gen9ou", "rating": 1236, "private": 0, "password": ""}