{"id": "gen9ou-1947655098", "p1": "Originalfake", "p2": "Purplepanda2007", "format": "gen9ou", "log": "|j|\u2606Originalfake\n|j|\u2606Purplepanda2007\n|t:|1695182655\n|gametype|singles\n|player|p1|Originalfake|burglar|1087\n|player|p2|Purplepanda2007|burglar|1109\n|teamsize|p1|6\n|teamsize|p2|6\n|gen|9\n|tier|[Gen 9] OU\n|rated|\n|rule|Sleep Clause Mod: Limit one foe put to sleep\n|rule|Species Clause: Limit one of each Pok\u00e9mon\n|rule|OHKO Clause: OHKO moves are banned\n|rule|Evasion Items Clause: Evasion items are banned\n|rule|Evasion Moves Clause: Evasion moves are banned\n|rule|Endless Battle Clause: Forcing endless battles is banned\n|rule|HP Percentage Mod: HP is shown in percentages\n|clearpoke\n|poke|p1|Heracross, F|\n|poke|p1|Blissey, F|\n|poke|p1|Tyranitar, M|\n|poke|p1|Weezing, F|\n|poke|p1|Forretress, F|\n|poke|p1|Dusclops, M|\n|poke|p2|Ninetales-Alola, F|\n|poke|p2|Manaphy|\n|poke|p2|Ogerpon-Wellspring, F|\n|poke|p2|Glimmora, M|\n|poke|p2|Torterra, M|\n|poke|p2|Dragapult, F|\n|teampreview\n|inactive|Battle timer is ON: inactive players will automatically lose when time's up. (requested by Purplepanda2007)\n|\n|t:|1695182661\n|start\n|switch|p1a: Blissey|Blissey, F|100/100\n|switch|p2a: Glimmora|Glimmora, M|100/100\n|turn|1\n|\n|t:|1695182671\n|switch|p1a: Dusclops|Dusclops, M|100/100\n|-ability|p1a: Dusclops|Pressure\n|move|p2a: Glimmora|Stealth Rock|p1a: Dusclops\n|-sidestart|p1: Originalfake|move: Stealth Rock\n|\n|upkeep\n|turn|2\n|\n|t:|1695182681\n|switch|p2a: Ninetales|Ninetales-Alola, F, shiny|100/100\n|-weather|Snow|[from] ability: Snow Warning|[of] p2a: Ninetales\n|move|p1a: Dusclops|Curse|p2a: Ninetales\n|-start|p2a: Ninetales|Curse|[of] p1a: Dusclops\n|-damage|p1a: Dusclops|50/100\n|\n|-weather|Snow|[upkeep]\n|-heal|p1a: Dusclops|56/100|[from] item: Leftovers\n|-damage|p2a: Ninetales|76/100|[from] Curse\n|upkeep\n|turn|3\n|\n|t:|1695182702\n|switch|p2a: Manaphy|Manaphy, shiny|100/100\n|move|p1a: Dusclops|Pain Split|p2a: Manaphy\n|-sethp|p2a: Manaphy|74/100|[from] move: Pain Split|[silent]\n|-sethp|p1a: Dusclops|89/100|[from] move: Pain Split\n|\n|-weather|Snow|[upkeep]\n|-heal|p2a: Manaphy|80/100|[from] item: Leftovers\n|-heal|p1a: Dusclops|95/100|[from] item: Leftovers\n|upkeep\n|turn|4\n|\n|t:|1695182720\n|move|p2a: Manaphy|Surf|p1a: Dusclops\n|-damage|p1a: Dusclops|60/100\n|move|p1a: Dusclops|Curse|p2a: Manaphy\n|-start|p2a: Manaphy|Curse|[of] p1a: Dusclops\n|-damage|p1a: Dusclops|10/100\n|\n|-weather|Snow|[upkeep]\n|-heal|p2a: Manaphy|86/100|[from] item: Leftovers\n|-heal|p1a: Dusclops|16/100|[from] item: Leftovers\n|-damage|p2a: Manaphy|61/100|[from] Curse\n|upkeep\n|turn|5\n|\n|t:|1695182731\n|move|p1a: Dusclops|Protect|p1a: Dusclops\n|-singleturn|p1a: Dusclops|Protect\n|move|p2a: Manaphy|Surf|p1a: Dusclops\n|-activate|p1a: Dusclops|move: Protect\n|\n|-weather|Snow|[upkeep]\n|-heal|p2a: Manaphy|67/100|[from] item: Leftovers\n|-heal|p1a: Dusclops|22/100|[from] item: Leftovers\n|-damage|p2a: Manaphy|42/100|[from] Curse\n|upkeep\n|turn|6\n|inactive|Purplepanda2007 has 120 seconds left.\n|\n|t:|1695182754\n|switch|p2a: Ninetales|Ninetales-Alola, F, shiny|76/100\n|move|p1a: Dusclops|Pain Split|p2a: Ninetales\n|-sethp|p2a: Ninetales|47/100|[from] move: Pain Split|[silent]\n|-sethp|p1a: Dusclops|58/100|[from] move: Pain Split\n|\n|-weather|none\n|-heal|p1a: Dusclops|64/100|[from] item: Leftovers\n|upkeep\n|turn|7\n|\n|t:|1695182766\n|move|p1a: Dusclops|Protect|p1a: Dusclops\n|-singleturn|p1a: Dusclops|Protect\n|move|p2a: Ninetales|Draining Kiss|p1a: Dusclops\n|-activate|p1a: Dusclops|move: Protect\n|\n|-heal|p1a: Dusclops|70/100|[from] item: Leftovers\n|upkeep\n|turn|8\n|\n|t:|1695182785\n|move|p2a: Ninetales|Draining Kiss|p1a: Dusclops\n|-damage|p1a: Dusclops|58/100\n|-heal|p2a: Ninetales|54/100|[from] drain|[of] p1a: Dusclops\n|move|p1a: Dusclops|Curse|p2a: Ninetales\n|-start|p2a: Ninetales|Curse|[of] p1a: Dusclops\n|-damage|p1a: Dusclops|8/100\n|\n|-heal|p1a: Dusclops|14/100|[from] item: Leftovers\n|-damage|p2a: Ninetales|29/100|[from] Curse\n|upkeep\n|turn|9\n|\n|t:|1695182802\n|move|p1a: Dusclops|Protect|p1a: Dusclops\n|-singleturn|p1a: Dusclops|Protect\n|move|p2a: Ninetales|Draining Kiss|p1a: Dusclops\n|-activate|p1a: Dusclops|move: Protect\n|\n|-heal|p1a: Dusclops|20/100|[from] item: Leftovers\n|-damage|p2a: Ninetales|4/100|[from] Curse\n|upkeep\n|turn|10\n|\n|t:|1695182821\n|switch|p2a: Glimmora|Glimmora, M|100/100\n|switch|p1a: Blissey|Blissey, F|100/100\n|-damage|p1a: Blissey|88/100|[from] Stealth Rock\n|\n|-heal|p1a: Blissey|94/100|[from] item: Leftovers\n|upkeep\n|turn|11\n|\n|t:|1695182834\n|switch|p2a: Torterra|Torterra, M|100/100\n|move|p1a: Blissey|Thunder Wave|p2a: Torterra\n|-immune|p2a: Torterra\n|\n|-heal|p1a: Blissey|99/100|[from] item: Leftovers\n|upkeep\n|turn|12\n|\n|t:|1695182847\n|move|p2a: Torterra|Shell Smash|p2a: Torterra\n|-unboost|p2a: Torterra|def|1\n|-unboost|p2a: Torterra|spd|1\n|-boost|p2a: Torterra|atk|2\n|-boost|p2a: Torterra|spa|2\n|-boost|p2a: Torterra|spe|2\n|move|p1a: Blissey|Ice Beam|p2a: Torterra\n|-supereffective|p2a: Torterra\n|-damage|p2a: Torterra|0 fnt\n|faint|p2a: Torterra\n|\n|-heal|p1a: Blissey|100/100|[from] item: Leftovers\n|upkeep\n|inactive|Purplepanda2007 has 120 seconds left.\n|\n|t:|1695182863\n|switch|p2a: Ninetales|Ninetales-Alola, F, shiny|4/100\n|-weather|Snow|[from] ability: Snow Warning|[of] p2a: Ninetales\n|turn|13\n|\n|t:|1695182868\n|switch|p1a: Forretress|Forretress, F|100/100\n|-damage|p1a: Forretress|88/100|[from] Stealth Rock\n|move|p2a: Ninetales|Aurora Veil|p2a: Ninetales\n|-sidestart|p2: Purplepanda2007|move: Aurora Veil\n|\n|-weather|Snow|[upkeep]\n|-heal|p1a: Forretress|94/100|[from] item: Leftovers\n|upkeep\n|turn|14\n|inactive|Purplepanda2007 has 120 seconds left.\n|\n|t:|1695182907\n|switch|p2a: Ogerpon|Ogerpon-Wellspring, F|100/100\n|move|p1a: Forretress|Spikes|p2a: Ogerpon\n|-sidestart|p2: Purplepanda2007|Spikes\n|\n|-weather|Snow|[upkeep]\n|-heal|p1a: Forretress|99/100|[from] item: Leftovers\n|upkeep\n|turn|15\n|\n|t:|1695182915\n|move|p2a: Ogerpon|Swords Dance|p2a: Ogerpon\n|-boost|p2a: Ogerpon|atk|2\n|move|p1a: Forretress|Rapid Spin|p2a: Ogerpon\n|-damage|p2a: Ogerpon|91/100\n|-boost|p1a: Forretress|spe|1\n|-sideend|p1: Originalfake|Stealth Rock|[from] move: Rapid Spin|[of] p1a: Forretress\n|\n|-weather|Snow|[upkeep]\n|-heal|p1a: Forretress|100/100|[from] item: Leftovers\n|upkeep\n|turn|16\n|\n|t:|1695182937\n|-terastallize|p1a: Forretress|Normal\n|move|p2a: Ogerpon|Swords Dance|p2a: Ogerpon\n|-boost|p2a: Ogerpon|atk|2\n|move|p1a: Forretress|Explosion|p2a: Ogerpon\n|-damage|p2a: Ogerpon|18/100\n|faint|p1a: Forretress\n|\n|-weather|Snow|[upkeep]\n|upkeep\n|inactive|Originalfake has 120 seconds left.\n|\n|t:|1695182960\n|switch|p1a: Weezing|Weezing, F|100/100\n|turn|17\n|\n|t:|1695182964\n|-terastallize|p2a: Ogerpon|Water\n|detailschange|p2a: Ogerpon|Ogerpon-Wellspring-Tera, F, tera:Water\n|-ability|p2a: Ogerpon|Embody Aspect (Wellspring)|boost\n|-boost|p2a: Ogerpon|spd|1\n|move|p2a: Ogerpon|Ivy Cudgel|p1a: Weezing\n|-crit|p1a: Weezing\n|-damage|p1a: Weezing|0 fnt\n|faint|p1a: Weezing\n|\n|-weather|none\n|upkeep\n|inactive|Originalfake has 120 seconds left.\n|\n|t:|1695182976\n|switch|p1a: Tyranitar|Tyranitar, M|100/100\n|-weather|Sandstorm|[from] ability: Sand Stream|[of] p1a: Tyranitar\n|turn|18\n|\n|t:|1695182982\n|switch|p1a: Dusclops|Dusclops, M|20/100\n|-ability|p1a: Dusclops|Pressure\n|move|p2a: Ogerpon|Horn Leech|p1a: Dusclops\n|-damage|p1a: Dusclops|0 fnt\n|-heal|p2a: Ogerpon|27/100|[from] drain|[of] p1a: Dusclops\n|faint|p1a: Dusclops\n|\n|-weather|Sandstorm|[upkeep]\n|-damage|p2a: Ogerpon|21/100|[from] Sandstorm\n|upkeep\n|inactive|Originalfake has 120 seconds left.\n|\n|t:|1695182999\n|switch|p1a: Heracross|Heracross, F|100/100\n|turn|19\n|\n|t:|1695183005\n|move|p2a: Ogerpon|Play Rough|p1a: Heracross|[miss]\n|-miss|p2a: Ogerpon|p1a: Heracross\n|move|p1a: Heracross|Megahorn|p2a: Ogerpon\n|-damage|p2a: Ogerpon|0 fnt\n|faint|p2a: Ogerpon\n|\n|-weather|Sandstorm|[upkeep]\n|-damage|p1a: Heracross|95/100|[from] Sandstorm\n|upkeep\n|\n|t:|1695183015\n|switch|p2a: Glimmora|Glimmora, M|100/100\n|-damage|p2a: Glimmora|88/100|[from] Spikes\n|turn|20\n|\n|t:|1695183026\n|move|p2a: Glimmora|Power Gem|p1a: Heracross\n|-damage|p1a: Heracross|45/100\n|move|p1a: Heracross|Substitute|p1a: Heracross\n|-start|p1a: Heracross|Substitute\n|-damage|p1a: Heracross|20/100\n|-enditem|p1a: Heracross|Salac Berry|[eat]\n|-boost|p1a: Heracross|spe|1|[from] item: Salac Berry\n|\n|-weather|Sandstorm|[upkeep]\n|-damage|p1a: Heracross|14/100|[from] Sandstorm\n|-sideend|p2: Purplepanda2007|move: Aurora Veil\n|upkeep\n|turn|21\n|\n|t:|1695183047\n|-singleturn|p1a: Heracross|move: Focus Punch\n|move|p2a: Glimmora|Stealth Rock|p1a: Heracross\n|-sidestart|p1: Originalfake|move: Stealth Rock\n|move|p1a: Heracross|Focus Punch|p2a: Glimmora\n|-damage|p2a: Glimmora|3/100\n|-activate|p2a: Glimmora|ability: Toxic Debris\n|-sidestart|p1: Originalfake|move: Toxic Spikes\n|\n|-weather|Sandstorm|[upkeep]\n|-damage|p1a: Heracross|8/100|[from] Sandstorm\n|upkeep\n|turn|22\n|\n|t:|1695183059\n|move|p1a: Heracross|Megahorn|p2a: Glimmora\n|-resisted|p2a: Glimmora\n|-damage|p2a: Glimmora|0 fnt\n|-activate|p2a: Glimmora|ability: Toxic Debris\n|-sidestart|p1: Originalfake|move: Toxic Spikes\n|faint|p2a: Glimmora\n|\n|-weather|none\n|upkeep\n|\n|t:|1695183065\n|switch|p2a: Dragapult|Dragapult, F, shiny|100/100\n|-damage|p2a: Dragapult|88/100|[from] Spikes\n|turn|23\n|\n|t:|1695183069\n|move|p1a: Heracross|Megahorn|p2a: Dragapult\n|-resisted|p2a: Dragapult\n|-damage|p2a: Dragapult|26/100\n|move|p2a: Dragapult|Dragon Darts|p1a: Heracross\n|-damage|p1a: Heracross|0 fnt\n|faint|p1a: Heracross\n|\n|upkeep\n|\n|t:|1695183076\n|switch|p1a: Blissey|Blissey, F|100/100\n|-damage|p1a: Blissey|88/100|[from] Stealth Rock\n|-status|p1a: Blissey|tox\n|turn|24\n|\n|t:|1695183083\n|move|p2a: Dragapult|Dragon Darts|p1a: Blissey\n|-damage|p1a: Blissey|50/100 tox\n|-anim|p2a: Dragapult|Dragon Darts|p1a: Blissey\n|-damage|p1a: Blissey|12/100 tox\n|move|p1a: Blissey|Ice Beam|p2a: Dragapult\n|-supereffective|p2a: Dragapult\n|-damage|p2a: Dragapult|0 fnt\n|faint|p2a: Dragapult\n|\n|-heal|p1a: Blissey|19/100 tox|[from] item: Leftovers\n|-damage|p1a: Blissey|12/100 tox|[from] psn\n|upkeep\n|\n|t:|1695183097\n|switch|p2a: Manaphy|Manaphy, shiny|42/100\n|-damage|p2a: Manaphy|30/100|[from] Spikes\n|turn|25\n|\n|t:|1695183102\n|move|p2a: Manaphy|Surf|p1a: Blissey\n|-damage|p1a: Blissey|0 fnt\n|faint|p1a: Blissey\n|\n|-heal|p2a: Manaphy|36/100|[from] item: Leftovers\n|upkeep\n|\n|t:|1695183105\n|switch|p1a: Tyranitar|Tyranitar, M|100/100\n|-damage|p1a: Tyranitar|88/100|[from] Stealth Rock\n|-status|p1a: Tyranitar|tox\n|-weather|Sandstorm|[from] ability: Sand Stream|[of] p1a: Tyranitar\n|turn|26\n|\n|t:|1695183121\n|switch|p2a: Ninetales|Ninetales-Alola, F, shiny|4/100\n|-damage|p2a: Ninetales|0 fnt|[from] Spikes\n|faint|p2a: Ninetales\n|move|p1a: Tyranitar|Rock Slide|p2: Ninetales|[notarget]\n|-fail|p1a: Tyranitar\n|\n|-weather|Sandstorm|[upkeep]\n|-heal|p1a: Tyranitar|94/100 tox|[from] item: Leftovers\n|-damage|p1a: Tyranitar|88/100 tox|[from] psn\n|upkeep\n|\n|t:|1695183130\n|switch|p2a: Manaphy|Manaphy, shiny|36/100\n|-damage|p2a: Manaphy|24/100|[from] Spikes\n|turn|27\n|\n|t:|1695183134\n|move|p2a: Manaphy|Surf|p1a: Tyranitar\n|-supereffective|p1a: Tyranitar\n|-damage|p1a: Tyranitar|31/100 tox\n|move|p1a: Tyranitar|Rock Slide|p2a: Manaphy\n|-damage|p2a: Manaphy|0 fnt\n|faint|p2a: Manaphy\n|\n|win|Originalfake\n|raw|Originalfake's rating: 1087 &rarr; <strong>1116</strong><br />(+29 for winning)\n|raw|Purplepanda2007's rating: 1109 &rarr; <strong>1082</strong><br />(-27 for losing)\n", "uploadtime": 1695183141, "views": 6, "p1id": "originalfake", "p2id": "purplepanda2007", "formatid": "gen9ou", "rating": 1082, "private": 0, "password": ""}