{"id": "gen9ou-1947615011", "p1": "FoilFred", "p2": "AKA/KRUDO", "format": "gen9ou", "log": "|j|\u2606FoilFred\n|j|\u2606AKA/KRUDO\n|t:|1695178104\n|gametype|singles\n|player|p1|FoilFred|gambler|1399\n|player|p2|AKA/KRUDO|chili|1360\n|teamsize|p1|6\n|teamsize|p2|6\n|gen|9\n|tier|[Gen 9] OU\n|rated|\n|rule|Sleep Clause Mod: Limit one foe put to sleep\n|rule|Species Clause: Limit one of each Pok\u00e9mon\n|rule|OHKO Clause: OHKO moves are banned\n|rule|Evasion Items Clause: Evasion items are banned\n|rule|Evasion Moves Clause: Evasion moves are banned\n|rule|Endless Battle Clause: Forcing endless battles is banned\n|rule|HP Percentage Mod: HP is shown in percentages\n|clearpoke\n|poke|p1|Ursaluna-Bloodmoon, M|\n|poke|p1|Jirachi|\n|poke|p1|Zapdos|\n|poke|p1|Iron Moth|\n|poke|p1|Kommo-o, M|\n|poke|p1|Enamorus, F|\n|poke|p2|Ambipom, F|\n|poke|p2|Gholdengo|\n|poke|p2|Dragapult, M|\n|poke|p2|Ting-Lu|\n|poke|p2|Ogerpon, F|\n|poke|p2|Moltres|\n|teampreview\n|\n|t:|1695178138\n|start\n|switch|p1a: Zapdos|Zapdos, shiny|100/100\n|switch|p2a: Ambipom|Ambipom, F, shiny|100/100\n|turn|1\n|\n|t:|1695178147\n|switch|p2a: Ting-Lu|Ting-Lu|100/100\n|-ability|p2a: Ting-Lu|Vessel of Ruin\n|move|p1a: Zapdos|U-turn|p2a: Ting-Lu\n|-supereffective|p2a: Ting-Lu\n|-damage|p2a: Ting-Lu|90/100\n|\n|t:|1695178157\n|switch|p1a: Kommo-o|Kommo-o, M|100/100|[from] U-turn\n|\n|-heal|p2a: Ting-Lu|96/100|[from] item: Leftovers\n|upkeep\n|turn|2\n|\n|t:|1695178165\n|move|p1a: Kommo-o|Clangorous Soul|p1a: Kommo-o\n|-boost|p1a: Kommo-o|atk|1\n|-boost|p1a: Kommo-o|def|1\n|-boost|p1a: Kommo-o|spa|1\n|-boost|p1a: Kommo-o|spd|1\n|-boost|p1a: Kommo-o|spe|1\n|-damage|p1a: Kommo-o|68/100\n|move|p2a: Ting-Lu|Whirlwind|p1a: Kommo-o\n|drag|p1a: Iron Moth|Iron Moth|100/100\n|-enditem|p1a: Iron Moth|Booster Energy\n|-activate|p1a: Iron Moth|ability: Quark Drive|[fromitem]\n|-start|p1a: Iron Moth|quarkdrivespe\n|\n|-heal|p2a: Ting-Lu|100/100|[from] item: Leftovers\n|upkeep\n|turn|3\n|\n|t:|1695178168\n|move|p1a: Iron Moth|Toxic Spikes|p2a: Ting-Lu\n|-sidestart|p2: AKA/KRUDO|move: Toxic Spikes\n|move|p2a: Ting-Lu|Whirlwind|p1a: Iron Moth\n|-end|p1a: Iron Moth|Quark Drive|[silent]\n|drag|p1a: Kommo-o|Kommo-o, M|68/100\n|\n|-heal|p1a: Kommo-o|74/100|[from] item: Leftovers\n|upkeep\n|turn|4\n|\n|t:|1695178173\n|move|p1a: Kommo-o|Drain Punch|p2a: Ting-Lu\n|-supereffective|p2a: Ting-Lu\n|-damage|p2a: Ting-Lu|72/100\n|-heal|p1a: Kommo-o|99/100|[from] drain|[of] p2a: Ting-Lu\n|move|p2a: Ting-Lu|Stealth Rock|p1a: Kommo-o\n|-sidestart|p1: FoilFred|move: Stealth Rock\n|\n|-heal|p1a: Kommo-o|100/100|[from] item: Leftovers\n|-heal|p2a: Ting-Lu|78/100|[from] item: Leftovers\n|upkeep\n|turn|5\n|\n|t:|1695178180\n|move|p1a: Kommo-o|Drain Punch|p2a: Ting-Lu\n|-supereffective|p2a: Ting-Lu\n|-damage|p2a: Ting-Lu|48/100\n|move|p2a: Ting-Lu|Spikes|p1a: Kommo-o\n|-sidestart|p1: FoilFred|Spikes\n|\n|-heal|p2a: Ting-Lu|54/100|[from] item: Leftovers\n|upkeep\n|turn|6\n|\n|t:|1695178187\n|-terastallize|p2a: Ting-Lu|Ghost\n|move|p1a: Kommo-o|Clangorous Soul|p1a: Kommo-o\n|-boost|p1a: Kommo-o|atk|1\n|-boost|p1a: Kommo-o|def|1\n|-boost|p1a: Kommo-o|spa|1\n|-boost|p1a: Kommo-o|spd|1\n|-boost|p1a: Kommo-o|spe|1\n|-damage|p1a: Kommo-o|68/100\n|move|p2a: Ting-Lu|Spikes|p1a: Kommo-o\n|-sidestart|p1: FoilFred|Spikes\n|\n|-heal|p1a: Kommo-o|74/100|[from] item: Leftovers\n|-heal|p2a: Ting-Lu|60/100|[from] item: Leftovers\n|upkeep\n|turn|7\n|\n|t:|1695178191\n|move|p1a: Kommo-o|Iron Head|p2a: Ting-Lu\n|-damage|p2a: Ting-Lu|45/100\n|move|p2a: Ting-Lu|Whirlwind|p1a: Kommo-o\n|drag|p1a: Ursaluna|Ursaluna-Bloodmoon, M|100/100\n|-damage|p1a: Ursaluna|94/100|[from] Stealth Rock\n|-damage|p1a: Ursaluna|78/100|[from] Spikes\n|\n|-heal|p1a: Ursaluna|84/100|[from] item: Leftovers\n|-heal|p2a: Ting-Lu|51/100|[from] item: Leftovers\n|upkeep\n|turn|8\n|\n|t:|1695178197\n|move|p1a: Ursaluna|Blood Moon|p2a: Ting-Lu\n|-damage|p2a: Ting-Lu|3/100\n|move|p2a: Ting-Lu|Spikes|p1a: Ursaluna\n|-sidestart|p1: FoilFred|Spikes\n|\n|-heal|p1a: Ursaluna|90/100|[from] item: Leftovers\n|-heal|p2a: Ting-Lu|9/100|[from] item: Leftovers\n|upkeep\n|turn|9\n|\n|t:|1695178201\n|move|p1a: Ursaluna|Earth Power|p2a: Ting-Lu\n|-damage|p2a: Ting-Lu|0 fnt\n|faint|p2a: Ting-Lu\n|\n|-heal|p1a: Ursaluna|96/100|[from] item: Leftovers\n|upkeep\n|\n|t:|1695178209\n|switch|p2a: Ogerpon|Ogerpon, F|100/100\n|turn|10\n|\n|t:|1695178216\n|-terastallize|p1a: Ursaluna|Fighting\n|move|p2a: Ogerpon|Ivy Cudgel|p1a: Ursaluna\n|-damage|p1a: Ursaluna|63/100\n|move|p1a: Ursaluna|Blood Moon|p2a: Ogerpon\n|-damage|p2a: Ogerpon|6/100\n|\n|-heal|p1a: Ursaluna|69/100|[from] item: Leftovers\n|upkeep\n|turn|11\n|\n|t:|1695178224\n|switch|p2a: Moltres|Moltres|100/100\n|move|p1a: Ursaluna|Vacuum Wave|p2a: Moltres\n|-resisted|p2a: Moltres\n|-damage|p2a: Moltres|91/100\n|\n|-heal|p1a: Ursaluna|75/100|[from] item: Leftovers\n|upkeep\n|turn|12\n|\n|t:|1695178228\n|move|p2a: Moltres|Will-O-Wisp|p1a: Ursaluna\n|-status|p1a: Ursaluna|brn\n|move|p1a: Ursaluna|Calm Mind|p1a: Ursaluna\n|-boost|p1a: Ursaluna|spa|1\n|-boost|p1a: Ursaluna|spd|1\n|\n|-heal|p1a: Ursaluna|81/100 brn|[from] item: Leftovers\n|-damage|p1a: Ursaluna|75/100 brn|[from] brn\n|upkeep\n|turn|13\n|\n|t:|1695178233\n|move|p2a: Moltres|Flamethrower|p1a: Ursaluna\n|-damage|p1a: Ursaluna|48/100 brn\n|move|p1a: Ursaluna|Blood Moon|p2a: Moltres\n|-damage|p2a: Moltres|5/100\n|\n|-heal|p1a: Ursaluna|54/100 brn|[from] item: Leftovers\n|-damage|p1a: Ursaluna|48/100 brn|[from] brn\n|upkeep\n|turn|14\n|\n|t:|1695178237\n|move|p1a: Ursaluna|Vacuum Wave|p2a: Moltres\n|-resisted|p2a: Moltres\n|-damage|p2a: Moltres|0 fnt\n|faint|p2a: Moltres\n|\n|-heal|p1a: Ursaluna|54/100 brn|[from] item: Leftovers\n|-damage|p1a: Ursaluna|48/100 brn|[from] brn\n|upkeep\n|\n|t:|1695178242\n|switch|p2a: Dragapult|Dragapult, M|100/100\n|turn|15\n|\n|t:|1695178245\n|move|p2a: Dragapult|Hex|p1a: Ursaluna\n|-damage|p1a: Ursaluna|8/100 brn\n|move|p1a: Ursaluna|Blood Moon|p2a: Dragapult\n|-damage|p2a: Dragapult|0 fnt\n|faint|p2a: Dragapult\n|\n|-heal|p1a: Ursaluna|14/100 brn|[from] item: Leftovers\n|-damage|p1a: Ursaluna|8/100 brn|[from] brn\n|upkeep\n|\n|t:|1695178248\n|switch|p2a: Gholdengo|Gholdengo|100/100\n|-item|p2a: Gholdengo|Air Balloon\n|turn|16\n|\n|t:|1695178252\n|move|p1a: Ursaluna|Vacuum Wave|p2a: Gholdengo\n|-supereffective|p2a: Gholdengo\n|-damage|p2a: Gholdengo|26/100\n|-enditem|p2a: Gholdengo|Air Balloon\n|move|p2a: Gholdengo|Shadow Ball|p1a: Ursaluna\n|-damage|p1a: Ursaluna|0 fnt\n|faint|p1a: Ursaluna\n|\n|upkeep\n|\n|t:|1695178257\n|switch|p1a: Enamorus|Enamorus, F|100/100\n|-damage|p1a: Enamorus|76/100|[from] Stealth Rock\n|turn|17\n|\n|t:|1695178262\n|move|p1a: Enamorus|Mystical Fire|p2a: Gholdengo\n|-supereffective|p2a: Gholdengo\n|-damage|p2a: Gholdengo|0 fnt\n|faint|p2a: Gholdengo\n|\n|upkeep\n|\n|t:|1695178265\n|switch|p2a: Ambipom|Ambipom, F, shiny|100/100\n|-status|p2a: Ambipom|psn\n|turn|18\n|-message|AKA/KRUDO forfeited.\n|\n|win|FoilFred\n|raw|FoilFred's rating: 1399 &rarr; <strong>1417</strong><br />(+18 for winning)\n|raw|AKA&#x2f;KRUDO's rating: 1360 &rarr; <strong>1342</strong><br />(-18 for losing)\n|l|\u2606AKA/KRUDO\n", "uploadtime": 1695178274, "views": 4, "p1id": "foilfred", "p2id": "akakrudo", "formatid": "gen9ou", "rating": 1342, "private": 0, "password": ""}