{"id": "gen9ou-1947609273", "p1": "Chickidy", "p2": "4war4e", "format": "gen9ou", "log": "|j|\u2606Chickidy\n|j|\u26064war4e\n|t:|1695177515\n|gametype|singles\n|player|p1|Chickidy|ninjaboy|1399\n|player|p2|4war4e|1|1458\n|teamsize|p1|6\n|teamsize|p2|6\n|gen|9\n|tier|[Gen 9] OU\n|rated|\n|rule|Sleep Clause Mod: Limit one foe put to sleep\n|rule|Species Clause: Limit one of each Pok\u00e9mon\n|rule|OHKO Clause: OHKO moves are banned\n|rule|Evasion Items Clause: Evasion items are banned\n|rule|Evasion Moves Clause: Evasion moves are banned\n|rule|Endless Battle Clause: Forcing endless battles is banned\n|rule|HP Percentage Mod: HP is shown in percentages\n|clearpoke\n|poke|p1|Ursaluna-Bloodmoon, M|\n|poke|p1|Ninetales-Alola, F|\n|poke|p1|Iron Moth|\n|poke|p1|Zamazenta-*|\n|poke|p1|Great Tusk|\n|poke|p1|Weezing-Galar, M|\n|poke|p2|Mew|\n|poke|p2|Ursaluna-Bloodmoon, M|\n|poke|p2|Ogerpon-Hearthflame, F|\n|poke|p2|Walking Wake|\n|poke|p2|Ninetales, M|\n|poke|p2|Great Tusk|\n|teampreview\n|\n|t:|1695177528\n|start\n|switch|p1a: Ninetales|Ninetales-Alola, F|100/100\n|switch|p2a: Ogerpon|Ogerpon-Hearthflame, F|100/100\n|-ability|p2a: Ogerpon|Mold Breaker\n|-weather|Snow|[from] ability: Snow Warning|[of] p1a: Ninetales\n|turn|1\n|\n|t:|1695177533\n|switch|p1a: Zamazenta|Zamazenta|100/100\n|-ability|p1a: Zamazenta|Dauntless Shield|boost\n|-boost|p1a: Zamazenta|def|1\n|move|p2a: Ogerpon|Ivy Cudgel|p1a: Zamazenta\n|-crit|p1a: Zamazenta\n|-damage|p1a: Zamazenta|42/100\n|\n|-weather|Snow|[upkeep]\n|-heal|p1a: Zamazenta|48/100|[from] item: Leftovers\n|upkeep\n|turn|2\n|\n|t:|1695177542\n|switch|p2a: Ninetales|Ninetales, M|100/100\n|-weather|SunnyDay|[from] ability: Drought|[of] p2a: Ninetales\n|move|p1a: Zamazenta|Iron Defense|p1a: Zamazenta\n|-boost|p1a: Zamazenta|def|2\n|\n|-weather|SunnyDay|[upkeep]\n|-heal|p1a: Zamazenta|54/100|[from] item: Leftovers\n|upkeep\n|turn|3\n|\n|t:|1695177548\n|move|p1a: Zamazenta|Body Press|p2a: Ninetales\n|-damage|p2a: Ninetales|0 fnt\n|faint|p2a: Ninetales\n|\n|-weather|SunnyDay|[upkeep]\n|-heal|p1a: Zamazenta|60/100|[from] item: Leftovers\n|upkeep\n|\n|t:|1695177550\n|switch|p2a: Walking Wake|Walking Wake|100/100\n|-activate|p2a: Walking Wake|ability: Protosynthesis\n|-start|p2a: Walking Wake|protosynthesisspe\n|turn|4\n|\n|t:|1695177554\n|move|p2a: Walking Wake|Hydro Steam|p1a: Zamazenta\n|-damage|p1a: Zamazenta|0 fnt\n|faint|p1a: Zamazenta\n|\n|-weather|SunnyDay|[upkeep]\n|upkeep\n|\n|t:|1695177559\n|switch|p1a: Weezing|Weezing-Galar, M|100/100\n|turn|5\n|\n|t:|1695177561\n|move|p2a: Walking Wake|Hydro Steam|p1a: Weezing\n|-damage|p1a: Weezing|19/100\n|move|p1a: Weezing|Strange Steam|p2a: Walking Wake\n|-supereffective|p2a: Walking Wake\n|-damage|p2a: Walking Wake|35/100\n|\n|-weather|SunnyDay|[upkeep]\n|-heal|p1a: Weezing|25/100|[from] item: Black Sludge\n|upkeep\n|turn|6\n|\n|t:|1695177568\n|move|p2a: Walking Wake|Hydro Steam|p1a: Weezing\n|-damage|p1a: Weezing|0 fnt\n|faint|p1a: Weezing\n|\n|-weather|SunnyDay|[upkeep]\n|upkeep\n|\n|t:|1695177573\n|switch|p1a: Iron Moth|Iron Moth|100/100\n|-enditem|p1a: Iron Moth|Booster Energy\n|-activate|p1a: Iron Moth|ability: Quark Drive|[fromitem]\n|-start|p1a: Iron Moth|quarkdrivespe\n|turn|7\n|\n|t:|1695177577\n|move|p1a: Iron Moth|Dazzling Gleam|p2a: Walking Wake\n|-supereffective|p2a: Walking Wake\n|-damage|p2a: Walking Wake|0 fnt\n|faint|p2a: Walking Wake\n|-end|p2a: Walking Wake|Protosynthesis|[silent]\n|\n|-weather|SunnyDay|[upkeep]\n|upkeep\n|\n|t:|1695177579\n|switch|p2a: Ursaluna|Ursaluna-Bloodmoon, M|100/100\n|turn|8\n|\n|t:|1695177582\n|move|p1a: Iron Moth|Energy Ball|p2a: Ursaluna\n|-supereffective|p2a: Ursaluna\n|-damage|p2a: Ursaluna|34/100\n|move|p2a: Ursaluna|Earth Power|p1a: Iron Moth\n|-supereffective|p1a: Iron Moth\n|-damage|p1a: Iron Moth|0 fnt\n|faint|p1a: Iron Moth\n|-end|p1a: Iron Moth|Quark Drive|[silent]\n|\n|-weather|SunnyDay|[upkeep]\n|upkeep\n|\n|t:|1695177586\n|switch|p1a: Ninetales|Ninetales-Alola, F|100/100\n|-weather|Snow|[from] ability: Snow Warning|[of] p1a: Ninetales\n|turn|9\n|\n|t:|1695177592\n|move|p1a: Ninetales|Freeze-Dry|p2a: Ursaluna\n|-supereffective|p2a: Ursaluna\n|-damage|p2a: Ursaluna|0 fnt\n|faint|p2a: Ursaluna\n|\n|-weather|Snow|[upkeep]\n|upkeep\n|\n|t:|1695177594\n|switch|p2a: Ogerpon|Ogerpon-Hearthflame, F|100/100\n|-ability|p2a: Ogerpon|Mold Breaker\n|turn|10\n|\n|t:|1695177596\n|switch|p1a: Great Tusk|Great Tusk|100/100\n|-enditem|p1a: Great Tusk|Booster Energy\n|-activate|p1a: Great Tusk|ability: Protosynthesis|[fromitem]\n|-start|p1a: Great Tusk|protosynthesisspe\n|move|p2a: Ogerpon|Ivy Cudgel|p1a: Great Tusk\n|-damage|p1a: Great Tusk|61/100\n|\n|-weather|Snow|[upkeep]\n|upkeep\n|turn|11\n|\n|t:|1695177601\n|switch|p2a: Great Tusk|Great Tusk|100/100\n|-terastallize|p1a: Great Tusk|Ice\n|move|p1a: Great Tusk|Bulk Up|p1a: Great Tusk\n|-boost|p1a: Great Tusk|atk|1\n|-boost|p1a: Great Tusk|def|1\n|\n|-weather|Snow|[upkeep]\n|upkeep\n|turn|12\n|\n|t:|1695177603\n|move|p1a: Great Tusk|Bulk Up|p1a: Great Tusk\n|-boost|p1a: Great Tusk|atk|1\n|-boost|p1a: Great Tusk|def|1\n|move|p2a: Great Tusk|Body Press|p1a: Great Tusk\n|-supereffective|p1a: Great Tusk\n|-damage|p1a: Great Tusk|41/100\n|\n|-weather|Snow|[upkeep]\n|upkeep\n|turn|13\n|\n|t:|1695177608\n|move|p1a: Great Tusk|Ice Spinner|p2a: Great Tusk\n|-supereffective|p2a: Great Tusk\n|-damage|p2a: Great Tusk|34/100\n|move|p2a: Great Tusk|Body Press|p1a: Great Tusk\n|-supereffective|p1a: Great Tusk\n|-damage|p1a: Great Tusk|20/100\n|\n|-weather|none\n|upkeep\n|turn|14\n|\n|t:|1695177611\n|move|p1a: Great Tusk|Ice Spinner|p2a: Great Tusk\n|-supereffective|p2a: Great Tusk\n|-damage|p2a: Great Tusk|0 fnt\n|faint|p2a: Great Tusk\n|-end|p2a: Great Tusk|Protosynthesis|[silent]\n|\n|upkeep\n|\n|t:|1695177612\n|switch|p2a: Mew|Mew|100/100\n|turn|15\n|\n|t:|1695177614\n|move|p1a: Great Tusk|Knock Off|p2a: Mew\n|-supereffective|p2a: Mew\n|-damage|p2a: Mew|35/100\n|-enditem|p2a: Mew|Leftovers|[from] move: Knock Off|[of] p1a: Great Tusk\n|move|p2a: Mew|Transform|p1a: Great Tusk\n|-transform|p2a: Mew|p1a: Great Tusk\n|\n|upkeep\n|-start|p2a: Mew|typechange|Ground/Fighting|[silent]\n|turn|16\n|\n|t:|1695177622\n|-terastallize|p2a: Mew|Steel\n|move|p1a: Great Tusk|Ice Spinner|p2a: Mew\n|-resisted|p2a: Mew\n|-damage|p2a: Mew|24/100\n|move|p2a: Mew|Headlong Rush|p1a: Great Tusk\n|-damage|p1a: Great Tusk|0 fnt\n|-unboost|p2a: Mew|def|1\n|-unboost|p2a: Mew|spd|1\n|faint|p1a: Great Tusk\n|-end|p1a: Great Tusk|Protosynthesis|[silent]\n|\n|upkeep\n|inactive|Battle timer is ON: inactive players will automatically lose when time's up. (requested by 4war4e)\n|\n|t:|1695177646\n|switch|p1a: Ursaluna|Ursaluna-Bloodmoon, M|100/100\n|turn|17\n|\n|t:|1695177654\n|move|p1a: Ursaluna|Vacuum Wave|p2a: Mew\n|-supereffective|p2a: Mew\n|-damage|p2a: Mew|0 fnt\n|faint|p2a: Mew\n|-end|p2a: Mew|Protosynthesis|[silent]\n|\n|upkeep\n|\n|t:|1695177656\n|switch|p2a: Ogerpon|Ogerpon-Hearthflame, F|100/100\n|-ability|p2a: Ogerpon|Mold Breaker\n|turn|18\n|\n|t:|1695177659\n|move|p2a: Ogerpon|Swords Dance|p2a: Ogerpon\n|-boost|p2a: Ogerpon|atk|2\n|move|p1a: Ursaluna|Blood Moon|p2a: Ogerpon\n|-damage|p2a: Ogerpon|21/100\n|\n|upkeep\n|turn|19\n|\n|t:|1695177667\n|move|p1a: Ursaluna|Vacuum Wave|p2a: Ogerpon\n|-damage|p2a: Ogerpon|3/100\n|move|p2a: Ogerpon|Horn Leech|p1a: Ursaluna\n|-supereffective|p1a: Ursaluna\n|-damage|p1a: Ursaluna|0 fnt\n|-heal|p2a: Ogerpon|75/100|[from] drain|[of] p1a: Ursaluna\n|faint|p1a: Ursaluna\n|\n|upkeep\n|\n|t:|1695177669\n|switch|p1a: Ninetales|Ninetales-Alola, F|100/100\n|-weather|Snow|[from] ability: Snow Warning|[of] p1a: Ninetales\n|turn|20\n|\n|t:|1695177672\n|move|p2a: Ogerpon|Ivy Cudgel|p1a: Ninetales\n|-supereffective|p1a: Ninetales\n|-damage|p1a: Ninetales|0 fnt\n|faint|p1a: Ninetales\n|\n|win|4war4e\n|raw|Chickidy's rating: 1399 &rarr; <strong>1382</strong><br />(-17 for losing)\n|raw|4war4e's rating: 1458 &rarr; <strong>1475</strong><br />(+17 for winning)\n", "uploadtime": 1695177675, "views": 2, "p1id": "chickidy", "p2id": "4war4e", "formatid": "gen9ou", "rating": 1382, "private": 0, "password": ""}