{"id": "gen9ou-1947658932", "p1": "irackybaracky", "p2": "Franky en esprit", "format": "gen9ou", "log": "|j|\u2606irackybaracky\n|j|\u2606Franky en esprit\n|t:|1695183158\n|gametype|singles\n|player|p1|irackybaracky|1|1130\n|player|p2|Franky en esprit|266|1165\n|teamsize|p1|6\n|teamsize|p2|6\n|gen|9\n|tier|[Gen 9] OU\n|rated|\n|rule|Sleep Clause Mod: Limit one foe put to sleep\n|rule|Species Clause: Limit one of each Pok\u00e9mon\n|rule|OHKO Clause: OHKO moves are banned\n|rule|Evasion Items Clause: Evasion items are banned\n|rule|Evasion Moves Clause: Evasion moves are banned\n|rule|Endless Battle Clause: Forcing endless battles is banned\n|rule|HP Percentage Mod: HP is shown in percentages\n|clearpoke\n|poke|p1|Iron Moth|\n|poke|p1|Ursaluna-Bloodmoon, M|\n|poke|p1|Great Tusk|\n|poke|p1|Kingambit, F|\n|poke|p1|Dragonite, M|\n|poke|p1|Iron Valiant|\n|poke|p2|Landorus-Therian, M|\n|poke|p2|Garchomp, M|\n|poke|p2|Zapdos|\n|poke|p2|Kingambit, M|\n|poke|p2|Enamorus, F|\n|poke|p2|Meowscarada, M|\n|teampreview\n|inactive|Battle timer is ON: inactive players will automatically lose when time's up. (requested by irackybaracky)\n|inactive|irackybaracky has 120 seconds left.\n|\n|t:|1695183197\n|start\n|switch|p1a: Dragonite|Dragonite, M|100/100\n|switch|p2a: Landorus|Landorus-Therian, M|100/100\n|-ability|p2a: Landorus|Intimidate|boost\n|-unboost|p1a: Dragonite|atk|1\n|turn|1\n|\n|t:|1695183221\n|move|p2a: Landorus|Taunt|p1a: Dragonite\n|-start|p1a: Dragonite|move: Taunt\n|cant|p1a: Dragonite|move: Taunt|Encore\n|\n|upkeep\n|turn|2\n|\n|t:|1695183230\n|switch|p1a: Great Tusk|Great Tusk|100/100\n|move|p2a: Landorus|Stealth Rock|p1a: Great Tusk\n|-sidestart|p1: irackybaracky|move: Stealth Rock\n|\n|upkeep\n|turn|3\n|\n|t:|1695183238\n|move|p2a: Landorus|U-turn|p1a: Great Tusk\n|-resisted|p1a: Great Tusk\n|-damage|p1a: Great Tusk|92/100\n|\n|t:|1695183243\n|switch|p2a: Zapdos|Zapdos|100/100|[from] U-turn\n|move|p1a: Great Tusk|Knock Off|p2a: Zapdos\n|-damage|p2a: Zapdos|73/100\n|-enditem|p2a: Zapdos|Heavy-Duty Boots|[from] move: Knock Off|[of] p1a: Great Tusk\n|\n|upkeep\n|turn|4\n|inactive|irackybaracky has 120 seconds left.\n|\n|t:|1695183290\n|-end|p1a: Great Tusk|Protosynthesis|[silent]\n|switch|p1a: Kingambit|Kingambit, F|100/100\n|-damage|p1a: Kingambit|94/100|[from] Stealth Rock\n|-item|p1a: Kingambit|Air Balloon\n|move|p2a: Zapdos|Hurricane|p1a: Kingambit|[miss]\n|-miss|p2a: Zapdos|p1a: Kingambit\n|\n|upkeep\n|turn|5\n|inactive|irackybaracky has 90 seconds left.\n|\n|t:|1695183323\n|-end|p1a: Kingambit|fallenundefined|[silent]\n|switch|p1a: Ursaluna|Ursaluna-Bloodmoon, M|100/100\n|-damage|p1a: Ursaluna|94/100|[from] Stealth Rock\n|move|p2a: Zapdos|Volt Switch|p1a: Ursaluna\n|-immune|p1a: Ursaluna\n|\n|-heal|p1a: Ursaluna|100/100|[from] item: Leftovers\n|upkeep\n|turn|6\n|inactive|irackybaracky has 90 seconds left.\n|\n|t:|1695183340\n|switch|p2a: Meowscarada|Meowscarada, M|100/100\n|move|p1a: Ursaluna|Calm Mind|p1a: Ursaluna\n|-boost|p1a: Ursaluna|spa|1\n|-boost|p1a: Ursaluna|spd|1\n|\n|upkeep\n|turn|7\n|\n|t:|1695183350\n|-terastallize|p1a: Ursaluna|Fighting\n|move|p1a: Ursaluna|Vacuum Wave|p2a: Meowscarada\n|-supereffective|p2a: Meowscarada\n|-damage|p2a: Meowscarada|0 fnt\n|faint|p2a: Meowscarada\n|\n|upkeep\n|\n|t:|1695183356\n|switch|p2a: Enamorus|Enamorus, F|100/100\n|turn|8\n|\n|t:|1695183364\n|move|p2a: Enamorus|Play Rough|p1a: Ursaluna\n|-supereffective|p1a: Ursaluna\n|-damage|p1a: Ursaluna|37/100\n|move|p1a: Ursaluna|Calm Mind|p1a: Ursaluna\n|-boost|p1a: Ursaluna|spa|1\n|-boost|p1a: Ursaluna|spd|1\n|\n|-heal|p1a: Ursaluna|43/100|[from] item: Leftovers\n|upkeep\n|turn|9\n|\n|t:|1695183378\n|move|p1a: Ursaluna|Vacuum Wave|p2a: Enamorus\n|-resisted|p2a: Enamorus\n|-damage|p2a: Enamorus|84/100\n|move|p2a: Enamorus|Zen Headbutt|p1a: Ursaluna\n|-supereffective|p1a: Ursaluna\n|-damage|p1a: Ursaluna|9/100\n|\n|-heal|p2a: Enamorus|90/100|[from] item: Leftovers\n|-heal|p1a: Ursaluna|15/100|[from] item: Leftovers\n|upkeep\n|turn|10\n|inactive|irackybaracky has 120 seconds left.\n|\n|t:|1695183390\n|switch|p1a: Iron Moth|Iron Moth|100/100\n|-enditem|p1a: Iron Moth|Booster Energy\n|-activate|p1a: Iron Moth|ability: Quark Drive|[fromitem]\n|-start|p1a: Iron Moth|quarkdrivespe\n|-damage|p1a: Iron Moth|76/100|[from] Stealth Rock\n|move|p2a: Enamorus|Superpower|p1a: Iron Moth\n|-resisted|p1a: Iron Moth\n|-damage|p1a: Iron Moth|48/100\n|-boost|p2a: Enamorus|atk|1\n|-boost|p2a: Enamorus|def|1\n|\n|-heal|p2a: Enamorus|97/100|[from] item: Leftovers\n|upkeep\n|turn|11\n|inactive|irackybaracky has 120 seconds left.\n|\n|t:|1695183405\n|-terastallize|p2a: Enamorus|Steel\n|move|p1a: Iron Moth|Sludge Wave|p2a: Enamorus\n|-immune|p2a: Enamorus\n|move|p2a: Enamorus|Substitute|p2a: Enamorus\n|-start|p2a: Enamorus|Substitute\n|-damage|p2a: Enamorus|72/100\n|\n|-heal|p2a: Enamorus|78/100|[from] item: Leftovers\n|upkeep\n|turn|12\n|\n|t:|1695183413\n|move|p1a: Iron Moth|Fiery Dance|p2a: Enamorus\n|-supereffective|p2a: Enamorus\n|-end|p2a: Enamorus|Substitute\n|move|p2a: Enamorus|Zen Headbutt|p1a: Iron Moth\n|-supereffective|p1a: Iron Moth\n|-damage|p1a: Iron Moth|0 fnt\n|faint|p1a: Iron Moth\n|-end|p1a: Iron Moth|Quark Drive|[silent]\n|\n|-heal|p2a: Enamorus|84/100|[from] item: Leftovers\n|upkeep\n|inactive|irackybaracky has 120 seconds left.\n|\n|t:|1695183431\n|switch|p1a: Ursaluna|Ursaluna-Bloodmoon, M, tera:Fighting|15/100\n|-damage|p1a: Ursaluna|9/100|[from] Stealth Rock\n|turn|13\n|\n|t:|1695183441\n|move|p1a: Ursaluna|Vacuum Wave|p2a: Enamorus\n|-supereffective|p2a: Enamorus\n|-damage|p2a: Enamorus|14/100\n|move|p2a: Enamorus|Superpower|p1a: Ursaluna\n|-damage|p1a: Ursaluna|0 fnt\n|-boost|p2a: Enamorus|atk|1\n|-boost|p2a: Enamorus|def|1\n|faint|p1a: Ursaluna\n|\n|-heal|p2a: Enamorus|20/100|[from] item: Leftovers\n|upkeep\n|\n|t:|1695183450\n|switch|p1a: Iron Valiant|Iron Valiant|100/100\n|-damage|p1a: Iron Valiant|94/100|[from] Stealth Rock\n|-enditem|p1a: Iron Valiant|Booster Energy\n|-activate|p1a: Iron Valiant|ability: Quark Drive|[fromitem]\n|-start|p1a: Iron Valiant|quarkdrivespe\n|turn|14\n|\n|t:|1695183461\n|move|p1a: Iron Valiant|Thunderbolt|p2a: Enamorus\n|-damage|p2a: Enamorus|0 fnt\n|faint|p2a: Enamorus\n|\n|upkeep\n|\n|t:|1695183467\n|switch|p2a: Zapdos|Zapdos|73/100\n|turn|15\n|\n|t:|1695183478\n|-end|p1a: Iron Valiant|Quark Drive|[silent]\n|switch|p1a: Kingambit|Kingambit, F|94/100\n|-damage|p1a: Kingambit|88/100|[from] Stealth Rock\n|-activate|p1a: Kingambit|ability: Supreme Overlord\n|-start|p1a: Kingambit|fallen2|[silent]\n|-item|p1a: Kingambit|Air Balloon\n|move|p2a: Zapdos|Roost|p2a: Zapdos\n|-heal|p2a: Zapdos|100/100\n|-singleturn|p2a: Zapdos|move: Roost\n|\n|upkeep\n|turn|16\n|\n|t:|1695183487\n|move|p2a: Zapdos|Heat Wave|p1a: Kingambit\n|-supereffective|p1a: Kingambit\n|-damage|p1a: Kingambit|8/100\n|-enditem|p1a: Kingambit|Air Balloon\n|move|p1a: Kingambit|Swords Dance|p1a: Kingambit\n|-boost|p1a: Kingambit|atk|2\n|\n|upkeep\n|turn|17\n|\n|t:|1695183495\n|move|p1a: Kingambit|Sucker Punch|p2a: Zapdos\n|-damage|p2a: Zapdos|7/100\n|move|p2a: Zapdos|Volt Switch|p1a: Kingambit\n|-damage|p1a: Kingambit|0 fnt\n|faint|p1a: Kingambit\n|-end|p1a: Kingambit|fallen2|[silent]\n|\n|t:|1695183504\n|switch|p2a: Landorus|Landorus-Therian, M|100/100|[from] Volt Switch\n|\n|upkeep\n|\n|t:|1695183532\n|switch|p1a: Great Tusk|Great Tusk|92/100\n|turn|18\n|\n|t:|1695183538\n|move|p2a: Landorus|Taunt|p1a: Great Tusk\n|-start|p1a: Great Tusk|move: Taunt\n|move|p1a: Great Tusk|Knock Off|p2a: Landorus\n|-damage|p2a: Landorus|66/100\n|-enditem|p2a: Landorus|Leftovers|[from] move: Knock Off|[of] p1a: Great Tusk\n|\n|upkeep\n|turn|19\n|\n|t:|1695183546\n|move|p2a: Landorus|Earthquake|p1a: Great Tusk\n|-damage|p1a: Great Tusk|57/100\n|move|p1a: Great Tusk|Rapid Spin|p2a: Landorus\n|-damage|p2a: Landorus|49/100\n|-boost|p1a: Great Tusk|spe|1\n|-sideend|p1: irackybaracky|Stealth Rock|[from] move: Rapid Spin|[of] p1a: Great Tusk\n|\n|upkeep\n|turn|20\n|\n|t:|1695183553\n|move|p1a: Great Tusk|Knock Off|p2a: Landorus\n|-damage|p2a: Landorus|29/100\n|move|p2a: Landorus|Earthquake|p1a: Great Tusk\n|-damage|p1a: Great Tusk|24/100\n|\n|-end|p1a: Great Tusk|move: Taunt\n|upkeep\n|turn|21\n|\n|t:|1695183560\n|move|p1a: Great Tusk|Knock Off|p2a: Landorus\n|-damage|p2a: Landorus|8/100\n|move|p2a: Landorus|Earthquake|p1a: Great Tusk\n|-damage|p1a: Great Tusk|0 fnt\n|faint|p1a: Great Tusk\n|-end|p1a: Great Tusk|Protosynthesis|[silent]\n|\n|upkeep\n|\n|t:|1695183569\n|switch|p1a: Iron Valiant|Iron Valiant|94/100\n|turn|22\n|\n|t:|1695183572\n|move|p1a: Iron Valiant|Moonblast|p2a: Landorus\n|-damage|p2a: Landorus|0 fnt\n|faint|p2a: Landorus\n|\n|upkeep\n|\n|t:|1695183576\n|switch|p2a: Kingambit|Kingambit, M|100/100\n|-activate|p2a: Kingambit|ability: Supreme Overlord\n|-start|p2a: Kingambit|fallen3|[silent]\n|turn|23\n|\n|t:|1695183582\n|-end|p1a: Iron Valiant|Quark Drive|[silent]\n|switch|p1a: Dragonite|Dragonite, M|100/100\n|move|p2a: Kingambit|Iron Head|p1a: Dragonite\n|-damage|p1a: Dragonite|72/100\n|\n|upkeep\n|turn|24\n|\n|t:|1695183592\n|move|p1a: Dragonite|Earthquake|p2a: Kingambit\n|-supereffective|p2a: Kingambit\n|-damage|p2a: Kingambit|39/100\n|move|p2a: Kingambit|Iron Head|p1a: Dragonite\n|-damage|p1a: Dragonite|13/100\n|\n|upkeep\n|turn|25\n|\n|t:|1695183599\n|-end|p2a: Kingambit|fallen3|[silent]\n|switch|p2a: Zapdos|Zapdos|7/100\n|move|p1a: Dragonite|Earthquake|p2a: Zapdos\n|-immune|p2a: Zapdos\n|\n|upkeep\n|turn|26\n|\n|t:|1695183605\n|move|p1a: Dragonite|Extreme Speed|p2a: Zapdos\n|-damage|p2a: Zapdos|0 fnt\n|-status|p1a: Dragonite|par|[from] ability: Static|[of] p2a: Zapdos\n|faint|p2a: Zapdos\n|\n|upkeep\n|\n|t:|1695183611\n|switch|p2a: Garchomp|Garchomp, M|100/100\n|turn|27\n|\n|t:|1695183617\n|move|p1a: Dragonite|Extreme Speed|p2a: Garchomp\n|-damage|p2a: Garchomp|67/100\n|-damage|p1a: Dragonite|0 fnt|[from] ability: Rough Skin|[of] p2a: Garchomp\n|faint|p1a: Dragonite\n|move|p2a: Garchomp|Swords Dance|p2a: Garchomp\n|-boost|p2a: Garchomp|atk|2\n|\n|upkeep\n|\n|t:|1695183623\n|switch|p1a: Iron Valiant|Iron Valiant|94/100\n|turn|28\n|\n|t:|1695183626\n|move|p1a: Iron Valiant|Moonblast|p2a: Garchomp\n|-supereffective|p2a: Garchomp\n|-damage|p2a: Garchomp|0 fnt\n|faint|p2a: Garchomp\n|\n|upkeep\n|\n|t:|1695183631\n|switch|p2a: Kingambit|Kingambit, M|39/100\n|-activate|p2a: Kingambit|ability: Supreme Overlord\n|-start|p2a: Kingambit|fallen5|[silent]\n|turn|29\n|-message|Franky en esprit forfeited.\n|\n|win|irackybaracky\n|raw|irackybaracky's rating: 1130 &rarr; <strong>1158</strong><br />(+28 for winning)\n|raw|Franky en esprit's rating: 1165 &rarr; <strong>1137</strong><br />(-28 for losing)\n|l|\u2606Franky en esprit\n|c|\u2606irackybaracky|gg\n", "uploadtime": 1695183652, "views": 5, "p1id": "irackybaracky", "p2id": "frankyenesprit", "formatid": "gen9ou", "rating": 1137, "private": 0, "password": ""}