{"id": "gen9ou-1947688934", "p1": "blazingfox4", "p2": "AaronXu", "format": "gen9ou", "log": "|j|\u2606blazingfox4\n|j|\u2606AaronXu\n|t:|1695187368\n|gametype|singles\n|player|p1|blazingfox4|blackbelt-gen4dp|1282\n|player|p2|AaronXu|hilbert|1215\n|teamsize|p1|6\n|teamsize|p2|6\n|gen|9\n|tier|[Gen 9] OU\n|rated|\n|rule|Sleep Clause Mod: Limit one foe put to sleep\n|rule|Species Clause: Limit one of each Pok\u00e9mon\n|rule|OHKO Clause: OHKO moves are banned\n|rule|Evasion Items Clause: Evasion items are banned\n|rule|Evasion Moves Clause: Evasion moves are banned\n|rule|Endless Battle Clause: Forcing endless battles is banned\n|rule|HP Percentage Mod: HP is shown in percentages\n|clearpoke\n|poke|p1|Torterra, F|\n|poke|p1|Slowking-Galar, F|\n|poke|p1|Ursaluna-Bloodmoon, M|\n|poke|p1|Landorus-Therian, M|\n|poke|p1|Great Tusk|\n|poke|p1|Iron Moth|\n|poke|p2|Pelipper, F|\n|poke|p2|Amoonguss, F|\n|poke|p2|Enamorus, F|\n|poke|p2|Greninja-*, M|\n|poke|p2|Rillaboom, M|\n|poke|p2|Hatterene, F|\n|teampreview\n|inactive|Battle timer is ON: inactive players will automatically lose when time's up. (requested by blazingfox4)\n|\n|t:|1695187380\n|start\n|switch|p1a: Ursaluna|Ursaluna-Bloodmoon, M|100/100\n|switch|p2a: Amoonguss|Amoonguss, F|100/100\n|turn|1\n|\n|t:|1695187394\n|switch|p1a: Torterra|Torterra, F|100/100\n|move|p2a: Amoonguss|Spore|p1a: Torterra\n|-immune|p1a: Torterra\n|\n|upkeep\n|turn|2\n|\n|t:|1695187400\n|move|p1a: Torterra|Shell Smash|p1a: Torterra\n|-unboost|p1a: Torterra|def|1\n|-unboost|p1a: Torterra|spd|1\n|-boost|p1a: Torterra|atk|2\n|-boost|p1a: Torterra|spa|2\n|-boost|p1a: Torterra|spe|2\n|-enditem|p1a: Torterra|White Herb\n|-clearnegativeboost|p1a: Torterra|[silent]\n|move|p2a: Amoonguss|Toxic|p1a: Torterra\n|-status|p1a: Torterra|tox\n|\n|-damage|p1a: Torterra|94/100 tox|[from] psn\n|upkeep\n|turn|3\n|\n|t:|1695187412\n|switch|p2a: Pelipper|Pelipper, F|100/100\n|-weather|RainDance|[from] ability: Drizzle|[of] p2a: Pelipper\n|-terastallize|p1a: Torterra|Ice\n|move|p1a: Torterra|Tera Blast|p2a: Pelipper\n|-damage|p2a: Pelipper|35/100\n|\n|-weather|RainDance|[upkeep]\n|-damage|p1a: Torterra|82/100 tox|[from] psn\n|upkeep\n|turn|4\n|c|\u2606blazingfox4|let the tree have his day\n|c|\u2606blazingfox4|we both want this\n|inactive|AaronXu has 120 seconds left.\n|\n|t:|1695187452\n|switch|p2a: Hatterene|Hatterene, F|100/100\n|move|p1a: Torterra|Wood Hammer|p2a: Hatterene\n|-damage|p2a: Hatterene|4/100\n|-enditem|p2a: Hatterene|Sitrus Berry|[eat]\n|-heal|p2a: Hatterene|29/100|[from] item: Sitrus Berry\n|-damage|p1a: Torterra|59/100 tox|[from] Recoil\n|\n|-weather|RainDance|[upkeep]\n|-damage|p1a: Torterra|40/100 tox|[from] psn\n|upkeep\n|turn|5\n|\n|t:|1695187466\n|move|p1a: Torterra|Tera Blast|p2a: Hatterene\n|-damage|p2a: Hatterene|0 fnt\n|faint|p2a: Hatterene\n|\n|-weather|RainDance|[upkeep]\n|-damage|p1a: Torterra|15/100 tox|[from] psn\n|upkeep\n|\n|t:|1695187476\n|switch|p2a: Greninja|Greninja, M|100/100\n|turn|6\n|\n|t:|1695187479\n|move|p2a: Greninja|Water Shuriken|p1a: Torterra\n|-damage|p1a: Torterra|3/100 tox\n|-damage|p1a: Torterra|0 fnt\n|faint|p1a: Torterra\n|-ability|p2a: Greninja|Battle Bond|boost\n|-boost|p2a: Greninja|atk|1\n|-boost|p2a: Greninja|spa|1\n|-boost|p2a: Greninja|spe|1\n|-activate|p2a: Greninja|ability: Battle Bond\n|-hitcount|p1: Torterra|2\n|\n|-weather|RainDance|[upkeep]\n|upkeep\n|\n|t:|1695187484\n|switch|p1a: Slowking|Slowking-Galar, F|100/100\n|turn|7\n|\n|t:|1695187492\n|move|p2a: Greninja|Dark Pulse|p1a: Slowking\n|-supereffective|p1a: Slowking\n|-damage|p1a: Slowking|54/100\n|move|p1a: Slowking|Sludge Bomb|p2a: Greninja\n|-damage|p2a: Greninja|43/100\n|\n|-weather|RainDance|[upkeep]\n|upkeep\n|turn|8\n|\n|t:|1695187500\n|move|p2a: Greninja|Dark Pulse|p1a: Slowking\n|-supereffective|p1a: Slowking\n|-damage|p1a: Slowking|9/100\n|move|p1a: Slowking|Sludge Bomb|p2a: Greninja\n|-damage|p2a: Greninja|0 fnt\n|faint|p2a: Greninja\n|\n|-weather|RainDance|[upkeep]\n|upkeep\n|\n|t:|1695187512\n|switch|p2a: Rillaboom|Rillaboom, M|100/100\n|-fieldstart|move: Grassy Terrain|[from] ability: Grassy Surge|[of] p2a: Rillaboom\n|turn|9\n|\n|t:|1695187516\n|switch|p1a: Landorus|Landorus-Therian, M|100/100\n|-ability|p1a: Landorus|Intimidate|boost\n|-unboost|p2a: Rillaboom|atk|1\n|move|p2a: Rillaboom|Grassy Glide|p1a: Landorus\n|-damage|p1a: Landorus|74/100\n|-damage|p2a: Rillaboom|84/100|[from] item: Rocky Helmet|[of] p1a: Landorus\n|\n|-weather|RainDance|[upkeep]\n|-heal|p2a: Rillaboom|90/100|[from] Grassy Terrain\n|upkeep\n|turn|10\n|\n|t:|1695187531\n|switch|p2a: Pelipper|Pelipper, F|35/100\n|move|p1a: Landorus|Stealth Rock|p2a: Pelipper\n|-sidestart|p2: AaronXu|move: Stealth Rock\n|\n|-weather|none\n|upkeep\n|turn|11\n|\n|t:|1695187537\n|switch|p1a: Slowking|Slowking-Galar, F|42/100\n|move|p2a: Pelipper|Hydro Pump|p1a: Slowking\n|-damage|p1a: Slowking|21/100\n|\n|-heal|p1a: Slowking|27/100|[from] Grassy Terrain\n|upkeep\n|turn|12\n|\n|t:|1695187546\n|move|p2a: Pelipper|Hurricane|p1a: Slowking|[miss]\n|-miss|p2a: Pelipper|p1a: Slowking\n|move|p1a: Slowking|Future Sight|p2a: Pelipper\n|-start|p1a: Slowking|move: Future Sight\n|\n|-heal|p1a: Slowking|33/100|[from] Grassy Terrain\n|upkeep\n|turn|13\n|\n|t:|1695187552\n|move|p2a: Pelipper|Hurricane|p1a: Slowking|[miss]\n|-miss|p2a: Pelipper|p1a: Slowking\n|move|p1a: Slowking|Sludge Bomb|p2a: Pelipper\n|-damage|p2a: Pelipper|0 fnt\n|faint|p2a: Pelipper\n|\n|-heal|p1a: Slowking|39/100|[from] Grassy Terrain\n|-fieldend|move: Grassy Terrain\n|upkeep\n|\n|t:|1695187565\n|switch|p2a: Amoonguss|Amoonguss, F|100/100\n|-damage|p2a: Amoonguss|88/100|[from] Stealth Rock\n|turn|14\n|\n|t:|1695187577\n|move|p1a: Slowking|Flamethrower|p2a: Amoonguss\n|-supereffective|p2a: Amoonguss\n|-damage|p2a: Amoonguss|53/100\n|move|p2a: Amoonguss|Spore|p1a: Slowking\n|-status|p1a: Slowking|slp|[from] move: Spore\n|\n|-end|p2a: Amoonguss|move: Future Sight\n|-supereffective|p2a: Amoonguss\n|-damage|p2a: Amoonguss|0 fnt\n|faint|p2a: Amoonguss\n|upkeep\n|\n|t:|1695187586\n|switch|p2a: Enamorus|Enamorus, F|100/100\n|-damage|p2a: Enamorus|76/100|[from] Stealth Rock\n|turn|15\n|inactive|blazingfox4 has 120 seconds left.\n|\n|t:|1695187634\n|move|p2a: Enamorus|Tailwind|p2a: Enamorus\n|-sidestart|p2: AaronXu|move: Tailwind\n|cant|p1a: Slowking|slp\n|\n|upkeep\n|turn|16\n|\n|t:|1695187644\n|switch|p1a: Ursaluna|Ursaluna-Bloodmoon, M|100/100\n|move|p2a: Enamorus|Superpower|p1a: Ursaluna\n|-supereffective|p1a: Ursaluna\n|-damage|p1a: Ursaluna|48/100\n|-boost|p2a: Enamorus|atk|1\n|-boost|p2a: Enamorus|def|1\n|\n|-heal|p1a: Ursaluna|54/100|[from] item: Leftovers\n|upkeep\n|turn|17\n|\n|t:|1695187654\n|move|p2a: Enamorus|Superpower|p1a: Ursaluna\n|-supereffective|p1a: Ursaluna\n|-damage|p1a: Ursaluna|0 fnt\n|-boost|p2a: Enamorus|atk|1\n|-boost|p2a: Enamorus|def|1\n|faint|p1a: Ursaluna\n|\n|upkeep\n|\n|t:|1695187657\n|switch|p1a: Landorus|Landorus-Therian, M|74/100\n|-ability|p1a: Landorus|Intimidate|boost\n|-boost|p2a: Enamorus|atk|1\n|turn|18\n|\n|t:|1695187673\n|move|p2a: Enamorus|Play Rough|p1a: Landorus\n|-damage|p1a: Landorus|0 fnt\n|-damage|p2a: Enamorus|59/100|[from] item: Rocky Helmet|[of] p1a: Landorus\n|faint|p1a: Landorus\n|\n|-sideend|p2: AaronXu|move: Tailwind\n|upkeep\n|\n|t:|1695187679\n|switch|p1a: Iron Moth|Iron Moth|100/100\n|-enditem|p1a: Iron Moth|Booster Energy\n|-activate|p1a: Iron Moth|ability: Quark Drive|[fromitem]\n|-start|p1a: Iron Moth|quarkdrivespe\n|turn|19\n|\n|t:|1695187701\n|-terastallize|p2a: Enamorus|Fighting\n|move|p1a: Iron Moth|Sludge Wave|p2a: Enamorus\n|-damage|p2a: Enamorus|0 fnt\n|faint|p2a: Enamorus\n|\n|upkeep\n|\n|t:|1695187706\n|switch|p2a: Rillaboom|Rillaboom, M|90/100\n|-damage|p2a: Rillaboom|78/100|[from] Stealth Rock\n|-fieldstart|move: Grassy Terrain|[from] ability: Grassy Surge|[of] p2a: Rillaboom\n|turn|20\n|\n|t:|1695187717\n|move|p2a: Rillaboom|Grassy Glide|p1a: Iron Moth\n|-resisted|p1a: Iron Moth\n|-damage|p1a: Iron Moth|87/100\n|move|p1a: Iron Moth|Sludge Wave|p2a: Rillaboom\n|-supereffective|p2a: Rillaboom\n|-damage|p2a: Rillaboom|0 fnt\n|faint|p2a: Rillaboom\n|\n|win|blazingfox4\n|raw|blazingfox4's rating: 1282 &rarr; <strong>1302</strong><br />(+20 for winning)\n|raw|AaronXu's rating: 1215 &rarr; <strong>1195</strong><br />(-20 for losing)\n|l|\u2606AaronXu\n", "uploadtime": 1695187757, "views": 7, "p1id": "blazingfox4", "p2id": "aaronxu", "formatid": "gen9ou", "rating": 1195, "private": 0, "password": ""}