{"id": "gen9ou-1947653751", "p1": "FREExKODAK", "p2": "rrmacher", "format": "gen9ou", "log": "|j|\u2606FREExKODAK\n|j|\u2606rrmacher\n|t:|1695182483\n|gametype|singles\n|player|p1|FREExKODAK|2|1509\n|player|p2|rrmacher|archer|1510\n|teamsize|p1|6\n|teamsize|p2|6\n|gen|9\n|tier|[Gen 9] OU\n|rated|\n|rule|Sleep Clause Mod: Limit one foe put to sleep\n|rule|Species Clause: Limit one of each Pok\u00e9mon\n|rule|OHKO Clause: OHKO moves are banned\n|rule|Evasion Items Clause: Evasion items are banned\n|rule|Evasion Moves Clause: Evasion moves are banned\n|rule|Endless Battle Clause: Forcing endless battles is banned\n|rule|HP Percentage Mod: HP is shown in percentages\n|clearpoke\n|poke|p1|Torkoal, F|\n|poke|p1|Ogerpon-Hearthflame, F|\n|poke|p1|Roaring Moon|\n|poke|p1|Walking Wake|\n|poke|p1|Hatterene, F|\n|poke|p1|Great Tusk|\n|poke|p2|Kingambit, F|\n|poke|p2|Gholdengo|\n|poke|p2|Ogerpon-Wellspring, F|\n|poke|p2|Gliscor, F|\n|poke|p2|Iron Valiant|\n|poke|p2|Great Tusk|\n|teampreview\n|inactive|Battle timer is ON: inactive players will automatically lose when time's up. (requested by rrmacher)\n|inactive|FREExKODAK has 120 seconds left.\n|\n|t:|1695182536\n|start\n|switch|p1a: Walking Wake|Walking Wake|100/100\n|switch|p2a: Ogerpon|Ogerpon-Wellspring, F|100/100\n|turn|1\n|\n|t:|1695182547\n|-terastallize|p2a: Ogerpon|Water\n|detailschange|p2a: Ogerpon|Ogerpon-Wellspring-Tera, F, tera:Water\n|-ability|p2a: Ogerpon|Embody Aspect (Wellspring)|boost\n|-boost|p2a: Ogerpon|spd|1\n|move|p2a: Ogerpon|Power Whip|p1a: Walking Wake\n|-damage|p1a: Walking Wake|31/100\n|move|p1a: Walking Wake|Draco Meteor|p2a: Ogerpon\n|-damage|p2a: Ogerpon|20/100\n|-unboost|p1a: Walking Wake|spa|2\n|\n|upkeep\n|turn|2\n|\n|t:|1695182560\n|-end|p1a: Walking Wake|Protosynthesis|[silent]\n|switch|p1a: Torkoal|Torkoal, F|100/100\n|-weather|SunnyDay|[from] ability: Drought|[of] p1a: Torkoal\n|move|p2a: Ogerpon|Knock Off|p1a: Torkoal\n|-damage|p1a: Torkoal|72/100\n|-enditem|p1a: Torkoal|Heat Rock|[from] move: Knock Off|[of] p2a: Ogerpon\n|\n|-weather|SunnyDay|[upkeep]\n|upkeep\n|turn|3\n|\n|t:|1695182571\n|switch|p2a: Gliscor|Gliscor, F, shiny|100/100\n|move|p1a: Torkoal|Stealth Rock|p2a: Gliscor\n|-sidestart|p2: rrmacher|move: Stealth Rock\n|\n|-weather|SunnyDay|[upkeep]\n|-status|p2a: Gliscor|tox|[from] item: Toxic Orb\n|upkeep\n|turn|4\n|\n|t:|1695182578\n|switch|p1a: Hatterene|Hatterene, F|100/100\n|move|p2a: Gliscor|Spikes|p1a: Hatterene\n|move|p1a: Hatterene|Spikes|p2a: Gliscor|[from]ability: Magic Bounce\n|-sidestart|p2: rrmacher|Spikes\n|\n|-weather|SunnyDay|[upkeep]\n|upkeep\n|turn|5\n|\n|t:|1695182591\n|switch|p2a: Gholdengo|Gholdengo|100/100\n|-damage|p2a: Gholdengo|94/100|[from] Stealth Rock\n|-item|p2a: Gholdengo|Air Balloon\n|move|p1a: Hatterene|Healing Wish|p1a: Hatterene\n|faint|p1a: Hatterene\n|\n|-weather|SunnyDay|[upkeep]\n|upkeep\n|\n|t:|1695182605\n|switch|p1a: Ogerpon|Ogerpon-Hearthflame, F|100/100\n|-ability|p1a: Ogerpon|Mold Breaker\n|turn|6\n|\n|t:|1695182617\n|move|p1a: Ogerpon|Trailblaze|p2a: Gholdengo\n|-resisted|p2a: Gholdengo\n|-damage|p2a: Gholdengo|80/100\n|-boost|p1a: Ogerpon|spe|1\n|-enditem|p2a: Gholdengo|Air Balloon\n|move|p2a: Gholdengo|Shadow Ball|p1a: Ogerpon\n|-damage|p1a: Ogerpon|50/100\n|\n|-weather|SunnyDay|[upkeep]\n|upkeep\n|turn|7\n|\n|t:|1695182626\n|move|p1a: Ogerpon|Ivy Cudgel|p2a: Gholdengo\n|-supereffective|p2a: Gholdengo\n|-damage|p2a: Gholdengo|0 fnt\n|faint|p2a: Gholdengo\n|\n|-weather|SunnyDay|[upkeep]\n|upkeep\n|\n|t:|1695182632\n|switch|p2a: Great Tusk|Great Tusk|100/100\n|-damage|p2a: Great Tusk|97/100|[from] Stealth Rock\n|-damage|p2a: Great Tusk|85/100|[from] Spikes\n|-activate|p2a: Great Tusk|ability: Protosynthesis\n|-start|p2a: Great Tusk|protosynthesisspe\n|turn|8\n|\n|t:|1695182639\n|-terastallize|p1a: Ogerpon|Fire\n|detailschange|p1a: Ogerpon|Ogerpon-Hearthflame-Tera, F, tera:Fire\n|-ability|p1a: Ogerpon|Embody Aspect (Hearthflame)|boost\n|-boost|p1a: Ogerpon|atk|1\n|move|p1a: Ogerpon|Ivy Cudgel|p2a: Great Tusk\n|-damage|p2a: Great Tusk|0 fnt\n|faint|p2a: Great Tusk\n|-end|p2a: Great Tusk|Protosynthesis|[silent]\n|\n|-weather|SunnyDay|[upkeep]\n|upkeep\n|\n|t:|1695182648\n|switch|p2a: Gliscor|Gliscor, F, shiny|100/100 tox\n|-damage|p2a: Gliscor|88/100 tox|[from] Stealth Rock\n|turn|9\n|\n|t:|1695182652\n|move|p1a: Ogerpon|Ivy Cudgel|p2a: Gliscor\n|-damage|p2a: Gliscor|0 fnt\n|faint|p2a: Gliscor\n|\n|-weather|none\n|upkeep\n|\n|t:|1695182656\n|switch|p2a: Iron Valiant|Iron Valiant|100/100\n|-damage|p2a: Iron Valiant|94/100|[from] Stealth Rock\n|-damage|p2a: Iron Valiant|82/100|[from] Spikes\n|-enditem|p2a: Iron Valiant|Booster Energy\n|-activate|p2a: Iron Valiant|ability: Quark Drive|[fromitem]\n|-start|p2a: Iron Valiant|quarkdrivespe\n|turn|10\n|\n|t:|1695182663\n|move|p2a: Iron Valiant|Thunderbolt|p1a: Ogerpon\n|-damage|p1a: Ogerpon|17/100\n|move|p1a: Ogerpon|Ivy Cudgel|p2a: Iron Valiant\n|-damage|p2a: Iron Valiant|0 fnt\n|faint|p2a: Iron Valiant\n|-end|p2a: Iron Valiant|Quark Drive|[silent]\n|\n|upkeep\n|\n|t:|1695182677\n|switch|p2a: Kingambit|Kingambit, F|100/100\n|-damage|p2a: Kingambit|94/100|[from] Stealth Rock\n|-damage|p2a: Kingambit|82/100|[from] Spikes\n|-activate|p2a: Kingambit|ability: Supreme Overlord\n|-start|p2a: Kingambit|fallen4|[silent]\n|turn|11\n|c|\u2606FREExKODAK|sometimes a game do be like dat doe\n|\n|t:|1695182683\n|move|p2a: Kingambit|Sucker Punch|p1a: Ogerpon\n|-damage|p1a: Ogerpon|0 fnt\n|faint|p1a: Ogerpon\n|\n|upkeep\n|\n|t:|1695182691\n|switch|p1a: Torkoal|Torkoal, F|72/100\n|-heal|p1a: Torkoal|100/100|[from] move: Healing Wish\n|-weather|SunnyDay|[from] ability: Drought|[of] p1a: Torkoal\n|turn|12\n|\n|t:|1695182696\n|-end|p2a: Kingambit|fallen4|[silent]\n|switch|p2a: Ogerpon|Ogerpon-Wellspring-Tera, F, tera:Water|20/100\n|-damage|p2a: Ogerpon|8/100|[from] Stealth Rock\n|-damage|p2a: Ogerpon|0 fnt|[from] Spikes\n|faint|p2a: Ogerpon\n|move|p1a: Torkoal|Yawn|p2: Ogerpon|[notarget]\n|-fail|p1a: Torkoal\n|\n|-weather|SunnyDay|[upkeep]\n|upkeep\n|\n|t:|1695182704\n|switch|p2a: Kingambit|Kingambit, F|82/100\n|-damage|p2a: Kingambit|76/100|[from] Stealth Rock\n|-damage|p2a: Kingambit|64/100|[from] Spikes\n|-activate|p2a: Kingambit|ability: Supreme Overlord\n|-start|p2a: Kingambit|fallen5|[silent]\n|turn|13\n|\n|t:|1695182711\n|move|p2a: Kingambit|Iron Head|p1a: Torkoal\n|-resisted|p1a: Torkoal\n|-damage|p1a: Torkoal|76/100\n|cant|p1a: Torkoal|flinch\n|\n|-weather|SunnyDay|[upkeep]\n|upkeep\n|turn|14\n|\n|t:|1695182716\n|move|p2a: Kingambit|Kowtow Cleave|p1a: Torkoal\n|-damage|p1a: Torkoal|13/100\n|move|p1a: Torkoal|Yawn|p2a: Kingambit\n|-start|p2a: Kingambit|move: Yawn|[of] p1a: Torkoal\n|\n|-weather|SunnyDay|[upkeep]\n|upkeep\n|turn|15\n|\n|t:|1695182723\n|move|p2a: Kingambit|Swords Dance|p2a: Kingambit\n|-boost|p2a: Kingambit|atk|2\n|move|p1a: Torkoal|Lava Plume|p2a: Kingambit\n|-supereffective|p2a: Kingambit\n|-damage|p2a: Kingambit|0 fnt\n|faint|p2a: Kingambit\n|-end|p2a: Kingambit|fallen5|[silent]\n|\n|win|FREExKODAK\n|raw|FREExKODAK's rating: 1509 &rarr; <strong>1529</strong><br />(+20 for winning)\n|raw|rrmacher's rating: 1510 &rarr; <strong>1490</strong><br />(-20 for losing)\n|l|\u2606rrmacher\n", "uploadtime": 1695182736, "views": 30, "p1id": "freexkodak", "p2id": "rrmacher", "formatid": "gen9ou", "rating": 1490, "private": 0, "password": ""}