{"id": "gen9ou-1947562394", "p1": "abtastic1", "p2": "snakeburger4", "format": "gen9ou", "log": "|j|\u2606abtastic1\n|j|\u2606snakeburger4\n|t:|1695172817\n|gametype|singles\n|player|p1|abtastic1|266|1230\n|player|p2|snakeburger4|102|1292\n|teamsize|p1|6\n|teamsize|p2|6\n|gen|9\n|tier|[Gen 9] OU\n|rated|\n|rule|Sleep Clause Mod: Limit one foe put to sleep\n|rule|Species Clause: Limit one of each Pok\u00e9mon\n|rule|OHKO Clause: OHKO moves are banned\n|rule|Evasion Items Clause: Evasion items are banned\n|rule|Evasion Moves Clause: Evasion moves are banned\n|rule|Endless Battle Clause: Forcing endless battles is banned\n|rule|HP Percentage Mod: HP is shown in percentages\n|clearpoke\n|poke|p1|Sinistcha-Masterpiece|\n|poke|p1|Ursaluna-Bloodmoon, M|\n|poke|p1|Torterra, F|\n|poke|p1|Torkoal, M|\n|poke|p1|Ogerpon-Hearthflame, F|\n|poke|p1|Rotom-Heat|\n|poke|p2|Ursaluna-Bloodmoon, M|\n|poke|p2|Heatran, M|\n|poke|p2|Rotom-Wash|\n|poke|p2|Dragonite, F|\n|poke|p2|Great Tusk|\n|poke|p2|Amoonguss, M|\n|teampreview\n|c|\u2606snakeburger4|glhf\n|c|\u2606abtastic1|same 2 u\n|\n|t:|1695172837\n|start\n|switch|p1a: Sinistcha|Sinistcha-Masterpiece|100/100\n|switch|p2a: Rotom|Rotom-Wash|100/100\n|turn|1\n|\n|t:|1695172843\n|move|p2a: Rotom|Protect|p2a: Rotom\n|-singleturn|p2a: Rotom|Protect\n|move|p1a: Sinistcha|Calm Mind|p1a: Sinistcha\n|-boost|p1a: Sinistcha|spa|1\n|-boost|p1a: Sinistcha|spd|1\n|\n|upkeep\n|turn|2\n|\n|t:|1695172849\n|switch|p2a: Amoonguss|Amoonguss, M|100/100\n|move|p1a: Sinistcha|Calm Mind|p1a: Sinistcha\n|-boost|p1a: Sinistcha|spa|1\n|-boost|p1a: Sinistcha|spd|1\n|\n|upkeep\n|turn|3\n|\n|t:|1695172875\n|move|p1a: Sinistcha|Calm Mind|p1a: Sinistcha\n|-boost|p1a: Sinistcha|spa|1\n|-boost|p1a: Sinistcha|spd|1\n|move|p2a: Amoonguss|Sludge Bomb|p1a: Sinistcha\n|-damage|p1a: Sinistcha|87/100\n|\n|-heal|p1a: Sinistcha|93/100|[from] item: Leftovers\n|upkeep\n|turn|4\n|\n|t:|1695172883\n|move|p1a: Sinistcha|Shadow Ball|p2a: Amoonguss\n|-damage|p2a: Amoonguss|5/100\n|-unboost|p2a: Amoonguss|spd|1\n|-enditem|p2a: Amoonguss|Eject Button\n|\n|t:|1695172886\n|switch|p2a: Heatran|Heatran, M|100/100\n|\n|-heal|p1a: Sinistcha|99/100|[from] item: Leftovers\n|upkeep\n|turn|5\n|\n|t:|1695172894\n|move|p2a: Heatran|Magma Storm|p1a: Sinistcha\n|-supereffective|p1a: Sinistcha\n|-damage|p1a: Sinistcha|74/100\n|-activate|p1a: Sinistcha|move: Magma Storm|[of] p2a: Heatran\n|move|p1a: Sinistcha|Shadow Ball|p2a: Heatran\n|-damage|p2a: Heatran|1/100\n|\n|-heal|p2a: Heatran|7/100|[from] item: Leftovers\n|-heal|p1a: Sinistcha|81/100|[from] item: Leftovers\n|-damage|p1a: Sinistcha|68/100|[from] move: Magma Storm|[partiallytrapped]\n|upkeep\n|turn|6\n|\n|t:|1695172916\n|move|p2a: Heatran|Taunt|p1a: Sinistcha\n|-start|p1a: Sinistcha|move: Taunt\n|cant|p1a: Sinistcha|move: Taunt|Calm Mind\n|\n|-heal|p2a: Heatran|13/100|[from] item: Leftovers\n|-heal|p1a: Sinistcha|74/100|[from] item: Leftovers\n|-damage|p1a: Sinistcha|62/100|[from] move: Magma Storm|[partiallytrapped]\n|upkeep\n|turn|7\n|\n|t:|1695172926\n|move|p2a: Heatran|Magma Storm|p1a: Sinistcha\n|-supereffective|p1a: Sinistcha\n|-damage|p1a: Sinistcha|37/100\n|move|p1a: Sinistcha|Matcha Gotcha|p2a: Heatran\n|-resisted|p2a: Heatran\n|-damage|p2a: Heatran|0 fnt\n|-heal|p1a: Sinistcha|44/100|[from] drain|[of] p2a: Heatran\n|faint|p2a: Heatran\n|\n|-heal|p1a: Sinistcha|50/100|[from] item: Leftovers\n|-end|p1a: Sinistcha|Magma Storm|[partiallytrapped]|[silent]\n|upkeep\n|\n|t:|1695172941\n|switch|p2a: Ursaluna|Ursaluna-Bloodmoon, M|100/100\n|turn|8\n|\n|t:|1695172969\n|-terastallize|p2a: Ursaluna|Fighting\n|move|p1a: Sinistcha|Matcha Gotcha|p2a: Ursaluna\n|-damage|p2a: Ursaluna|0 fnt\n|-heal|p1a: Sinistcha|100/100|[from] drain|[of] p2a: Ursaluna\n|faint|p2a: Ursaluna\n|\n|-end|p1a: Sinistcha|move: Taunt\n|upkeep\n|c|\u2606snakeburger4|gg\n|-message|snakeburger4 forfeited.\n|\n|win|abtastic1\n|raw|abtastic1's rating: 1230 &rarr; <strong>1259</strong><br />(+29 for winning)\n|raw|snakeburger4's rating: 1292 &rarr; <strong>1263</strong><br />(-29 for losing)\n|l|\u2606snakeburger4\n", "uploadtime": 1695173000, "views": 4, "p1id": "abtastic1", "p2id": "snakeburger4", "formatid": "gen9ou", "rating": 1259, "private": 0, "password": ""}