{"id": "gen9ou-1947562178", "p1": "Kekoweko", "p2": "Robinzinho", "format": "gen9ou", "log": "|j|\u2606Kekoweko\n|j|\u2606Robinzinho\n|t:|1695172796\n|gametype|singles\n|player|p1|Kekoweko|workerice|1011\n|player|p2|Robinzinho|170|1026\n|teamsize|p1|6\n|teamsize|p2|6\n|gen|9\n|tier|[Gen 9] OU\n|rated|\n|rule|Sleep Clause Mod: Limit one foe put to sleep\n|rule|Species Clause: Limit one of each Pok\u00e9mon\n|rule|OHKO Clause: OHKO moves are banned\n|rule|Evasion Items Clause: Evasion items are banned\n|rule|Evasion Moves Clause: Evasion moves are banned\n|rule|Endless Battle Clause: Forcing endless battles is banned\n|rule|HP Percentage Mod: HP is shown in percentages\n|clearpoke\n|poke|p1|Fezandipiti, M|\n|poke|p1|Infernape, F|\n|poke|p1|Ninetales-Alola, M|\n|poke|p1|Frosmoth, M|\n|poke|p1|Slowking-Galar, M|\n|poke|p1|Mamoswine, F|\n|poke|p2|Sneasler, M|\n|poke|p2|Rillaboom, M|\n|poke|p2|Glimmora, M|\n|poke|p2|Greninja-*, M|\n|poke|p2|Iron Valiant|\n|poke|p2|Gholdengo|\n|teampreview\n|\n|t:|1695172801\n|start\n|switch|p1a: Fezandipiti|Fezandipiti, M|100/100\n|switch|p2a: Glimmora|Glimmora, M|100/100\n|turn|1\n|\n|t:|1695172806\n|move|p1a: Fezandipiti|Tailwind|p1a: Fezandipiti\n|-sidestart|p1: Kekoweko|move: Tailwind\n|move|p2a: Glimmora|Stealth Rock|p1a: Fezandipiti\n|-sidestart|p1: Kekoweko|move: Stealth Rock\n|\n|upkeep\n|turn|2\n|\n|t:|1695172811\n|switch|p1a: Ninetales|Ninetales-Alola, M, shiny|100/100\n|-damage|p1a: Ninetales|76/100|[from] Stealth Rock\n|-weather|Snow|[from] ability: Snow Warning|[of] p1a: Ninetales\n|move|p2a: Glimmora|Earth Power|p1a: Ninetales\n|-damage|p1a: Ninetales|44/100\n|\n|-weather|Snow|[upkeep]\n|upkeep\n|turn|3\n|\n|t:|1695172821\n|move|p1a: Ninetales|Aurora Veil|p1a: Ninetales\n|-sidestart|p1: Kekoweko|move: Aurora Veil\n|move|p2a: Glimmora|Sludge Bomb|p1a: Ninetales\n|-supereffective|p1a: Ninetales\n|-damage|p1a: Ninetales|1/100\n|-status|p1a: Ninetales|psn\n|\n|-weather|Snow|[upkeep]\n|-damage|p1a: Ninetales|0 fnt|[from] psn\n|faint|p1a: Ninetales\n|upkeep\n|\n|t:|1695172829\n|switch|p1a: Frosmoth|Frosmoth, M|100/100\n|turn|4\n|\n|t:|1695172834\n|move|p1a: Frosmoth|Quiver Dance|p1a: Frosmoth\n|-boost|p1a: Frosmoth|spa|1\n|-boost|p1a: Frosmoth|spd|1\n|-boost|p1a: Frosmoth|spe|1\n|move|p2a: Glimmora|Mortal Spin|p1a: Frosmoth\n|-damage|p1a: Frosmoth|97/100\n|-status|p1a: Frosmoth|psn\n|\n|-weather|Snow|[upkeep]\n|-damage|p1a: Frosmoth|84/100 psn|[from] psn\n|-sideend|p1: Kekoweko|move: Tailwind\n|upkeep\n|turn|5\n|inactive|Battle timer is ON: inactive players will automatically lose when time's up. (requested by Robinzinho)\n|\n|t:|1695172846\n|switch|p2a: Gholdengo|Gholdengo|100/100\n|move|p1a: Frosmoth|Giga Drain|p2a: Gholdengo\n|-resisted|p2a: Gholdengo\n|-damage|p2a: Gholdengo|80/100\n|-heal|p1a: Frosmoth|98/100 psn|[from] drain|[of] p2a: Gholdengo\n|\n|-weather|Snow|[upkeep]\n|-heal|p2a: Gholdengo|86/100|[from] item: Leftovers\n|-damage|p1a: Frosmoth|86/100 psn|[from] psn\n|upkeep\n|turn|6\n|\n|t:|1695172857\n|move|p1a: Frosmoth|Quiver Dance|p1a: Frosmoth\n|-boost|p1a: Frosmoth|spa|1\n|-boost|p1a: Frosmoth|spd|1\n|-boost|p1a: Frosmoth|spe|1\n|move|p2a: Gholdengo|Nasty Plot|p2a: Gholdengo\n|-boost|p2a: Gholdengo|spa|2\n|\n|-weather|none\n|-heal|p2a: Gholdengo|92/100|[from] item: Leftovers\n|-damage|p1a: Frosmoth|73/100 psn|[from] psn\n|upkeep\n|turn|7\n|\n|t:|1695172866\n|-terastallize|p1a: Frosmoth|Grass\n|move|p1a: Frosmoth|Giga Drain|p2a: Gholdengo\n|-resisted|p2a: Gholdengo\n|-damage|p2a: Gholdengo|54/100\n|-heal|p1a: Frosmoth|99/100 psn|[from] drain|[of] p2a: Gholdengo\n|move|p2a: Gholdengo|Nasty Plot|p2a: Gholdengo\n|-boost|p2a: Gholdengo|spa|2\n|\n|-heal|p2a: Gholdengo|60/100|[from] item: Leftovers\n|-damage|p1a: Frosmoth|87/100 psn|[from] psn\n|upkeep\n|turn|8\n|\n|t:|1695172881\n|move|p1a: Frosmoth|Giga Drain|p2a: Gholdengo\n|-resisted|p2a: Gholdengo\n|-damage|p2a: Gholdengo|19/100\n|-heal|p1a: Frosmoth|100/100 psn|[from] drain|[of] p2a: Gholdengo\n|move|p2a: Gholdengo|Make It Rain|p1a: Frosmoth\n|-damage|p1a: Frosmoth|65/100 psn\n|-unboost|p2a: Gholdengo|spa|1\n|\n|-heal|p2a: Gholdengo|25/100|[from] item: Leftovers\n|-damage|p1a: Frosmoth|53/100 psn|[from] psn\n|upkeep\n|turn|9\n|\n|t:|1695172892\n|move|p1a: Frosmoth|Giga Drain|p2a: Gholdengo\n|-resisted|p2a: Gholdengo\n|-damage|p2a: Gholdengo|0 fnt\n|-heal|p1a: Frosmoth|70/100 psn|[from] drain|[of] p2a: Gholdengo\n|faint|p2a: Gholdengo\n|\n|-damage|p1a: Frosmoth|57/100 psn|[from] psn\n|upkeep\n|-message|Robinzinho forfeited.\n|\n|win|Kekoweko\n|raw|Kekoweko's rating: 1011 &rarr; <strong>1051</strong><br />(+40 for winning)\n|raw|Robinzinho's rating: 1026 &rarr; <strong>1012</strong><br />(-14 for losing)\n|l|\u2606Robinzinho\n", "uploadtime": 1695172915, "views": 5, "p1id": "kekoweko", "p2id": "robinzinho", "formatid": "gen9ou", "rating": 1012, "private": 0, "password": ""}