{"id": "gen9ou-1947651033", "p1": "JAADragon", "p2": "FoxyJess", "format": "gen9ou", "log": "|j|\u2606JAADragon\n|j|\u2606FoxyJess\n|t:|1695182144\n|gametype|singles\n|player|p1|JAADragon|ethan|1182\n|player|p2|FoxyJess|shadowtriad|1217\n|teamsize|p1|6\n|teamsize|p2|6\n|gen|9\n|tier|[Gen 9] OU\n|rated|\n|rule|Sleep Clause Mod: Limit one foe put to sleep\n|rule|Species Clause: Limit one of each Pok\u00e9mon\n|rule|OHKO Clause: OHKO moves are banned\n|rule|Evasion Items Clause: Evasion items are banned\n|rule|Evasion Moves Clause: Evasion moves are banned\n|rule|Endless Battle Clause: Forcing endless battles is banned\n|rule|HP Percentage Mod: HP is shown in percentages\n|clearpoke\n|poke|p1|Ceruledge, M|\n|poke|p1|Ampharos, F|\n|poke|p1|Lokix, F|\n|poke|p1|Espeon, M|\n|poke|p1|Hawlucha, M|\n|poke|p1|Ogerpon-Hearthflame, F|\n|poke|p2|Torkoal, M|\n|poke|p2|Ogerpon-Hearthflame, F|\n|poke|p2|Samurott-Hisui, M|\n|poke|p2|Torterra, M|\n|poke|p2|Magnezone|\n|poke|p2|Azumarill, F|\n|teampreview\n|\n|t:|1695182154\n|start\n|switch|p1a: Amp!|Ampharos, F|100/100\n|switch|p2a: Azumarill|Azumarill, F|100/100\n|turn|1\n|inactive|Battle timer is ON: inactive players will automatically lose when time's up. (requested by JAADragon)\n|\n|t:|1695182163\n|switch|p2a: Magnezone|Magnezone|100/100\n|move|p1a: Amp!|Ice Punch|p2a: Magnezone\n|-resisted|p2a: Magnezone\n|-damage|p2a: Magnezone|85/100\n|\n|upkeep\n|turn|2\n|\n|t:|1695182170\n|move|p2a: Magnezone|Volt Switch|p1a: Amp!\n|-resisted|p1a: Amp!\n|-damage|p1a: Amp!|80/100\n|\n|t:|1695182176\n|switch|p2a: Torkoal|Torkoal, M|100/100|[from] Volt Switch\n|-weather|SunnyDay|[from] ability: Drought|[of] p2a: Torkoal\n|move|p1a: Amp!|Ice Punch|p2a: Torkoal\n|-resisted|p2a: Torkoal\n|-damage|p2a: Torkoal|92/100\n|\n|-weather|SunnyDay|[upkeep]\n|upkeep\n|turn|3\n|\n|t:|1695182185\n|switch|p1a: Megumi|Espeon, M|100/100\n|move|p2a: Torkoal|Flamethrower|p1a: Megumi\n|-damage|p1a: Megumi|46/100\n|\n|-weather|SunnyDay|[upkeep]\n|upkeep\n|turn|4\n|\n|t:|1695182191\n|move|p1a: Megumi|Power Gem|p2a: Torkoal\n|-supereffective|p2a: Torkoal\n|-damage|p2a: Torkoal|0 fnt\n|faint|p2a: Torkoal\n|\n|-weather|SunnyDay|[upkeep]\n|upkeep\n|\n|t:|1695182203\n|switch|p2a: Torterra|Torterra, M|100/100\n|turn|5\n|\n|t:|1695182208\n|switch|p1a: Ghost|Hawlucha, M, shiny|100/100\n|-ability|p1a: Ghost|Mold Breaker\n|move|p2a: Torterra|Shell Smash|p2a: Torterra\n|-unboost|p2a: Torterra|def|1\n|-unboost|p2a: Torterra|spd|1\n|-boost|p2a: Torterra|atk|2\n|-boost|p2a: Torterra|spa|2\n|-boost|p2a: Torterra|spe|2\n|-enditem|p2a: Torterra|White Herb\n|-clearnegativeboost|p2a: Torterra|[silent]\n|\n|-weather|SunnyDay|[upkeep]\n|upkeep\n|turn|6\n|\n|t:|1695182217\n|-terastallize|p2a: Torterra|Fire\n|move|p2a: Torterra|Tera Blast|p1a: Ghost\n|-damage|p1a: Ghost|0 fnt\n|faint|p1a: Ghost\n|\n|-weather|SunnyDay|[upkeep]\n|upkeep\n|\n|t:|1695182225\n|switch|p1a: Megumi|Espeon, M|46/100\n|turn|7\n|\n|t:|1695182229\n|switch|p1a: Oldraw|Ceruledge, M, shiny|100/100\n|move|p2a: Torterra|Tera Blast|p1a: Oldraw\n|-start|p1a: Oldraw|ability: Flash Fire\n|\n|-weather|SunnyDay|[upkeep]\n|upkeep\n|turn|8\n|\n|t:|1695182235\n|-terastallize|p1a: Oldraw|Grass\n|move|p2a: Torterra|Headlong Rush|p1a: Oldraw\n|-resisted|p1a: Oldraw\n|-damage|p1a: Oldraw|16/100\n|-unboost|p2a: Torterra|def|1\n|-unboost|p2a: Torterra|spd|1\n|-enditem|p1a: Oldraw|Liechi Berry|[eat]\n|-boost|p1a: Oldraw|atk|1|[from] item: Liechi Berry\n|move|p1a: Oldraw|Flame Charge|p2a: Torterra\n|-resisted|p2a: Torterra\n|-damage|p2a: Torterra|33/100\n|-boost|p1a: Oldraw|spe|1\n|\n|-weather|SunnyDay|[upkeep]\n|upkeep\n|turn|9\n|\n|t:|1695182244\n|move|p2a: Torterra|Seed Bomb|p1a: Oldraw\n|-resisted|p1a: Oldraw\n|-damage|p1a: Oldraw|0 fnt\n|faint|p1a: Oldraw\n|\n|-weather|none\n|upkeep\n|\n|t:|1695182246\n|switch|p1a: Loki|Lokix, F|100/100\n|turn|10\n|\n|t:|1695182250\n|move|p1a: Loki|Sucker Punch|p2a: Torterra\n|-damage|p2a: Torterra|0 fnt\n|faint|p2a: Torterra\n|\n|upkeep\n|\n|t:|1695182258\n|switch|p2a: Ogerpon|Ogerpon-Hearthflame, F|100/100\n|-ability|p2a: Ogerpon|Mold Breaker\n|turn|11\n|\n|t:|1695182262\n|move|p2a: Ogerpon|Ivy Cudgel|p1a: Loki\n|-supereffective|p1a: Loki\n|-enditem|p1a: Loki|Focus Sash\n|-damage|p1a: Loki|1/100\n|move|p1a: Loki|Counter|p2a: Ogerpon\n|-damage|p2a: Ogerpon|0 fnt\n|faint|p2a: Ogerpon\n|\n|upkeep\n|\n|t:|1695182276\n|switch|p2a: Azumarill|Azumarill, F|100/100\n|turn|12\n|\n|t:|1695182279\n|move|p1a: Loki|Sucker Punch||[still]\n|-fail|p1a: Loki\n|move|p2a: Azumarill|Belly Drum|p2a: Azumarill\n|-damage|p2a: Azumarill|50/100\n|-setboost|p2a: Azumarill|atk|6|[from] move: Belly Drum\n|-enditem|p2a: Azumarill|Sitrus Berry|[eat]\n|-heal|p2a: Azumarill|75/100|[from] item: Sitrus Berry\n|\n|upkeep\n|turn|13\n|\n|t:|1695182291\n|switch|p1a: Amp!|Ampharos, F|80/100\n|move|p2a: Azumarill|Aqua Jet|p1a: Amp!\n|-damage|p1a: Amp!|0 fnt\n|-status|p2a: Azumarill|par|[from] ability: Static|[of] p1a: Amp!\n|faint|p1a: Amp!\n|\n|upkeep\n|\n|t:|1695182303\n|switch|p1a: Loki|Lokix, F|1/100\n|turn|14\n|\n|t:|1695182309\n|move|p1a: Loki|First Impression|p2a: Azumarill\n|-resisted|p2a: Azumarill\n|-damage|p2a: Azumarill|31/100 par\n|move|p2a: Azumarill|Aqua Jet|p1a: Loki\n|-damage|p1a: Loki|0 fnt\n|faint|p1a: Loki\n|\n|upkeep\n|\n|t:|1695182318\n|switch|p1a: Megumi|Espeon, M|46/100\n|turn|15\n|\n|t:|1695182322\n|move|p2a: Azumarill|Aqua Jet|p1a: Megumi\n|-crit|p1a: Megumi\n|-damage|p1a: Megumi|0 fnt\n|faint|p1a: Megumi\n|\n|upkeep\n|\n|t:|1695182324\n|switch|p1a: Ogerpon|Ogerpon-Hearthflame, F|100/100\n|-ability|p1a: Ogerpon|Mold Breaker\n|turn|16\n|\n|t:|1695182333\n|move|p2a: Azumarill|Aqua Jet|p1a: Ogerpon\n|-damage|p1a: Ogerpon|0 fnt\n|faint|p1a: Ogerpon\n|\n|win|FoxyJess\n|raw|JAADragon's rating: 1182 &rarr; <strong>1160</strong><br />(-22 for losing)\n|raw|FoxyJess's rating: 1217 &rarr; <strong>1239</strong><br />(+22 for winning)\n|l|\u2606FoxyJess\n|c|\u2606JAADragon|Gg\n", "uploadtime": 1695182344, "views": 3, "p1id": "jaadragon", "p2id": "foxyjess", "formatid": "gen9ou", "rating": 1160, "private": 0, "password": ""}