{"id": "gen9ou-1947602538", "p1": "goku aka infernape", "p2": "Estrace", "format": "gen9ou", "log": "|j|\u2606goku aka infernape\n|j|\u2606Estrace\n|t:|1695176821\n|gametype|singles\n|player|p1|goku aka infernape|nobunaga-conquest|1501\n|player|p2|Estrace|clair|1538\n|teamsize|p1|6\n|teamsize|p2|6\n|gen|9\n|tier|[Gen 9] OU\n|rated|\n|rule|Sleep Clause Mod: Limit one foe put to sleep\n|rule|Species Clause: Limit one of each Pok\u00e9mon\n|rule|OHKO Clause: OHKO moves are banned\n|rule|Evasion Items Clause: Evasion items are banned\n|rule|Evasion Moves Clause: Evasion moves are banned\n|rule|Endless Battle Clause: Forcing endless battles is banned\n|rule|HP Percentage Mod: HP is shown in percentages\n|clearpoke\n|poke|p1|Tyranitar, M|\n|poke|p1|Corviknight, F|\n|poke|p1|Ogerpon-Cornerstone, F|\n|poke|p1|Great Tusk|\n|poke|p1|Infernape, M|\n|poke|p1|Greninja-*, M|\n|poke|p2|Dragonite, F|\n|poke|p2|Gliscor, F|\n|poke|p2|Zapdos|\n|poke|p2|Tyranitar, F|\n|poke|p2|Jirachi|\n|poke|p2|Iron Moth|\n|teampreview\n|\n|t:|1695176834\n|start\n|switch|p1a: Ogerpon|Ogerpon-Cornerstone, F|100/100\n|switch|p2a: We Back|Gliscor, F|100/100\n|turn|1\n|j| Killer of PKgenios\n|\n|t:|1695176842\n|switch|p1a: Corviknight|Corviknight, F|100/100\n|-ability|p1a: Corviknight|Pressure\n|move|p2a: We Back|Protect||[still]\n|-fail|p2a: We Back\n|\n|-status|p2a: We Back|tox|[from] item: Toxic Orb\n|upkeep\n|turn|2\n|\n|t:|1695176846\n|move|p2a: We Back|Stealth Rock|p1a: Corviknight\n|-sidestart|p1: goku aka infernape|move: Stealth Rock\n|move|p1a: Corviknight|U-turn|p2a: We Back\n|-resisted|p2a: We Back\n|-damage|p2a: We Back|96/100 tox\n|\n|t:|1695176848\n|switch|p1a: Great Tusk|Great Tusk|100/100|[from] U-turn\n|-damage|p1a: Great Tusk|98/100|[from] Stealth Rock\n|\n|-heal|p1a: Great Tusk|100/100|[from] item: Leftovers\n|-heal|p2a: We Back|100/100 tox|[from] ability: Poison Heal\n|upkeep\n|turn|3\n|\n|t:|1695176852\n|move|p1a: Great Tusk|Rapid Spin|p2a: We Back\n|-damage|p2a: We Back|90/100 tox\n|-boost|p1a: Great Tusk|spe|1\n|-sideend|p1: goku aka infernape|Stealth Rock|[from] move: Rapid Spin|[of] p1a: Great Tusk\n|move|p2a: We Back|Toxic|p1a: Great Tusk|[miss]\n|-miss|p2a: We Back|p1a: Great Tusk\n|\n|-heal|p2a: We Back|100/100 tox|[from] ability: Poison Heal\n|upkeep\n|turn|4\n|l| Killer of PKgenios\n|\n|t:|1695176857\n|move|p1a: Great Tusk|Ice Spinner|p2a: We Back\n|-supereffective|p2a: We Back\n|-damage|p2a: We Back|28/100 tox\n|move|p2a: We Back|Stealth Rock|p1a: Great Tusk\n|-sidestart|p1: goku aka infernape|move: Stealth Rock\n|\n|-heal|p2a: We Back|41/100 tox|[from] ability: Poison Heal\n|upkeep\n|turn|5\n|\n|t:|1695176860\n|move|p2a: We Back|Protect|p2a: We Back\n|-singleturn|p2a: We Back|Protect\n|move|p1a: Great Tusk|Ice Spinner|p2a: We Back\n|-activate|p2a: We Back|move: Protect\n|\n|-heal|p2a: We Back|53/100 tox|[from] ability: Poison Heal\n|upkeep\n|turn|6\n|\n|t:|1695176866\n|-terastallize|p2a: We Back|Water\n|move|p1a: Great Tusk|Ice Spinner|p2a: We Back\n|-resisted|p2a: We Back\n|-damage|p2a: We Back|45/100 tox\n|move|p2a: We Back|Toxic|p1a: Great Tusk\n|-status|p1a: Great Tusk|tox\n|\n|-damage|p1a: Great Tusk|94/100 tox|[from] psn\n|-heal|p2a: We Back|57/100 tox|[from] ability: Poison Heal\n|upkeep\n|turn|7\n|\n|t:|1695176873\n|move|p2a: We Back|Protect|p2a: We Back\n|-singleturn|p2a: We Back|Protect\n|move|p1a: Great Tusk|Rapid Spin|p2a: We Back\n|-activate|p2a: We Back|move: Protect\n|\n|-heal|p1a: Great Tusk|100/100 tox|[from] item: Leftovers\n|-damage|p1a: Great Tusk|88/100 tox|[from] psn\n|-heal|p2a: We Back|70/100 tox|[from] ability: Poison Heal\n|upkeep\n|turn|8\n|inactive|Battle timer is ON: inactive players will automatically lose when time's up. (requested by goku aka infernape)\n|\n|t:|1695176882\n|move|p1a: Great Tusk|Rapid Spin|p2a: We Back\n|-damage|p2a: We Back|59/100 tox\n|-boost|p1a: Great Tusk|spe|1\n|-sideend|p1: goku aka infernape|Stealth Rock|[from] move: Rapid Spin|[of] p1a: Great Tusk\n|move|p2a: We Back|Stealth Rock|p1a: Great Tusk\n|-sidestart|p1: goku aka infernape|move: Stealth Rock\n|\n|-heal|p1a: Great Tusk|94/100 tox|[from] item: Leftovers\n|-damage|p1a: Great Tusk|76/100 tox|[from] psn\n|-heal|p2a: We Back|72/100 tox|[from] ability: Poison Heal\n|upkeep\n|turn|9\n|\n|t:|1695176887\n|-end|p1a: Great Tusk|Protosynthesis|[silent]\n|switch|p1a: Ogerpon|Ogerpon-Cornerstone, F|100/100\n|-damage|p1a: Ogerpon|88/100|[from] Stealth Rock\n|move|p2a: We Back|Stealth Rock||[still]\n|-fail|p2a: We Back\n|\n|-heal|p2a: We Back|84/100 tox|[from] ability: Poison Heal\n|upkeep\n|turn|10\n|\n|t:|1695176894\n|switch|p2a: The OD of the OG|Dragonite, F|100/100\n|move|p1a: Ogerpon|Trailblaze|p2a: The OD of the OG\n|-resisted|p2a: The OD of the OG\n|-damage|p2a: The OD of the OG|97/100\n|-boost|p1a: Ogerpon|spe|1\n|\n|upkeep\n|turn|11\n|\n|t:|1695176906\n|switch|p2a: Hate|Jirachi|100/100\n|-terastallize|p1a: Ogerpon|Rock\n|detailschange|p1a: Ogerpon|Ogerpon-Cornerstone-Tera, F, tera:Rock\n|-ability|p1a: Ogerpon|Embody Aspect (Cornerstone)|boost\n|-boost|p1a: Ogerpon|def|1\n|move|p1a: Ogerpon|Ivy Cudgel|p2a: Hate\n|-resisted|p2a: Hate\n|-damage|p2a: Hate|58/100\n|\n|upkeep\n|turn|12\n|\n|t:|1695176915\n|move|p1a: Ogerpon|Knock Off|p2a: Hate\n|-supereffective|p2a: Hate\n|-damage|p2a: Hate|0 fnt\n|-enditem|p2a: Hate|Choice Scarf|[from] move: Knock Off|[of] p1a: Ogerpon\n|faint|p2a: Hate\n|\n|upkeep\n|\n|t:|1695176920\n|switch|p2a: Inagaddadavida|Iron Moth|100/100\n|-enditem|p2a: Inagaddadavida|Booster Energy\n|-activate|p2a: Inagaddadavida|ability: Quark Drive|[fromitem]\n|-start|p2a: Inagaddadavida|quarkdrivespe\n|turn|13\n|\n|t:|1695176924\n|move|p1a: Ogerpon|Ivy Cudgel|p2a: Inagaddadavida\n|-supereffective|p2a: Inagaddadavida\n|-damage|p2a: Inagaddadavida|0 fnt\n|faint|p2a: Inagaddadavida\n|-end|p2a: Inagaddadavida|Quark Drive|[silent]\n|\n|upkeep\n|c|\u2606goku aka infernape|*fortnite dance*\n|c|\u2606Estrace|rip the speed tie\n|\n|t:|1695176948\n|switch|p2a: We Back|Gliscor, F, tera:Water|84/100 tox\n|turn|14\n|\n|t:|1695176956\n|move|p2a: We Back|Protect|p2a: We Back\n|-singleturn|p2a: We Back|Protect\n|move|p1a: Ogerpon|Swords Dance|p1a: Ogerpon\n|-boost|p1a: Ogerpon|atk|2\n|\n|-heal|p2a: We Back|97/100 tox|[from] ability: Poison Heal\n|upkeep\n|turn|15\n|\n|t:|1695176967\n|switch|p2a: The OD of the OG|Dragonite, F|97/100\n|move|p1a: Ogerpon|Ivy Cudgel|p2a: The OD of the OG\n|-supereffective|p2a: The OD of the OG\n|-crit|p2a: The OD of the OG\n|-damage|p2a: The OD of the OG|0 fnt\n|faint|p2a: The OD of the OG\n|\n|upkeep\n|\n|t:|1695176969\n|switch|p2a: We Back|Gliscor, F, tera:Water|97/100 tox\n|turn|16\n|\n|t:|1695176974\n|move|p1a: Ogerpon|Ivy Cudgel|p2a: We Back\n|-damage|p2a: We Back|3/100 tox\n|move|p2a: We Back|Toxic|p1a: Ogerpon\n|-status|p1a: Ogerpon|tox\n|\n|-damage|p1a: Ogerpon|82/100 tox|[from] psn\n|-heal|p2a: We Back|15/100 tox|[from] ability: Poison Heal\n|upkeep\n|turn|17\n|\n|t:|1695176984\n|switch|p2a: TTAR NATION|Tyranitar, F|100/100\n|-weather|Sandstorm|[from] ability: Sand Stream|[of] p2a: TTAR NATION\n|move|p1a: Ogerpon|Knock Off|p2a: TTAR NATION\n|-resisted|p2a: TTAR NATION\n|-damage|p2a: TTAR NATION|64/100\n|-enditem|p2a: TTAR NATION|Assault Vest|[from] move: Knock Off|[of] p1a: Ogerpon\n|\n|-weather|Sandstorm|[upkeep]\n|-damage|p1a: Ogerpon|70/100 tox|[from] psn\n|upkeep\n|turn|18\n|\n|t:|1695176994\n|move|p1a: Ogerpon|Ivy Cudgel|p2a: TTAR NATION\n|-damage|p2a: TTAR NATION|0 fnt\n|faint|p2a: TTAR NATION\n|\n|-weather|Sandstorm|[upkeep]\n|-damage|p1a: Ogerpon|52/100 tox|[from] psn\n|upkeep\n|\n|t:|1695176997\n|switch|p2a: We Back|Gliscor, F, tera:Water|15/100 tox\n|turn|19\n|\n|t:|1695177000\n|move|p2a: We Back|Protect|p2a: We Back\n|-singleturn|p2a: We Back|Protect\n|move|p1a: Ogerpon|Ivy Cudgel|p2a: We Back\n|-activate|p2a: We Back|move: Protect\n|\n|-weather|Sandstorm|[upkeep]\n|-damage|p2a: We Back|9/100 tox|[from] Sandstorm\n|-damage|p1a: Ogerpon|29/100 tox|[from] psn\n|-heal|p2a: We Back|21/100 tox|[from] ability: Poison Heal\n|upkeep\n|turn|20\n|\n|t:|1695177017\n|move|p2a: We Back|Protect||[still]\n|-fail|p2a: We Back\n|move|p1a: Ogerpon|Ivy Cudgel|p2a: We Back\n|-damage|p2a: We Back|0 fnt\n|faint|p2a: We Back\n|\n|-weather|Sandstorm|[upkeep]\n|-damage|p1a: Ogerpon|0 fnt|[from] psn\n|faint|p1a: Ogerpon\n|upkeep\n|\n|t:|1695177025\n|switch|p1a: Greninja|Greninja, M|100/100\n|switch|p2a: Zippy|Zapdos, shiny|100/100\n|-damage|p1a: Greninja|88/100|[from] Stealth Rock\n|turn|21\n|\n|t:|1695177030\n|move|p1a: Greninja|Ice Beam|p2a: Zippy\n|-supereffective|p2a: Zippy\n|-damage|p2a: Zippy|16/100\n|-damage|p1a: Greninja|78/100|[from] item: Life Orb\n|move|p2a: Zippy|Volt Switch|p1a: Greninja\n|-supereffective|p1a: Greninja\n|-damage|p1a: Greninja|0 fnt\n|faint|p1a: Greninja\n|\n|-weather|none\n|upkeep\n|\n|t:|1695177037\n|switch|p1a: Infernape|Infernape, M|100/100\n|-damage|p1a: Infernape|88/100|[from] Stealth Rock\n|turn|22\n|\n|t:|1695177041\n|move|p1a: Infernape|Overheat|p2a: Zippy\n|-damage|p2a: Zippy|0 fnt\n|-unboost|p1a: Infernape|spa|2\n|-enditem|p1a: Infernape|Eject Pack\n|faint|p2a: Zippy\n|\n|win|goku aka infernape\n|raw|goku aka infernape's rating: 1501 &rarr; <strong>1523</strong><br />(+22 for winning)\n|raw|Estrace's rating: 1538 &rarr; <strong>1516</strong><br />(-22 for losing)\n|c|\u2606goku aka infernape|gg\n|c|\u2606Estrace|gg\n|l|\u2606Estrace\n", "uploadtime": 1695177050, "views": 6, "p1id": "gokuakainfernape", "p2id": "estrace", "formatid": "gen9ou", "rating": 1516, "private": 0, "password": ""}