{"id": "gen9ou-1947668611", "p1": "Winterchillz", "p2": "4soul", "format": "gen9ou", "log": "|j|\u2606Winterchillz\n|j|\u26064soul\n|t:|1695184469\n|gametype|singles\n|player|p1|Winterchillz|grimsley|1536\n|player|p2|4soul|2|1495\n|teamsize|p1|6\n|teamsize|p2|6\n|gen|9\n|tier|[Gen 9] OU\n|rated|\n|rule|Sleep Clause Mod: Limit one foe put to sleep\n|rule|Species Clause: Limit one of each Pok\u00e9mon\n|rule|OHKO Clause: OHKO moves are banned\n|rule|Evasion Items Clause: Evasion items are banned\n|rule|Evasion Moves Clause: Evasion moves are banned\n|rule|Endless Battle Clause: Forcing endless battles is banned\n|rule|HP Percentage Mod: HP is shown in percentages\n|clearpoke\n|poke|p1|Clefable, F|\n|poke|p1|Gliscor, F|\n|poke|p1|Moltres|\n|poke|p1|Zamazenta-*|\n|poke|p1|Dragonite, F|\n|poke|p1|Toxapex, F|\n|poke|p2|Gliscor, M|\n|poke|p2|Clefable, F|\n|poke|p2|Dondozo, M|\n|poke|p2|Tornadus-Therian, M|\n|poke|p2|Toxapex, M|\n|poke|p2|Blissey, F|\n|teampreview\n|\n|t:|1695184484\n|start\n|switch|p1a: Gliscor|Gliscor, F|100/100\n|switch|p2a: Gliscor|Gliscor, M|100/100\n|turn|1\n|\n|t:|1695184490\n|move|p1a: Gliscor|Protect|p1a: Gliscor\n|-singleturn|p1a: Gliscor|Protect\n|move|p2a: Gliscor|Spikes|p1a: Gliscor\n|-sidestart|p1: Winterchillz|Spikes\n|\n|-status|p2a: Gliscor|tox|[from] item: Toxic Orb\n|-status|p1a: Gliscor|tox|[from] item: Toxic Orb\n|upkeep\n|turn|2\n|\n|t:|1695184497\n|move|p1a: Gliscor|Spikes|p2a: Gliscor\n|-sidestart|p2: 4soul|Spikes\n|move|p2a: Gliscor|Spikes|p1a: Gliscor\n|-sidestart|p1: Winterchillz|Spikes\n|\n|upkeep\n|turn|3\n|inactive|Battle timer is ON: inactive players will automatically lose when time's up. (requested by Winterchillz)\n|\n|t:|1695184520\n|move|p1a: Gliscor|Spikes|p2a: Gliscor\n|-sidestart|p2: 4soul|Spikes\n|move|p2a: Gliscor|Spikes|p1a: Gliscor\n|-sidestart|p1: Winterchillz|Spikes\n|\n|upkeep\n|turn|4\n|l|\u2606Winterchillz\n|inactive|Winterchillz disconnected and has a minute to reconnect!\n|player|p1|\n|j|\u2606Winterchillz\n|inactive|Winterchillz reconnected and has 125 seconds left.\n|player|p1|Winterchillz|grimsley\n|\n|t:|1695184550\n|move|p2a: Gliscor|Spikes||[still]\n|-fail|p2a: Gliscor\n|move|p1a: Gliscor|Spikes|p2a: Gliscor\n|-sidestart|p2: 4soul|Spikes\n|\n|upkeep\n|turn|5\n|\n|t:|1695184560\n|switch|p2a: Clefable|Clefable, F|100/100\n|move|p1a: Gliscor|Knock Off|p2a: Clefable\n|-resisted|p2a: Clefable\n|-damage|p2a: Clefable|93/100\n|-enditem|p2a: Clefable|Leftovers|[from] move: Knock Off|[of] p1a: Gliscor\n|\n|upkeep\n|turn|6\n|\n|t:|1695184572\n|move|p1a: Gliscor|Earthquake|p2a: Clefable\n|-damage|p2a: Clefable|66/100\n|move|p2a: Clefable|Stealth Rock|p1a: Gliscor\n|-sidestart|p1: Winterchillz|move: Stealth Rock\n|\n|upkeep\n|turn|7\n|\n|t:|1695184576\n|switch|p1a: Clefable|Clefable, F|100/100\n|move|p2a: Clefable|Wish|p2a: Clefable\n|\n|upkeep\n|turn|8\n|\n|t:|1695184582\n|move|p1a: Clefable|Stealth Rock|p2a: Clefable\n|-sidestart|p2: 4soul|move: Stealth Rock\n|move|p2a: Clefable|Moonblast|p1a: Clefable\n|-damage|p1a: Clefable|72/100\n|\n|-heal|p2a: Clefable|100/100|[from] move: Wish|[wisher] Clefable\n|-heal|p1a: Clefable|78/100|[from] item: Leftovers\n|upkeep\n|turn|9\n|\n|t:|1695184590\n|switch|p2a: Tornadus|Tornadus-Therian, M|100/100\n|move|p1a: Clefable|Wish|p1a: Clefable\n|\n|-heal|p1a: Clefable|84/100|[from] item: Leftovers\n|upkeep\n|turn|10\n|\n|t:|1695184596\n|move|p2a: Tornadus|U-turn|p1a: Clefable\n|-resisted|p1a: Clefable\n|-damage|p1a: Clefable|78/100\n|\n|t:|1695184603\n|switch|p2a: Gliscor|Gliscor, M|100/100 tox|[from] U-turn\n|-damage|p2a: Gliscor|88/100 tox|[from] Stealth Rock\n|move|p1a: Clefable|Moonblast|p2a: Gliscor\n|-damage|p2a: Gliscor|52/100 tox\n|\n|-heal|p1a: Clefable|100/100|[from] move: Wish|[wisher] Clefable\n|-heal|p2a: Gliscor|65/100 tox|[from] ability: Poison Heal\n|upkeep\n|turn|11\n|\n|t:|1695184614\n|move|p2a: Gliscor|Protect|p2a: Gliscor\n|-singleturn|p2a: Gliscor|Protect\n|move|p1a: Clefable|Moonblast|p2a: Gliscor\n|-activate|p2a: Gliscor|move: Protect\n|\n|-heal|p2a: Gliscor|77/100 tox|[from] ability: Poison Heal\n|upkeep\n|turn|12\n|\n|t:|1695184624\n|switch|p2a: Toxapex|Toxapex, M|100/100\n|move|p1a: Clefable|Moonblast|p2a: Toxapex\n|-resisted|p2a: Toxapex\n|-damage|p2a: Toxapex|92/100\n|\n|upkeep\n|turn|13\n|\n|t:|1695184635\n|switch|p1a: Gliscor|Gliscor, F|100/100 tox\n|-damage|p1a: Gliscor|88/100 tox|[from] Stealth Rock\n|move|p2a: Toxapex|Infestation|p1a: Gliscor\n|-resisted|p1a: Gliscor\n|-damage|p1a: Gliscor|87/100 tox\n|-activate|p1a: Gliscor|move: Infestation|[of] p2a: Toxapex\n|\n|-heal|p1a: Gliscor|99/100 tox|[from] ability: Poison Heal\n|-damage|p1a: Gliscor|87/100 tox|[from] move: Infestation|[partiallytrapped]\n|upkeep\n|turn|14\n|\n|t:|1695184648\n|switch|p2a: Gliscor|Gliscor, M|77/100 tox\n|-damage|p2a: Gliscor|65/100 tox|[from] Stealth Rock\n|move|p1a: Gliscor|Knock Off|p2a: Gliscor\n|-damage|p2a: Gliscor|51/100 tox\n|-enditem|p2a: Gliscor|Toxic Orb|[from] move: Knock Off|[of] p1a: Gliscor\n|\n|-heal|p2a: Gliscor|64/100 tox|[from] ability: Poison Heal\n|-heal|p1a: Gliscor|99/100 tox|[from] ability: Poison Heal\n|-end|p1a: Gliscor|Infestation|[partiallytrapped]|[silent]\n|upkeep\n|turn|15\n|\n|t:|1695184668\n|switch|p1a: Toxapex|Toxapex, F|100/100\n|move|p2a: Gliscor|Spikes||[still]\n|-fail|p2a: Gliscor\n|\n|-heal|p2a: Gliscor|76/100 tox|[from] ability: Poison Heal\n|upkeep\n|turn|16\n|\n|t:|1695184675\n|move|p2a: Gliscor|Earthquake|p1a: Toxapex\n|-supereffective|p1a: Toxapex\n|-damage|p1a: Toxapex|56/100\n|move|p1a: Toxapex|Surf|p2a: Gliscor\n|-supereffective|p2a: Gliscor\n|-damage|p2a: Gliscor|32/100 tox\n|\n|-heal|p2a: Gliscor|44/100 tox|[from] ability: Poison Heal\n|upkeep\n|turn|17\n|\n|t:|1695184696\n|move|p2a: Gliscor|Protect|p2a: Gliscor\n|-singleturn|p2a: Gliscor|Protect\n|move|p1a: Toxapex|Recover|p1a: Toxapex\n|-heal|p1a: Toxapex|100/100\n|\n|-heal|p2a: Gliscor|56/100 tox|[from] ability: Poison Heal\n|upkeep\n|turn|18\n|inactive|4soul has 120 seconds left.\n|\n|t:|1695184717\n|switch|p2a: Tornadus|Tornadus-Therian, M|100/100\n|move|p1a: Toxapex|Surf|p2a: Tornadus\n|-damage|p2a: Tornadus|78/100\n|\n|upkeep\n|turn|19\n|\n|t:|1695184726\n|move|p2a: Tornadus|Knock Off|p1a: Toxapex\n|-damage|p1a: Toxapex|87/100\n|-enditem|p1a: Toxapex|Heavy-Duty Boots|[from] move: Knock Off|[of] p2a: Tornadus\n|move|p1a: Toxapex|Toxic|p2a: Tornadus\n|-status|p2a: Tornadus|tox\n|\n|-damage|p2a: Tornadus|72/100 tox|[from] psn\n|upkeep\n|turn|20\n|\n|t:|1695184734\n|switch|p1a: Gliscor|Gliscor, F|99/100 tox\n|-damage|p1a: Gliscor|87/100 tox|[from] Stealth Rock\n|move|p2a: Tornadus|U-turn|p1a: Gliscor\n|-resisted|p1a: Gliscor\n|-damage|p1a: Gliscor|81/100 tox\n|\n|t:|1695184740\n|switch|p2a: Gliscor|Gliscor, M|56/100 tox|[from] U-turn\n|-damage|p2a: Gliscor|44/100 tox|[from] Stealth Rock\n|\n|-heal|p2a: Gliscor|56/100 tox|[from] ability: Poison Heal\n|-heal|p1a: Gliscor|94/100 tox|[from] ability: Poison Heal\n|upkeep\n|turn|21\n|\n|t:|1695184752\n|switch|p1a: Clefable|Clefable, F|100/100\n|move|p2a: Gliscor|Protect||[still]\n|-fail|p2a: Gliscor\n|\n|-heal|p2a: Gliscor|69/100 tox|[from] ability: Poison Heal\n|upkeep\n|turn|22\n|\n|t:|1695184760\n|move|p2a: Gliscor|Protect|p2a: Gliscor\n|-singleturn|p2a: Gliscor|Protect\n|move|p1a: Clefable|Moonblast|p2a: Gliscor\n|-activate|p2a: Gliscor|move: Protect\n|\n|-heal|p2a: Gliscor|81/100 tox|[from] ability: Poison Heal\n|upkeep\n|turn|23\n|\n|t:|1695184769\n|switch|p2a: Toxapex|Toxapex, M|100/100\n|move|p1a: Clefable|Moonblast|p2a: Toxapex\n|-resisted|p2a: Toxapex\n|-crit|p2a: Toxapex\n|-damage|p2a: Toxapex|86/100\n|\n|upkeep\n|turn|24\n|\n|t:|1695184779\n|switch|p1a: Gliscor|Gliscor, F|94/100 tox\n|-damage|p1a: Gliscor|81/100 tox|[from] Stealth Rock\n|switch|p2a: Tornadus|Tornadus-Therian, M|100/100 tox\n|\n|-damage|p2a: Tornadus|94/100 tox|[from] psn\n|-heal|p1a: Gliscor|94/100 tox|[from] ability: Poison Heal\n|upkeep\n|turn|25\n|\n|t:|1695184803\n|switch|p2a: Clefable|Clefable, F|100/100\n|move|p1a: Gliscor|Protect||[still]\n|-fail|p1a: Gliscor\n|\n|-heal|p1a: Gliscor|100/100 tox|[from] ability: Poison Heal\n|upkeep\n|turn|26\n|\n|t:|1695184810\n|move|p1a: Gliscor|Earthquake|p2a: Clefable\n|-damage|p2a: Clefable|76/100\n|move|p2a: Clefable|Moonblast|p1a: Gliscor\n|-damage|p1a: Gliscor|75/100 tox\n|\n|-heal|p1a: Gliscor|87/100 tox|[from] ability: Poison Heal\n|upkeep\n|turn|27\n|\n|t:|1695184821\n|switch|p1a: Clefable|Clefable, F|100/100\n|switch|p2a: Gliscor|Gliscor, M|81/100 tox\n|-damage|p2a: Gliscor|69/100 tox|[from] Stealth Rock\n|\n|-heal|p2a: Gliscor|81/100 tox|[from] ability: Poison Heal\n|upkeep\n|turn|28\n|\n|t:|1695184836\n|switch|p2a: Toxapex|Toxapex, M|100/100\n|switch|p1a: Gliscor|Gliscor, F|87/100 tox\n|-damage|p1a: Gliscor|75/100 tox|[from] Stealth Rock\n|\n|-heal|p1a: Gliscor|87/100 tox|[from] ability: Poison Heal\n|upkeep\n|turn|29\n|\n|t:|1695184845\n|switch|p2a: Gliscor|Gliscor, M|81/100 tox\n|-damage|p2a: Gliscor|69/100 tox|[from] Stealth Rock\n|move|p1a: Gliscor|Spikes||[still]\n|-fail|p1a: Gliscor\n|\n|-heal|p1a: Gliscor|99/100 tox|[from] ability: Poison Heal\n|-heal|p2a: Gliscor|81/100 tox|[from] ability: Poison Heal\n|upkeep\n|turn|30\n|\n|t:|1695184865\n|move|p2a: Gliscor|Toxic|p1a: Gliscor\n|-fail|p1a: Gliscor|tox\n|move|p1a: Gliscor|Spikes||[still]\n|-fail|p1a: Gliscor\n|\n|-heal|p1a: Gliscor|100/100 tox|[from] ability: Poison Heal\n|-heal|p2a: Gliscor|94/100 tox|[from] ability: Poison Heal\n|upkeep\n|turn|31\n|\n|t:|1695184883\n|move|p1a: Gliscor|Spikes||[still]\n|-fail|p1a: Gliscor\n|move|p2a: Gliscor|Earthquake|p1a: Gliscor\n|-immune|p1a: Gliscor\n|\n|-heal|p2a: Gliscor|100/100 tox|[from] ability: Poison Heal\n|upkeep\n|turn|32\n|\n|t:|1695184893\n|move|p1a: Gliscor|Spikes||[still]\n|-fail|p1a: Gliscor\n|move|p2a: Gliscor|Spikes||[still]\n|-fail|p2a: Gliscor\n|\n|upkeep\n|turn|33\n|\n|t:|1695184905\n|switch|p1a: Clefable|Clefable, F|100/100\n|switch|p2a: Toxapex|Toxapex, M|100/100\n|\n|upkeep\n|turn|34\n|\n|t:|1695184923\n|switch|p1a: Gliscor|Gliscor, F|100/100 tox\n|-damage|p1a: Gliscor|88/100 tox|[from] Stealth Rock\n|move|p2a: Toxapex|Infestation|p1a: Gliscor\n|-resisted|p1a: Gliscor\n|-damage|p1a: Gliscor|87/100 tox\n|-activate|p1a: Gliscor|move: Infestation|[of] p2a: Toxapex\n|\n|-heal|p1a: Gliscor|99/100 tox|[from] ability: Poison Heal\n|-damage|p1a: Gliscor|87/100 tox|[from] move: Infestation|[partiallytrapped]\n|upkeep\n|turn|35\n|\n|t:|1695184932\n|switch|p2a: Gliscor|Gliscor, M|100/100 tox\n|-damage|p2a: Gliscor|88/100 tox|[from] Stealth Rock\n|move|p1a: Gliscor|Spikes||[still]\n|-fail|p1a: Gliscor\n|\n|-heal|p2a: Gliscor|100/100 tox|[from] ability: Poison Heal\n|-heal|p1a: Gliscor|99/100 tox|[from] ability: Poison Heal\n|-end|p1a: Gliscor|Infestation|[partiallytrapped]|[silent]\n|upkeep\n|turn|36\n|\n|t:|1695184943\n|switch|p2a: Clefable|Clefable, F|76/100\n|move|p1a: Gliscor|Spikes||[still]\n|-fail|p1a: Gliscor\n|\n|-heal|p1a: Gliscor|100/100 tox|[from] ability: Poison Heal\n|upkeep\n|turn|37\n|\n|t:|1695184951\n|switch|p2a: Gliscor|Gliscor, M|100/100 tox\n|-damage|p2a: Gliscor|88/100 tox|[from] Stealth Rock\n|move|p1a: Gliscor|Earthquake|p2a: Gliscor\n|-immune|p2a: Gliscor\n|\n|-heal|p2a: Gliscor|100/100 tox|[from] ability: Poison Heal\n|upkeep\n|turn|38\n|\n|t:|1695184977\n|switch|p1a: Toxapex|Toxapex, F|100/100\n|-damage|p1a: Toxapex|76/100|[from] Spikes\n|-damage|p1a: Toxapex|64/100|[from] Stealth Rock\n|move|p2a: Gliscor|Earthquake|p1a: Toxapex\n|-supereffective|p1a: Toxapex\n|-damage|p1a: Toxapex|19/100\n|\n|upkeep\n|turn|39\n|\n|t:|1695184992\n|switch|p1a: Gliscor|Gliscor, F|100/100 tox\n|-damage|p1a: Gliscor|88/100 tox|[from] Stealth Rock\n|move|p2a: Gliscor|Earthquake|p1a: Gliscor\n|-immune|p1a: Gliscor\n|\n|-heal|p1a: Gliscor|100/100 tox|[from] ability: Poison Heal\n|upkeep\n|turn|40\n|\n|t:|1695185003\n|move|p2a: Gliscor|Spikes||[still]\n|-fail|p2a: Gliscor\n|move|p1a: Gliscor|Knock Off|p2a: Gliscor\n|-damage|p2a: Gliscor|92/100 tox\n|\n|-heal|p2a: Gliscor|100/100 tox|[from] ability: Poison Heal\n|upkeep\n|turn|41\n|\n|t:|1695185011\n|move|p2a: Gliscor|Spikes||[still]\n|-fail|p2a: Gliscor\n|move|p1a: Gliscor|Spikes||[still]\n|-fail|p1a: Gliscor\n|\n|upkeep\n|turn|42\n|\n|t:|1695185017\n|switch|p2a: Clefable|Clefable, F|76/100\n|move|p1a: Gliscor|Knock Off|p2a: Clefable\n|-resisted|p2a: Clefable\n|-damage|p2a: Clefable|71/100\n|\n|upkeep\n|turn|43\n|\n|t:|1695185026\n|switch|p1a: Clefable|Clefable, F|100/100\n|switch|p2a: Gliscor|Gliscor, M|100/100 tox\n|-damage|p2a: Gliscor|88/100 tox|[from] Stealth Rock\n|\n|-heal|p2a: Gliscor|100/100 tox|[from] ability: Poison Heal\n|upkeep\n|turn|44\n|\n|t:|1695185041\n|switch|p1a: Gliscor|Gliscor, F|100/100 tox\n|-damage|p1a: Gliscor|88/100 tox|[from] Stealth Rock\n|move|p2a: Gliscor|Earthquake|p1a: Gliscor\n|-immune|p1a: Gliscor\n|\n|-heal|p1a: Gliscor|100/100 tox|[from] ability: Poison Heal\n|upkeep\n|turn|45\n|\n|t:|1695185056\n|switch|p2a: Clefable|Clefable, F|71/100\n|move|p1a: Gliscor|Knock Off|p2a: Clefable\n|-resisted|p2a: Clefable\n|-damage|p2a: Clefable|66/100\n|\n|upkeep\n|turn|46\n|\n|t:|1695185066\n|switch|p2a: Gliscor|Gliscor, M|100/100 tox\n|-damage|p2a: Gliscor|88/100 tox|[from] Stealth Rock\n|move|p1a: Gliscor|Earthquake|p2a: Gliscor\n|-immune|p2a: Gliscor\n|\n|-heal|p2a: Gliscor|100/100 tox|[from] ability: Poison Heal\n|upkeep\n|turn|47\n|\n|t:|1695185079\n|switch|p2a: Clefable|Clefable, F|66/100\n|move|p1a: Gliscor|Spikes||[still]\n|-fail|p1a: Gliscor\n|\n|upkeep\n|turn|48\n|\n|t:|1695185105\n|move|p1a: Gliscor|Spikes||[still]\n|-fail|p1a: Gliscor\n|move|p2a: Clefable|Wish|p2a: Clefable\n|\n|upkeep\n|turn|49\n|\n|t:|1695185112\n|move|p1a: Gliscor|Knock Off|p2a: Clefable\n|-resisted|p2a: Clefable\n|-damage|p2a: Clefable|61/100\n|move|p2a: Clefable|Moonblast|p1a: Gliscor\n|-damage|p1a: Gliscor|73/100 tox\n|\n|-heal|p2a: Clefable|100/100|[from] move: Wish|[wisher] Clefable\n|-heal|p1a: Gliscor|86/100 tox|[from] ability: Poison Heal\n|upkeep\n|turn|50\n|\n|t:|1695185126\n|switch|p2a: Gliscor|Gliscor, M|100/100 tox\n|-damage|p2a: Gliscor|88/100 tox|[from] Stealth Rock\n|move|p1a: Gliscor|Earthquake|p2a: Gliscor\n|-immune|p2a: Gliscor\n|\n|-heal|p2a: Gliscor|100/100 tox|[from] ability: Poison Heal\n|-heal|p1a: Gliscor|98/100 tox|[from] ability: Poison Heal\n|upkeep\n|turn|51\n|\n|t:|1695185138\n|switch|p2a: Clefable|Clefable, F|100/100\n|move|p1a: Gliscor|Spikes||[still]\n|-fail|p1a: Gliscor\n|\n|-heal|p1a: Gliscor|100/100 tox|[from] ability: Poison Heal\n|upkeep\n|turn|52\n|\n|t:|1695185147\n|switch|p1a: Clefable|Clefable, F|100/100\n|switch|p2a: Tornadus|Tornadus-Therian, M|100/100 tox\n|\n|-damage|p2a: Tornadus|94/100 tox|[from] psn\n|upkeep\n|turn|53\n|\n|t:|1695185155\n|switch|p1a: Gliscor|Gliscor, F|100/100 tox\n|-damage|p1a: Gliscor|88/100 tox|[from] Stealth Rock\n|move|p2a: Tornadus|Knock Off|p1a: Gliscor\n|-damage|p1a: Gliscor|71/100 tox\n|-enditem|p1a: Gliscor|Toxic Orb|[from] move: Knock Off|[of] p2a: Tornadus\n|\n|-damage|p2a: Tornadus|82/100 tox|[from] psn\n|-heal|p1a: Gliscor|84/100 tox|[from] ability: Poison Heal\n|upkeep\n|turn|54\n|\n|t:|1695185168\n|move|p1a: Gliscor|Protect|p1a: Gliscor\n|-singleturn|p1a: Gliscor|Protect\n|move|p2a: Tornadus|U-turn|p1a: Gliscor\n|-activate|p1a: Gliscor|move: Protect\n|\n|-damage|p2a: Tornadus|64/100 tox|[from] psn\n|-heal|p1a: Gliscor|96/100 tox|[from] ability: Poison Heal\n|upkeep\n|turn|55\n|\n|t:|1695185175\n|move|p2a: Tornadus|U-turn|p1a: Gliscor\n|-resisted|p1a: Gliscor\n|-damage|p1a: Gliscor|90/100 tox\n|\n|t:|1695185181\n|switch|p2a: Gliscor|Gliscor, M|100/100 tox|[from] U-turn\n|-damage|p2a: Gliscor|88/100 tox|[from] Stealth Rock\n|move|p1a: Gliscor|Knock Off|p2a: Gliscor\n|-damage|p2a: Gliscor|80/100 tox\n|\n|-heal|p2a: Gliscor|92/100 tox|[from] ability: Poison Heal\n|-heal|p1a: Gliscor|100/100 tox|[from] ability: Poison Heal\n|upkeep\n|turn|56\n|\n|t:|1695185199\n|switch|p2a: Clefable|Clefable, F|100/100\n|move|p1a: Gliscor|Spikes||[still]\n|-fail|p1a: Gliscor\n|\n|upkeep\n|turn|57\n|\n|t:|1695185209\n|switch|p1a: Toxapex|Toxapex, F|53/100\n|-damage|p1a: Toxapex|28/100|[from] Spikes\n|-damage|p1a: Toxapex|16/100|[from] Stealth Rock\n|switch|p2a: Gliscor|Gliscor, M|92/100 tox\n|-damage|p2a: Gliscor|80/100 tox|[from] Stealth Rock\n|\n|-heal|p2a: Gliscor|92/100 tox|[from] ability: Poison Heal\n|upkeep\n|turn|58\n|\n|t:|1695185222\n|switch|p1a: Gliscor|Gliscor, F|100/100 tox\n|-damage|p1a: Gliscor|88/100 tox|[from] Stealth Rock\n|move|p2a: Gliscor|Earthquake|p1a: Gliscor\n|-immune|p1a: Gliscor\n|\n|-heal|p1a: Gliscor|100/100 tox|[from] ability: Poison Heal\n|-heal|p2a: Gliscor|100/100 tox|[from] ability: Poison Heal\n|upkeep\n|turn|59\n|\n|t:|1695185236\n|switch|p2a: Clefable|Clefable, F|100/100\n|move|p1a: Gliscor|Earthquake|p2a: Clefable\n|-damage|p2a: Clefable|77/100\n|\n|upkeep\n|turn|60\n|\n|t:|1695185243\n|switch|p1a: Clefable|Clefable, F|100/100\n|switch|p2a: Gliscor|Gliscor, M|100/100 tox\n|-damage|p2a: Gliscor|88/100 tox|[from] Stealth Rock\n|\n|-heal|p2a: Gliscor|100/100 tox|[from] ability: Poison Heal\n|upkeep\n|turn|61\n|\n|t:|1695185265\n|switch|p2a: Tornadus|Tornadus-Therian, M|97/100 tox\n|move|p1a: Clefable|Wish|p1a: Clefable\n|\n|-damage|p2a: Tornadus|91/100 tox|[from] psn\n|upkeep\n|turn|62\n|\n|t:|1695185272\n|switch|p1a: Gliscor|Gliscor, F|100/100 tox\n|-damage|p1a: Gliscor|88/100 tox|[from] Stealth Rock\n|move|p2a: Tornadus|Bleakwind Storm|p1a: Gliscor\n|-damage|p1a: Gliscor|52/100 tox\n|\n|-heal|p1a: Gliscor|100/100 tox|[from] move: Wish|[wisher] Clefable\n|-damage|p2a: Tornadus|79/100 tox|[from] psn\n|upkeep\n|turn|63\n|\n|t:|1695185283\n|switch|p2a: Gliscor|Gliscor, M|100/100 tox\n|-damage|p2a: Gliscor|88/100 tox|[from] Stealth Rock\n|move|p1a: Gliscor|Protect||[still]\n|-fail|p1a: Gliscor\n|\n|-heal|p2a: Gliscor|100/100 tox|[from] ability: Poison Heal\n|upkeep\n|turn|64\n|\n|t:|1695185292\n|switch|p2a: Clefable|Clefable, F|77/100\n|move|p1a: Gliscor|Knock Off|p2a: Clefable\n|-resisted|p2a: Clefable\n|-crit|p2a: Clefable\n|-damage|p2a: Clefable|69/100\n|\n|upkeep\n|turn|65\n|\n|t:|1695185300\n|switch|p2a: Gliscor|Gliscor, M|100/100 tox\n|-damage|p2a: Gliscor|88/100 tox|[from] Stealth Rock\n|move|p1a: Gliscor|Earthquake|p2a: Gliscor\n|-immune|p2a: Gliscor\n|\n|-heal|p2a: Gliscor|100/100 tox|[from] ability: Poison Heal\n|upkeep\n|turn|66\n|\n|t:|1695185314\n|switch|p1a: Moltres|Moltres|100/100\n|move|p2a: Gliscor|Spikes||[still]\n|-fail|p2a: Gliscor\n|\n|upkeep\n|turn|67\n|\n|t:|1695185324\n|switch|p1a: Clefable|Clefable, F|100/100\n|move|p2a: Gliscor|Toxic|p1a: Clefable|[miss]\n|-miss|p2a: Gliscor|p1a: Clefable\n|\n|upkeep\n|turn|68\n|\n|t:|1695185338\n|switch|p1a: Gliscor|Gliscor, F|100/100 tox\n|-damage|p1a: Gliscor|88/100 tox|[from] Stealth Rock\n|move|p2a: Gliscor|Earthquake|p1a: Gliscor\n|-immune|p1a: Gliscor\n|\n|-heal|p1a: Gliscor|100/100 tox|[from] ability: Poison Heal\n|upkeep\n|turn|69\n|\n|t:|1695185350\n|switch|p2a: Clefable|Clefable, F|69/100\n|switch|p1a: Clefable|Clefable, F|100/100\n|\n|upkeep\n|turn|70\n|\n|t:|1695185357\n|switch|p2a: Gliscor|Gliscor, M|100/100 tox\n|-damage|p2a: Gliscor|88/100 tox|[from] Stealth Rock\n|move|p1a: Clefable|Wish|p1a: Clefable\n|\n|-heal|p2a: Gliscor|100/100 tox|[from] ability: Poison Heal\n|upkeep\n|turn|71\n|\n|t:|1695185374\n|switch|p2a: Toxapex|Toxapex, M|100/100\n|move|p1a: Clefable|Moonblast|p2a: Toxapex\n|-resisted|p2a: Toxapex\n|-damage|p2a: Toxapex|91/100\n|\n|upkeep\n|turn|72\n|\n|t:|1695185385\n|switch|p1a: Toxapex|Toxapex, F|49/100\n|-damage|p1a: Toxapex|24/100|[from] Spikes\n|-damage|p1a: Toxapex|12/100|[from] Stealth Rock\n|move|p2a: Toxapex|Infestation|p1a: Toxapex\n|-resisted|p1a: Toxapex\n|-damage|p1a: Toxapex|11/100\n|-activate|p1a: Toxapex|move: Infestation|[of] p2a: Toxapex\n|\n|-damage|p1a: Toxapex|0 fnt|[from] move: Infestation|[partiallytrapped]\n|faint|p1a: Toxapex\n|upkeep\n|\n|t:|1695185402\n|switch|p1a: Gliscor|Gliscor, F|100/100 tox\n|-damage|p1a: Gliscor|88/100 tox|[from] Stealth Rock\n|turn|73\n|\n|t:|1695185413\n|switch|p2a: Gliscor|Gliscor, M|100/100 tox\n|-damage|p2a: Gliscor|88/100 tox|[from] Stealth Rock\n|move|p1a: Gliscor|Knock Off|p2a: Gliscor\n|-damage|p2a: Gliscor|80/100 tox\n|\n|-heal|p1a: Gliscor|100/100 tox|[from] ability: Poison Heal\n|-heal|p2a: Gliscor|92/100 tox|[from] ability: Poison Heal\n|upkeep\n|turn|74\n|\n|t:|1695185428\n|switch|p2a: Clefable|Clefable, F|69/100\n|switch|p1a: Clefable|Clefable, F|100/100\n|\n|upkeep\n|turn|75\n|\n|t:|1695185434\n|switch|p2a: Toxapex|Toxapex, M|100/100\n|move|p1a: Clefable|Moonblast|p2a: Toxapex\n|-resisted|p2a: Toxapex\n|-damage|p2a: Toxapex|92/100\n|\n|upkeep\n|turn|76\n|\n|t:|1695185443\n|move|p1a: Clefable|Wish|p1a: Clefable\n|move|p2a: Toxapex|Infestation|p1a: Clefable\n|-resisted|p1a: Clefable\n|-damage|p1a: Clefable|99/100\n|-activate|p1a: Clefable|move: Infestation|[of] p2a: Toxapex\n|\n|-heal|p1a: Clefable|100/100|[from] item: Leftovers\n|upkeep\n|turn|77\n|\n|t:|1695185468\n|move|p1a: Clefable|Stealth Rock||[still]\n|-fail|p1a: Clefable\n|move|p2a: Toxapex|Haze|p2a: Toxapex\n|-clearallboost\n|\n|upkeep\n|turn|78\n|\n|t:|1695185477\n|move|p1a: Clefable|Moonblast|p2a: Toxapex\n|-resisted|p2a: Toxapex\n|-damage|p2a: Toxapex|82/100\n|move|p2a: Toxapex|Haze|p2a: Toxapex\n|-clearallboost\n|\n|upkeep\n|turn|79\n|\n|t:|1695185484\n|move|p1a: Clefable|Stealth Rock||[still]\n|-fail|p1a: Clefable\n|move|p2a: Toxapex|Haze|p2a: Toxapex\n|-clearallboost\n|\n|upkeep\n|turn|80\n|\n|t:|1695185494\n|move|p1a: Clefable|Stealth Rock||[still]\n|-fail|p1a: Clefable\n|move|p2a: Toxapex|Haze|p2a: Toxapex\n|-clearallboost\n|\n|upkeep\n|turn|81\n|\n|t:|1695185500\n|switch|p2a: Tornadus|Tornadus-Therian, M|100/100 tox\n|move|p1a: Clefable|Stealth Rock||[still]\n|-fail|p1a: Clefable\n|\n|-damage|p2a: Tornadus|94/100 tox|[from] psn\n|-end|p1a: Clefable|Infestation|[partiallytrapped]\n|upkeep\n|turn|82\n|\n|t:|1695185514\n|move|p1a: Clefable|Protect|p1a: Clefable\n|-singleturn|p1a: Clefable|Protect\n|move|p2a: Tornadus|Bleakwind Storm|p1a: Clefable\n|-activate|p1a: Clefable|move: Protect\n|\n|-damage|p2a: Tornadus|82/100 tox|[from] psn\n|upkeep\n|turn|83\n|\n|t:|1695185524\n|switch|p1a: Gliscor|Gliscor, F|100/100 tox\n|-damage|p1a: Gliscor|88/100 tox|[from] Stealth Rock\n|move|p2a: Tornadus|Knock Off|p1a: Gliscor\n|-damage|p1a: Gliscor|78/100 tox\n|\n|-damage|p2a: Tornadus|64/100 tox|[from] psn\n|-heal|p1a: Gliscor|90/100 tox|[from] ability: Poison Heal\n|upkeep\n|turn|84\n|\n|t:|1695185532\n|switch|p2a: Gliscor|Gliscor, M|92/100 tox\n|-damage|p2a: Gliscor|80/100 tox|[from] Stealth Rock\n|switch|p1a: Clefable|Clefable, F|100/100\n|\n|-heal|p2a: Gliscor|92/100 tox|[from] ability: Poison Heal\n|upkeep\n|turn|85\n|\n|t:|1695185543\n|switch|p2a: Toxapex|Toxapex, M|100/100\n|move|p1a: Clefable|Moonblast|p2a: Toxapex\n|-resisted|p2a: Toxapex\n|-damage|p2a: Toxapex|91/100\n|\n|upkeep\n|turn|86\n|\n|t:|1695185554\n|switch|p1a: Gliscor|Gliscor, F|90/100 tox\n|-damage|p1a: Gliscor|78/100 tox|[from] Stealth Rock\n|move|p2a: Toxapex|Infestation|p1a: Gliscor\n|-resisted|p1a: Gliscor\n|-damage|p1a: Gliscor|76/100 tox\n|-activate|p1a: Gliscor|move: Infestation|[of] p2a: Toxapex\n|\n|-heal|p1a: Gliscor|89/100 tox|[from] ability: Poison Heal\n|-damage|p1a: Gliscor|76/100 tox|[from] move: Infestation|[partiallytrapped]\n|upkeep\n|turn|87\n|\n|t:|1695185567\n|switch|p2a: Gliscor|Gliscor, M|92/100 tox\n|-damage|p2a: Gliscor|80/100 tox|[from] Stealth Rock\n|move|p1a: Gliscor|Spikes||[still]\n|-fail|p1a: Gliscor\n|\n|-heal|p1a: Gliscor|89/100 tox|[from] ability: Poison Heal\n|-heal|p2a: Gliscor|92/100 tox|[from] ability: Poison Heal\n|-end|p1a: Gliscor|Infestation|[partiallytrapped]|[silent]\n|upkeep\n|turn|88\n|\n|t:|1695185580\n|move|p1a: Gliscor|Knock Off|p2a: Gliscor\n|-damage|p2a: Gliscor|83/100 tox\n|move|p2a: Gliscor|Spikes||[still]\n|-fail|p2a: Gliscor\n|\n|-heal|p2a: Gliscor|96/100 tox|[from] ability: Poison Heal\n|-heal|p1a: Gliscor|100/100 tox|[from] ability: Poison Heal\n|upkeep\n|turn|89\n|\n|t:|1695185590\n|move|p1a: Gliscor|Spikes||[still]\n|-fail|p1a: Gliscor\n|move|p2a: Gliscor|Spikes||[still]\n|-fail|p2a: Gliscor\n|\n|-heal|p2a: Gliscor|100/100 tox|[from] ability: Poison Heal\n|upkeep\n|turn|90\n|\n|t:|1695185610\n|switch|p2a: Clefable|Clefable, F|69/100\n|move|p1a: Gliscor|Spikes||[still]\n|-fail|p1a: Gliscor\n|\n|upkeep\n|turn|91\n|\n|t:|1695185616\n|switch|p2a: Gliscor|Gliscor, M|100/100 tox\n|-damage|p2a: Gliscor|88/100 tox|[from] Stealth Rock\n|move|p1a: Gliscor|Earthquake|p2a: Gliscor\n|-immune|p2a: Gliscor\n|\n|-heal|p2a: Gliscor|100/100 tox|[from] ability: Poison Heal\n|upkeep\n|turn|92\n|\n|t:|1695185622\n|switch|p2a: Clefable|Clefable, F|69/100\n|switch|p1a: Clefable|Clefable, F|100/100\n|\n|upkeep\n|turn|93\n|\n|t:|1695185631\n|switch|p2a: Toxapex|Toxapex, M|100/100\n|move|p1a: Clefable|Moonblast|p2a: Toxapex\n|-resisted|p2a: Toxapex\n|-crit|p2a: Toxapex\n|-damage|p2a: Toxapex|85/100\n|-unboost|p2a: Toxapex|spa|1\n|\n|upkeep\n|turn|94\n|\n|t:|1695185648\n|switch|p1a: Gliscor|Gliscor, F|100/100 tox\n|-damage|p1a: Gliscor|88/100 tox|[from] Stealth Rock\n|switch|p2a: Tornadus|Tornadus-Therian, M|97/100 tox\n|\n|-damage|p2a: Tornadus|91/100 tox|[from] psn\n|-heal|p1a: Gliscor|100/100 tox|[from] ability: Poison Heal\n|upkeep\n|turn|95\n|\n|t:|1695185657\n|switch|p2a: Gliscor|Gliscor, M|100/100 tox\n|-damage|p2a: Gliscor|88/100 tox|[from] Stealth Rock\n|move|p1a: Gliscor|Knock Off|p2a: Gliscor\n|-damage|p2a: Gliscor|80/100 tox\n|\n|-heal|p2a: Gliscor|92/100 tox|[from] ability: Poison Heal\n|upkeep\n|turn|96\n|\n|t:|1695185667\n|switch|p1a: Clefable|Clefable, F|100/100\n|switch|p2a: Clefable|Clefable, F|69/100\n|\n|upkeep\n|turn|97\n|\n|t:|1695185675\n|switch|p2a: Tornadus|Tornadus-Therian, M|100/100 tox\n|switch|p1a: Moltres|Moltres|100/100\n|\n|-damage|p2a: Tornadus|94/100 tox|[from] psn\n|upkeep\n|turn|98\n|\n|t:|1695185687\n|switch|p1a: Gliscor|Gliscor, F|100/100 tox\n|-damage|p1a: Gliscor|88/100 tox|[from] Stealth Rock\n|move|p2a: Tornadus|Knock Off|p1a: Gliscor\n|-damage|p1a: Gliscor|77/100 tox\n|\n|-damage|p2a: Tornadus|82/100 tox|[from] psn\n|-heal|p1a: Gliscor|90/100 tox|[from] ability: Poison Heal\n|upkeep\n|turn|99\n|\n|t:|1695185695\n|switch|p2a: Gliscor|Gliscor, M|92/100 tox\n|-damage|p2a: Gliscor|80/100 tox|[from] Stealth Rock\n|move|p1a: Gliscor|Knock Off|p2a: Gliscor\n|-damage|p2a: Gliscor|71/100 tox\n|\n|-heal|p1a: Gliscor|100/100 tox|[from] ability: Poison Heal\n|-heal|p2a: Gliscor|84/100 tox|[from] ability: Poison Heal\n|upkeep\n|turn|100\n|\n|t:|1695185701\n|switch|p1a: Clefable|Clefable, F|100/100\n|move|p2a: Gliscor|Toxic|p1a: Clefable|[miss]\n|-miss|p2a: Gliscor|p1a: Clefable\n|\n|-heal|p2a: Gliscor|96/100 tox|[from] ability: Poison Heal\n|upkeep\n|turn|101\n|\n|t:|1695185711\n|switch|p2a: Toxapex|Toxapex, M|100/100\n|move|p1a: Clefable|Moonblast|p2a: Toxapex\n|-resisted|p2a: Toxapex\n|-damage|p2a: Toxapex|92/100\n|\n|upkeep\n|turn|102\n|\n|t:|1695185717\n|switch|p1a: Gliscor|Gliscor, F|100/100 tox\n|-damage|p1a: Gliscor|88/100 tox|[from] Stealth Rock\n|move|p2a: Toxapex|Infestation|p1a: Gliscor\n|-resisted|p1a: Gliscor\n|-crit|p1a: Gliscor\n|-damage|p1a: Gliscor|86/100 tox\n|-activate|p1a: Gliscor|move: Infestation|[of] p2a: Toxapex\n|\n|-heal|p1a: Gliscor|99/100 tox|[from] ability: Poison Heal\n|-damage|p1a: Gliscor|86/100 tox|[from] move: Infestation|[partiallytrapped]\n|upkeep\n|turn|103\n|\n|t:|1695185731\n|switch|p2a: Gliscor|Gliscor, M|96/100 tox\n|-damage|p2a: Gliscor|84/100 tox|[from] Stealth Rock\n|move|p1a: Gliscor|Knock Off|p2a: Gliscor\n|-damage|p2a: Gliscor|75/100 tox\n|\n|-heal|p2a: Gliscor|88/100 tox|[from] ability: Poison Heal\n|-heal|p1a: Gliscor|99/100 tox|[from] ability: Poison Heal\n|-end|p1a: Gliscor|Infestation|[partiallytrapped]|[silent]\n|upkeep\n|turn|104\n|\n|t:|1695185746\n|switch|p1a: Clefable|Clefable, F|100/100\n|switch|p2a: Clefable|Clefable, F|69/100\n|\n|upkeep\n|turn|105\n|\n|t:|1695185753\n|switch|p2a: Toxapex|Toxapex, M|100/100\n|move|p1a: Clefable|Moonblast|p2a: Toxapex\n|-resisted|p2a: Toxapex\n|-damage|p2a: Toxapex|91/100\n|-unboost|p2a: Toxapex|spa|1\n|\n|upkeep\n|turn|106\n|\n|t:|1695185763\n|switch|p1a: Moltres|Moltres|100/100\n|switch|p2a: Tornadus|Tornadus-Therian, M|100/100 tox\n|\n|-damage|p2a: Tornadus|94/100 tox|[from] psn\n|upkeep\n|turn|107\n|inactive|4soul has 120 seconds left.\n|\n|t:|1695185788\n|switch|p2a: Toxapex|Toxapex, M|100/100\n|switch|p1a: Gliscor|Gliscor, F|99/100 tox\n|-damage|p1a: Gliscor|86/100 tox|[from] Stealth Rock\n|\n|-heal|p1a: Gliscor|99/100 tox|[from] ability: Poison Heal\n|upkeep\n|turn|108\n|inactive|4soul has 120 seconds left.\n|\n|t:|1695185802\n|switch|p1a: Clefable|Clefable, F|100/100\n|move|p2a: Toxapex|Toxic|p1a: Clefable\n|-status|p1a: Clefable|tox\n|\n|upkeep\n|turn|109\n|inactive|4soul has 120 seconds left.\n|\n|t:|1695185812\n|move|p1a: Clefable|Moonblast|p2a: Toxapex\n|-resisted|p2a: Toxapex\n|-damage|p2a: Toxapex|90/100\n|move|p2a: Toxapex|Infestation|p1a: Clefable\n|-resisted|p1a: Clefable\n|-crit|p1a: Clefable\n|-damage|p1a: Clefable|98/100 tox\n|-activate|p1a: Clefable|move: Infestation|[of] p2a: Toxapex\n|\n|-heal|p1a: Clefable|100/100 tox|[from] item: Leftovers\n|upkeep\n|turn|110\n|inactive|4soul has 120 seconds left.\n|\n|t:|1695185819\n|move|p1a: Clefable|Stealth Rock||[still]\n|-fail|p1a: Clefable\n|move|p2a: Toxapex|Haze|p2a: Toxapex\n|-clearallboost\n|\n|upkeep\n|turn|111\n|\n|t:|1695185824\n|move|p1a: Clefable|Stealth Rock||[still]\n|-fail|p1a: Clefable\n|move|p2a: Toxapex|Haze|p2a: Toxapex\n|-clearallboost\n|\n|upkeep\n|turn|112\n|\n|t:|1695185833\n|switch|p2a: Tornadus|Tornadus-Therian, M|100/100 tox\n|move|p1a: Clefable|Stealth Rock||[still]\n|-fail|p1a: Clefable\n|\n|-damage|p2a: Tornadus|94/100 tox|[from] psn\n|-end|p1a: Clefable|Infestation|[partiallytrapped]|[silent]\n|upkeep\n|turn|113\n|inactive|4soul has 120 seconds left.\n|\n|t:|1695185851\n|switch|p2a: Gliscor|Gliscor, M|88/100 tox\n|-damage|p2a: Gliscor|75/100 tox|[from] Stealth Rock\n|move|p1a: Clefable|Moonblast|p2a: Gliscor\n|-damage|p2a: Gliscor|36/100 tox\n|\n|-heal|p2a: Gliscor|49/100 tox|[from] ability: Poison Heal\n|upkeep\n|turn|114\n|\n|t:|1695185871\n|switch|p1a: Zamazenta|Zamazenta|100/100\n|-ability|p1a: Zamazenta|Dauntless Shield|boost\n|-boost|p1a: Zamazenta|def|1\n|move|p2a: Gliscor|Protect||[still]\n|-fail|p2a: Gliscor\n|\n|-heal|p2a: Gliscor|61/100 tox|[from] ability: Poison Heal\n|upkeep\n|turn|115\n|\n|t:|1695185878\n|move|p1a: Zamazenta|Stone Edge|p2a: Gliscor|[miss]\n|-miss|p1a: Zamazenta|p2a: Gliscor\n|move|p2a: Gliscor|Toxic|p1a: Zamazenta\n|-status|p1a: Zamazenta|tox\n|\n|-damage|p1a: Zamazenta|94/100 tox|[from] psn\n|-heal|p2a: Gliscor|73/100 tox|[from] ability: Poison Heal\n|upkeep\n|turn|116\n|\n|t:|1695185890\n|switch|p1a: Clefable|Clefable, F|100/100 tox\n|move|p2a: Gliscor|Protect||[still]\n|-fail|p2a: Gliscor\n|\n|-heal|p2a: Gliscor|86/100 tox|[from] ability: Poison Heal\n|upkeep\n|turn|117\n|\n|t:|1695185903\n|switch|p2a: Toxapex|Toxapex, M|100/100\n|switch|p1a: Gliscor|Gliscor, F|99/100 tox\n|-damage|p1a: Gliscor|86/100 tox|[from] Stealth Rock\n|\n|-heal|p1a: Gliscor|99/100 tox|[from] ability: Poison Heal\n|upkeep\n|turn|118\n|\n|t:|1695185912\n|switch|p1a: Clefable|Clefable, F|100/100 tox\n|switch|p2a: Gliscor|Gliscor, M|86/100 tox\n|-damage|p2a: Gliscor|73/100 tox|[from] Stealth Rock\n|\n|-heal|p2a: Gliscor|86/100 tox|[from] ability: Poison Heal\n|upkeep\n|turn|119\n|\n|t:|1695185922\n|switch|p2a: Toxapex|Toxapex, M|100/100\n|switch|p1a: Gliscor|Gliscor, F|99/100 tox\n|-damage|p1a: Gliscor|86/100 tox|[from] Stealth Rock\n|\n|-heal|p1a: Gliscor|99/100 tox|[from] ability: Poison Heal\n|upkeep\n|turn|120\n|\n|t:|1695185929\n|switch|p1a: Clefable|Clefable, F|100/100 tox\n|switch|p2a: Gliscor|Gliscor, M|86/100 tox\n|-damage|p2a: Gliscor|73/100 tox|[from] Stealth Rock\n|\n|-heal|p2a: Gliscor|86/100 tox|[from] ability: Poison Heal\n|upkeep\n|turn|121\n|\n|t:|1695185938\n|switch|p2a: Tornadus|Tornadus-Therian, M|100/100 tox\n|switch|p1a: Gliscor|Gliscor, F|99/100 tox\n|-damage|p1a: Gliscor|86/100 tox|[from] Stealth Rock\n|\n|-damage|p2a: Tornadus|94/100 tox|[from] psn\n|-heal|p1a: Gliscor|99/100 tox|[from] ability: Poison Heal\n|upkeep\n|turn|122\n|\n|t:|1695185944\n|switch|p2a: Gliscor|Gliscor, M|86/100 tox\n|-damage|p2a: Gliscor|73/100 tox|[from] Stealth Rock\n|move|p1a: Gliscor|Knock Off|p2a: Gliscor\n|-damage|p2a: Gliscor|65/100 tox\n|\n|-heal|p1a: Gliscor|100/100 tox|[from] ability: Poison Heal\n|-heal|p2a: Gliscor|78/100 tox|[from] ability: Poison Heal\n|upkeep\n|turn|123\n|\n|t:|1695185954\n|switch|p2a: Clefable|Clefable, F|69/100\n|switch|p1a: Clefable|Clefable, F|100/100 tox\n|\n|upkeep\n|turn|124\n|inactive|4soul has 90 seconds left.\n|\n|t:|1695185974\n|move|p1a: Clefable|Moonblast|p2a: Clefable\n|-damage|p2a: Clefable|39/100\n|-unboost|p2a: Clefable|spa|1\n|move|p2a: Clefable|Moonblast|p1a: Clefable\n|-damage|p1a: Clefable|83/100 tox\n|-unboost|p1a: Clefable|spa|1\n|\n|-heal|p1a: Clefable|90/100 tox|[from] item: Leftovers\n|upkeep\n|turn|125\n|inactive|4soul has 90 seconds left.\n|\n|t:|1695185984\n|move|p1a: Clefable|Moonblast|p2a: Clefable\n|-damage|p2a: Clefable|19/100\n|move|p2a: Clefable|Wish|p2a: Clefable\n|\n|-heal|p1a: Clefable|96/100 tox|[from] item: Leftovers\n|upkeep\n|turn|126\n|inactive|4soul has 90 seconds left.\n|\n|t:|1695185996\n|switch|p1a: Dragonite|Dragonite, F|100/100\n|move|p2a: Clefable|Protect||[still]\n|-fail|p2a: Clefable\n|\n|-heal|p2a: Clefable|69/100|[from] move: Wish|[wisher] Clefable\n|upkeep\n|turn|127\n|inactive|4soul has 90 seconds left.\n|\n|t:|1695186004\n|move|p1a: Dragonite|Earthquake|p2a: Clefable\n|-damage|p2a: Clefable|38/100\n|move|p2a: Clefable|Wish|p2a: Clefable\n|\n|upkeep\n|turn|128\n|inactive|4soul has 90 seconds left.\n|\n|t:|1695186014\n|move|p2a: Clefable|Protect|p2a: Clefable\n|-singleturn|p2a: Clefable|Protect\n|move|p1a: Dragonite|Dragon Dance|p1a: Dragonite\n|-boost|p1a: Dragonite|atk|1\n|-boost|p1a: Dragonite|spe|1\n|\n|-heal|p2a: Clefable|88/100|[from] move: Wish|[wisher] Clefable\n|upkeep\n|turn|129\n|\n|t:|1695186031\n|move|p1a: Dragonite|Earthquake|p2a: Clefable\n|-damage|p2a: Clefable|41/100\n|move|p2a: Clefable|Moonblast|p1a: Dragonite\n|-supereffective|p1a: Dragonite\n|-damage|p1a: Dragonite|80/100\n|\n|upkeep\n|turn|130\n|\n|t:|1695186050\n|switch|p2a: Gliscor|Gliscor, M|78/100 tox\n|-damage|p2a: Gliscor|65/100 tox|[from] Stealth Rock\n|move|p1a: Dragonite|Roost|p1a: Dragonite\n|-heal|p1a: Dragonite|100/100\n|-singleturn|p1a: Dragonite|move: Roost\n|\n|-heal|p2a: Gliscor|78/100 tox|[from] ability: Poison Heal\n|upkeep\n|turn|131\n|\n|t:|1695186060\n|switch|p1a: Gliscor|Gliscor, F|100/100 tox\n|-damage|p1a: Gliscor|88/100 tox|[from] Stealth Rock\n|move|p2a: Gliscor|Toxic|p1a: Gliscor\n|-fail|p1a: Gliscor|tox\n|\n|-heal|p2a: Gliscor|90/100 tox|[from] ability: Poison Heal\n|-heal|p1a: Gliscor|100/100 tox|[from] ability: Poison Heal\n|upkeep\n|turn|132\n|inactive|4soul has 60 seconds left.\n|\n|t:|1695186073\n|move|p2a: Gliscor|Toxic|p1a: Gliscor\n|-fail|p1a: Gliscor|tox\n|move|p1a: Gliscor|Earthquake|p2a: Gliscor\n|-immune|p2a: Gliscor\n|\n|-heal|p2a: Gliscor|100/100 tox|[from] ability: Poison Heal\n|upkeep\n|turn|133\n|inactive|4soul has 60 seconds left.\n|\n|t:|1695186082\n|move|p2a: Gliscor|Toxic|p1a: Gliscor\n|-fail|p1a: Gliscor|tox\n|move|p1a: Gliscor|Knock Off|p2a: Gliscor\n|-damage|p2a: Gliscor|92/100 tox\n|\n|-heal|p2a: Gliscor|100/100 tox|[from] ability: Poison Heal\n|upkeep\n|turn|134\n|inactive|4soul has 60 seconds left.\n|\n|t:|1695186092\n|switch|p1a: Clefable|Clefable, F|96/100 tox\n|switch|p2a: Clefable|Clefable, F|41/100\n|\n|-heal|p1a: Clefable|100/100 tox|[from] item: Leftovers\n|upkeep\n|turn|135\n|\n|t:|1695186107\n|move|p1a: Clefable|Moonblast|p2a: Clefable\n|-damage|p2a: Clefable|11/100\n|move|p2a: Clefable|Wish|p2a: Clefable\n|\n|upkeep\n|turn|136\n|\n|t:|1695186131\n|switch|p1a: Zamazenta|Zamazenta|94/100 tox\n|move|p2a: Clefable|Protect||[still]\n|-fail|p2a: Clefable\n|\n|-heal|p2a: Clefable|61/100|[from] move: Wish|[wisher] Clefable\n|-damage|p1a: Zamazenta|88/100 tox|[from] psn\n|upkeep\n|turn|137\n|\n|t:|1695186144\n|move|p2a: Clefable|Protect|p2a: Clefable\n|-singleturn|p2a: Clefable|Protect\n|move|p1a: Zamazenta|Iron Head|p2a: Clefable\n|-activate|p2a: Clefable|move: Protect\n|\n|-damage|p1a: Zamazenta|76/100 tox|[from] psn\n|upkeep\n|turn|138\n|\n|t:|1695186151\n|switch|p1a: Clefable|Clefable, F|100/100 tox\n|switch|p2a: Gliscor|Gliscor, M|100/100 tox\n|-damage|p2a: Gliscor|88/100 tox|[from] Stealth Rock\n|\n|-heal|p2a: Gliscor|100/100 tox|[from] ability: Poison Heal\n|upkeep\n|turn|139\n|\n|t:|1695186158\n|move|p2a: Gliscor|Earthquake|p1a: Clefable\n|-damage|p1a: Clefable|75/100 tox\n|move|p1a: Clefable|Wish|p1a: Clefable\n|\n|-heal|p1a: Clefable|81/100 tox|[from] item: Leftovers\n|upkeep\n|turn|140\n|\n|t:|1695186164\n|switch|p2a: Tornadus|Tornadus-Therian, M|100/100 tox\n|move|p1a: Clefable|Moonblast|p2a: Tornadus\n|-damage|p2a: Tornadus|66/100 tox\n|\n|-heal|p1a: Clefable|100/100 tox|[from] move: Wish|[wisher] Clefable\n|-damage|p2a: Tornadus|60/100 tox|[from] psn\n|upkeep\n|turn|141\n|\n|t:|1695186172\n|switch|p2a: Toxapex|Toxapex, M|100/100\n|move|p1a: Clefable|Moonblast|p2a: Toxapex\n|-resisted|p2a: Toxapex\n|-damage|p2a: Toxapex|91/100\n|\n|upkeep\n|turn|142\n|\n|t:|1695186180\n|switch|p1a: Gliscor|Gliscor, F|100/100 tox\n|-damage|p1a: Gliscor|88/100 tox|[from] Stealth Rock\n|move|p2a: Toxapex|Infestation|p1a: Gliscor\n|-resisted|p1a: Gliscor\n|-damage|p1a: Gliscor|87/100 tox\n|-activate|p1a: Gliscor|move: Infestation|[of] p2a: Toxapex\n|\n|-heal|p1a: Gliscor|99/100 tox|[from] ability: Poison Heal\n|-damage|p1a: Gliscor|87/100 tox|[from] move: Infestation|[partiallytrapped]\n|upkeep\n|turn|143\n|inactive|4soul has 30 seconds left.\n|\n|t:|1695186201\n|switch|p2a: Gliscor|Gliscor, M|100/100 tox\n|-damage|p2a: Gliscor|88/100 tox|[from] Stealth Rock\n|move|p1a: Gliscor|Spikes||[still]\n|-fail|p1a: Gliscor\n|\n|-heal|p1a: Gliscor|99/100 tox|[from] ability: Poison Heal\n|-heal|p2a: Gliscor|100/100 tox|[from] ability: Poison Heal\n|-end|p1a: Gliscor|Infestation|[partiallytrapped]|[silent]\n|upkeep\n|turn|144\n|inactive|4soul has 30 seconds left.\n|inactive|Winterchillz has 120 seconds left.\n|\n|t:|1695186222\n|switch|p1a: Clefable|Clefable, F|100/100 tox\n|move|p2a: Gliscor|Protect||[still]\n|-fail|p2a: Gliscor\n|\n|upkeep\n|turn|145\n|inactive|4soul has 30 seconds left this turn.\n|\n|t:|1695186236\n|switch|p2a: Tornadus|Tornadus-Therian, M|93/100 tox\n|move|p1a: Clefable|Moonblast|p2a: Tornadus\n|-damage|p2a: Tornadus|57/100 tox\n|-unboost|p2a: Tornadus|spa|1\n|\n|-damage|p2a: Tornadus|51/100 tox|[from] psn\n|upkeep\n|turn|146\n|inactive|4soul has 30 seconds left this turn.\n|\n|t:|1695186244\n|switch|p2a: Toxapex|Toxapex, M|100/100\n|move|p1a: Clefable|Moonblast|p2a: Toxapex\n|-resisted|p2a: Toxapex\n|-damage|p2a: Toxapex|91/100\n|-unboost|p2a: Toxapex|spa|1\n|\n|upkeep\n|turn|147\n|inactive|4soul has 30 seconds left this turn.\n|\n|t:|1695186260\n|switch|p1a: Gliscor|Gliscor, F|99/100 tox\n|-damage|p1a: Gliscor|87/100 tox|[from] Stealth Rock\n|switch|p2a: Tornadus|Tornadus-Therian, M|84/100 tox\n|\n|-damage|p2a: Tornadus|78/100 tox|[from] psn\n|-heal|p1a: Gliscor|99/100 tox|[from] ability: Poison Heal\n|upkeep\n|turn|148\n|inactive|4soul has 30 seconds left this turn.\n|\n|t:|1695186272\n|switch|p2a: Gliscor|Gliscor, M|100/100 tox\n|-damage|p2a: Gliscor|88/100 tox|[from] Stealth Rock\n|switch|p1a: Clefable|Clefable, F|100/100 tox\n|\n|-heal|p2a: Gliscor|100/100 tox|[from] ability: Poison Heal\n|upkeep\n|turn|149\n|inactive|4soul has 30 seconds left this turn.\n|\n|t:|1695186282\n|switch|p2a: Toxapex|Toxapex, M|100/100\n|move|p1a: Clefable|Stealth Rock||[still]\n|-fail|p1a: Clefable\n|\n|upkeep\n|turn|150\n|inactive|4soul has 30 seconds left this turn.\n|\n|t:|1695186289\n|switch|p1a: Gliscor|Gliscor, F|99/100 tox\n|-damage|p1a: Gliscor|87/100 tox|[from] Stealth Rock\n|move|p2a: Toxapex|Infestation|p1a: Gliscor\n|-resisted|p1a: Gliscor\n|-damage|p1a: Gliscor|86/100 tox\n|-activate|p1a: Gliscor|move: Infestation|[of] p2a: Toxapex\n|\n|-heal|p1a: Gliscor|98/100 tox|[from] ability: Poison Heal\n|-damage|p1a: Gliscor|86/100 tox|[from] move: Infestation|[partiallytrapped]\n|upkeep\n|turn|151\n|inactive|4soul has 30 seconds left this turn.\n|inactive|Winterchillz has 90 seconds left.\n|\n|t:|1695186310\n|switch|p2a: Gliscor|Gliscor, M|100/100 tox\n|-damage|p2a: Gliscor|88/100 tox|[from] Stealth Rock\n|move|p1a: Gliscor|Spikes||[still]\n|-fail|p1a: Gliscor\n|\n|-heal|p2a: Gliscor|100/100 tox|[from] ability: Poison Heal\n|-heal|p1a: Gliscor|98/100 tox|[from] ability: Poison Heal\n|-end|p1a: Gliscor|Infestation|[partiallytrapped]|[silent]\n|upkeep\n|turn|152\n|inactive|4soul has 30 seconds left.\n|\n|t:|1695186318\n|switch|p2a: Clefable|Clefable, F|61/100\n|switch|p1a: Clefable|Clefable, F|100/100 tox\n|\n|upkeep\n|turn|153\n|\n|t:|1695186322\n|switch|p2a: Toxapex|Toxapex, M|100/100\n|switch|p1a: Gliscor|Gliscor, F|98/100 tox\n|-damage|p1a: Gliscor|86/100 tox|[from] Stealth Rock\n|\n|-heal|p1a: Gliscor|98/100 tox|[from] ability: Poison Heal\n|upkeep\n|turn|154\n|\n|t:|1695186326\n|switch|p1a: Clefable|Clefable, F|100/100 tox\n|switch|p2a: Gliscor|Gliscor, M|100/100 tox\n|-damage|p2a: Gliscor|88/100 tox|[from] Stealth Rock\n|\n|-heal|p2a: Gliscor|100/100 tox|[from] ability: Poison Heal\n|upkeep\n|turn|155\n|\n|t:|1695186330\n|switch|p2a: Tornadus|Tornadus-Therian, M|100/100 tox\n|switch|p1a: Gliscor|Gliscor, F|98/100 tox\n|-damage|p1a: Gliscor|86/100 tox|[from] Stealth Rock\n|\n|-damage|p2a: Tornadus|94/100 tox|[from] psn\n|-heal|p1a: Gliscor|98/100 tox|[from] ability: Poison Heal\n|upkeep\n|turn|156\n|\n|t:|1695186335\n|switch|p2a: Gliscor|Gliscor, M|100/100 tox\n|-damage|p2a: Gliscor|88/100 tox|[from] Stealth Rock\n|move|p1a: Gliscor|Knock Off|p2a: Gliscor\n|-damage|p2a: Gliscor|79/100 tox\n|\n|-heal|p2a: Gliscor|92/100 tox|[from] ability: Poison Heal\n|-heal|p1a: Gliscor|100/100 tox|[from] ability: Poison Heal\n|upkeep\n|turn|157\n|\n|t:|1695186343\n|switch|p1a: Clefable|Clefable, F|100/100 tox\n|switch|p2a: Clefable|Clefable, F|61/100\n|\n|upkeep\n|turn|158\n|\n|t:|1695186348\n|switch|p2a: Tornadus|Tornadus-Therian, M|100/100 tox\n|switch|p1a: Gliscor|Gliscor, F|100/100 tox\n|-damage|p1a: Gliscor|88/100 tox|[from] Stealth Rock\n|\n|-damage|p2a: Tornadus|94/100 tox|[from] psn\n|-heal|p1a: Gliscor|100/100 tox|[from] ability: Poison Heal\n|upkeep\n|turn|159\n|\n|t:|1695186352\n|switch|p2a: Gliscor|Gliscor, M|92/100 tox\n|-damage|p2a: Gliscor|79/100 tox|[from] Stealth Rock\n|move|p1a: Gliscor|Knock Off|p2a: Gliscor\n|-damage|p2a: Gliscor|70/100 tox\n|\n|-heal|p2a: Gliscor|82/100 tox|[from] ability: Poison Heal\n|upkeep\n|turn|160\n|\n|t:|1695186365\n|move|p2a: Gliscor|Protect|p2a: Gliscor\n|-singleturn|p2a: Gliscor|Protect\n|move|p1a: Gliscor|Earthquake|p2a: Gliscor\n|-activate|p2a: Gliscor|move: Protect\n|\n|-heal|p2a: Gliscor|95/100 tox|[from] ability: Poison Heal\n|upkeep\n|turn|161\n|\n|t:|1695186373\n|switch|p2a: Clefable|Clefable, F|61/100\n|switch|p1a: Clefable|Clefable, F|100/100 tox\n|\n|upkeep\n|turn|162\n|\n|t:|1695186383\n|switch|p1a: Gliscor|Gliscor, F|100/100 tox\n|-damage|p1a: Gliscor|88/100 tox|[from] Stealth Rock\n|move|p2a: Clefable|Wish|p2a: Clefable\n|\n|-heal|p1a: Gliscor|100/100 tox|[from] ability: Poison Heal\n|upkeep\n|turn|163\n|\n|t:|1695186389\n|move|p1a: Gliscor|Knock Off|p2a: Clefable\n|-resisted|p2a: Clefable\n|-damage|p2a: Clefable|56/100\n|move|p2a: Clefable|Moonblast|p1a: Gliscor\n|-damage|p1a: Gliscor|72/100 tox\n|\n|-heal|p2a: Clefable|100/100|[from] move: Wish|[wisher] Clefable\n|-heal|p1a: Gliscor|85/100 tox|[from] ability: Poison Heal\n|upkeep\n|turn|164\n|\n|t:|1695186400\n|switch|p1a: Moltres|Moltres|100/100\n|switch|p2a: Gliscor|Gliscor, M|95/100 tox\n|-damage|p2a: Gliscor|82/100 tox|[from] Stealth Rock\n|\n|-heal|p2a: Gliscor|95/100 tox|[from] ability: Poison Heal\n|upkeep\n|turn|165\n|\n|t:|1695186405\n|switch|p1a: Gliscor|Gliscor, F|85/100 tox\n|-damage|p1a: Gliscor|72/100 tox|[from] Stealth Rock\n|move|p2a: Gliscor|Toxic|p1a: Gliscor\n|-fail|p1a: Gliscor|tox\n|\n|-heal|p2a: Gliscor|100/100 tox|[from] ability: Poison Heal\n|-heal|p1a: Gliscor|85/100 tox|[from] ability: Poison Heal\n|upkeep\n|turn|166\n|\n|t:|1695186411\n|switch|p2a: Clefable|Clefable, F|100/100\n|move|p1a: Gliscor|Protect||[still]\n|-fail|p1a: Gliscor\n|\n|-heal|p1a: Gliscor|97/100 tox|[from] ability: Poison Heal\n|upkeep\n|turn|167\n|\n|t:|1695186422\n|switch|p1a: Moltres|Moltres|100/100\n|switch|p2a: Gliscor|Gliscor, M|100/100 tox\n|-damage|p2a: Gliscor|88/100 tox|[from] Stealth Rock\n|\n|-heal|p2a: Gliscor|100/100 tox|[from] ability: Poison Heal\n|upkeep\n|turn|168\n|\n|t:|1695186439\n|switch|p2a: Tornadus|Tornadus-Therian, M|100/100 tox\n|switch|p1a: Gliscor|Gliscor, F|97/100 tox\n|-damage|p1a: Gliscor|85/100 tox|[from] Stealth Rock\n|\n|-damage|p2a: Tornadus|94/100 tox|[from] psn\n|-heal|p1a: Gliscor|97/100 tox|[from] ability: Poison Heal\n|upkeep\n|turn|169\n|\n|t:|1695186452\n|switch|p2a: Gliscor|Gliscor, M|100/100 tox\n|-damage|p2a: Gliscor|88/100 tox|[from] Stealth Rock\n|move|p1a: Gliscor|Knock Off|p2a: Gliscor\n|-damage|p2a: Gliscor|80/100 tox\n|\n|-heal|p2a: Gliscor|92/100 tox|[from] ability: Poison Heal\n|-heal|p1a: Gliscor|100/100 tox|[from] ability: Poison Heal\n|upkeep\n|turn|170\n|\n|t:|1695186468\n|switch|p1a: Clefable|Clefable, F|100/100 tox\n|move|p2a: Gliscor|Spikes||[still]\n|-fail|p2a: Gliscor\n|\n|-heal|p2a: Gliscor|100/100 tox|[from] ability: Poison Heal\n|upkeep\n|turn|171\n|\n|t:|1695186473\n|switch|p2a: Toxapex|Toxapex, M|100/100\n|switch|p1a: Gliscor|Gliscor, F|100/100 tox\n|-damage|p1a: Gliscor|88/100 tox|[from] Stealth Rock\n|\n|-heal|p1a: Gliscor|100/100 tox|[from] ability: Poison Heal\n|upkeep\n|turn|172\n|\n|t:|1695186480\n|switch|p1a: Moltres|Moltres|100/100\n|switch|p2a: Gliscor|Gliscor, M|100/100 tox\n|-damage|p2a: Gliscor|88/100 tox|[from] Stealth Rock\n|\n|-heal|p2a: Gliscor|100/100 tox|[from] ability: Poison Heal\n|upkeep\n|turn|173\n|\n|t:|1695186492\n|switch|p2a: Toxapex|Toxapex, M|100/100\n|move|p1a: Moltres|U-turn|p2a: Toxapex\n|-resisted|p2a: Toxapex\n|-damage|p2a: Toxapex|95/100\n|\n|t:|1695186503\n|switch|p1a: Dragonite|Dragonite, F|100/100|[from] U-turn\n|\n|upkeep\n|turn|174\n|\n|t:|1695186509\n|switch|p1a: Gliscor|Gliscor, F|100/100 tox\n|-damage|p1a: Gliscor|88/100 tox|[from] Stealth Rock\n|move|p2a: Toxapex|Toxic|p1a: Gliscor\n|-fail|p1a: Gliscor|tox\n|\n|-heal|p1a: Gliscor|100/100 tox|[from] ability: Poison Heal\n|upkeep\n|turn|175\n|\n|t:|1695186517\n|switch|p1a: Clefable|Clefable, F|100/100 tox\n|switch|p2a: Gliscor|Gliscor, M|100/100 tox\n|-damage|p2a: Gliscor|88/100 tox|[from] Stealth Rock\n|\n|-heal|p2a: Gliscor|100/100 tox|[from] ability: Poison Heal\n|upkeep\n|turn|176\n|\n|t:|1695186522\n|switch|p2a: Toxapex|Toxapex, M|100/100\n|switch|p1a: Gliscor|Gliscor, F|100/100 tox\n|-damage|p1a: Gliscor|88/100 tox|[from] Stealth Rock\n|\n|-heal|p1a: Gliscor|100/100 tox|[from] ability: Poison Heal\n|upkeep\n|turn|177\n|\n|t:|1695186530\n|switch|p2a: Gliscor|Gliscor, M|100/100 tox\n|-damage|p2a: Gliscor|88/100 tox|[from] Stealth Rock\n|move|p1a: Gliscor|Knock Off|p2a: Gliscor\n|-damage|p2a: Gliscor|79/100 tox\n|\n|-heal|p2a: Gliscor|91/100 tox|[from] ability: Poison Heal\n|upkeep\n|turn|178\n|\n|t:|1695186540\n|switch|p1a: Clefable|Clefable, F|100/100 tox\n|switch|p2a: Clefable|Clefable, F|100/100\n|\n|upkeep\n|turn|179\n|\n|t:|1695186547\n|switch|p2a: Toxapex|Toxapex, M|100/100\n|switch|p1a: Gliscor|Gliscor, F|100/100 tox\n|-damage|p1a: Gliscor|88/100 tox|[from] Stealth Rock\n|\n|-heal|p1a: Gliscor|100/100 tox|[from] ability: Poison Heal\n|upkeep\n|turn|180\n|\n|t:|1695186554\n|switch|p1a: Moltres|Moltres|100/100\n|switch|p2a: Gliscor|Gliscor, M|91/100 tox\n|-damage|p2a: Gliscor|79/100 tox|[from] Stealth Rock\n|\n|-heal|p2a: Gliscor|91/100 tox|[from] ability: Poison Heal\n|upkeep\n|turn|181\n|\n|t:|1695186562\n|switch|p2a: Toxapex|Toxapex, M|100/100\n|move|p1a: Moltres|U-turn|p2a: Toxapex\n|-resisted|p2a: Toxapex\n|-damage|p2a: Toxapex|95/100\n|\n|t:|1695186571\n|switch|p1a: Gliscor|Gliscor, F|100/100 tox|[from] U-turn\n|-damage|p1a: Gliscor|88/100 tox|[from] Stealth Rock\n|\n|-heal|p1a: Gliscor|100/100 tox|[from] ability: Poison Heal\n|upkeep\n|turn|182\n|inactive|4soul has 60 seconds left.\n|\n|t:|1695186581\n|switch|p2a: Gliscor|Gliscor, M|91/100 tox\n|-damage|p2a: Gliscor|79/100 tox|[from] Stealth Rock\n|move|p1a: Gliscor|Knock Off|p2a: Gliscor\n|-damage|p2a: Gliscor|70/100 tox\n|\n|-heal|p2a: Gliscor|83/100 tox|[from] ability: Poison Heal\n|upkeep\n|turn|183\n|\n|t:|1695186591\n|switch|p2a: Clefable|Clefable, F|100/100\n|switch|p1a: Clefable|Clefable, F|100/100 tox\n|\n|upkeep\n|turn|184\n|\n|t:|1695186595\n|switch|p2a: Toxapex|Toxapex, M|100/100\n|switch|p1a: Moltres|Moltres|100/100\n|\n|upkeep\n|turn|185\n|inactive|4soul has 60 seconds left.\n|\n|t:|1695186602\n|switch|p1a: Gliscor|Gliscor, F|100/100 tox\n|-damage|p1a: Gliscor|88/100 tox|[from] Stealth Rock\n|move|p2a: Toxapex|Toxic|p1a: Gliscor\n|-fail|p1a: Gliscor|tox\n|\n|-heal|p1a: Gliscor|100/100 tox|[from] ability: Poison Heal\n|upkeep\n|turn|186\n|\n|t:|1695186608\n|switch|p1a: Clefable|Clefable, F|100/100 tox\n|switch|p2a: Gliscor|Gliscor, M|83/100 tox\n|-damage|p2a: Gliscor|70/100 tox|[from] Stealth Rock\n|\n|-heal|p2a: Gliscor|83/100 tox|[from] ability: Poison Heal\n|upkeep\n|turn|187\n|\n|t:|1695186620\n|switch|p2a: Toxapex|Toxapex, M|100/100\n|move|p1a: Clefable|Stealth Rock||[still]\n|-fail|p1a: Clefable\n|\n|upkeep\n|turn|188\n|\n|t:|1695186625\n|switch|p1a: Gliscor|Gliscor, F|100/100 tox\n|-damage|p1a: Gliscor|88/100 tox|[from] Stealth Rock\n|switch|p2a: Tornadus|Tornadus-Therian, M|100/100 tox\n|\n|-damage|p2a: Tornadus|94/100 tox|[from] psn\n|-heal|p1a: Gliscor|100/100 tox|[from] ability: Poison Heal\n|upkeep\n|turn|189\n|\n|t:|1695186642\n|switch|p1a: Clefable|Clefable, F|100/100 tox\n|move|p2a: Tornadus|U-turn|p1a: Clefable\n|-resisted|p1a: Clefable\n|-damage|p1a: Clefable|95/100 tox\n|inactive|4soul has 60 seconds left.\n|\n|t:|1695186654\n|switch|p2a: Toxapex|Toxapex, M|100/100|[from] U-turn\n|\n|-heal|p1a: Clefable|100/100 tox|[from] item: Leftovers\n|upkeep\n|turn|190\n|\n|t:|1695186661\n|switch|p1a: Moltres|Moltres|100/100\n|move|p2a: Toxapex|Infestation|p1a: Moltres\n|-resisted|p1a: Moltres\n|-damage|p1a: Moltres|99/100\n|-activate|p1a: Moltres|move: Infestation|[of] p2a: Toxapex\n|\n|-damage|p1a: Moltres|88/100|[from] move: Infestation|[partiallytrapped]\n|upkeep\n|turn|191\n|inactive|4soul has 60 seconds left.\n|\n|t:|1695186675\n|switch|p2a: Tornadus|Tornadus-Therian, M|100/100 tox\n|move|p1a: Moltres|U-turn|p2a: Tornadus\n|-resisted|p2a: Tornadus\n|-damage|p2a: Tornadus|91/100 tox\n|\n|t:|1695186688\n|switch|p1a: Zamazenta|Zamazenta|76/100 tox|[from] U-turn\n|\n|-damage|p1a: Zamazenta|70/100 tox|[from] psn\n|-damage|p2a: Tornadus|85/100 tox|[from] psn\n|upkeep\n|turn|192\n|inactive|4soul has 60 seconds left.\n|\n|t:|1695186697\n|switch|p2a: Gliscor|Gliscor, M|83/100 tox\n|-damage|p2a: Gliscor|70/100 tox|[from] Stealth Rock\n|move|p1a: Zamazenta|Stone Edge|p2a: Gliscor\n|-damage|p2a: Gliscor|47/100 tox\n|\n|-damage|p1a: Zamazenta|57/100 tox|[from] psn\n|-heal|p2a: Gliscor|59/100 tox|[from] ability: Poison Heal\n|upkeep\n|turn|193\n|inactive|4soul has 60 seconds left.\n|\n|t:|1695186709\n|switch|p1a: Clefable|Clefable, F|100/100 tox\n|move|p2a: Gliscor|Spikes||[still]\n|-fail|p2a: Gliscor\n|\n|-heal|p2a: Gliscor|72/100 tox|[from] ability: Poison Heal\n|upkeep\n|turn|194\n|\n|t:|1695186715\n|move|p2a: Gliscor|Protect|p2a: Gliscor\n|-singleturn|p2a: Gliscor|Protect\n|move|p1a: Clefable|Wish|p1a: Clefable\n|\n|-heal|p2a: Gliscor|84/100 tox|[from] ability: Poison Heal\n|upkeep\n|turn|195\n|\n|t:|1695186728\n|switch|p2a: Toxapex|Toxapex, M|100/100\n|switch|p1a: Zamazenta|Zamazenta|57/100 tox\n|\n|-heal|p1a: Zamazenta|100/100 tox|[from] move: Wish|[wisher] Clefable\n|-damage|p1a: Zamazenta|94/100 tox|[from] psn\n|upkeep\n|turn|196\n|\n|t:|1695186734\n|switch|p1a: Gliscor|Gliscor, F|100/100 tox\n|-damage|p1a: Gliscor|88/100 tox|[from] Stealth Rock\n|move|p2a: Toxapex|Infestation|p1a: Gliscor\n|-resisted|p1a: Gliscor\n|-damage|p1a: Gliscor|87/100 tox\n|-activate|p1a: Gliscor|move: Infestation|[of] p2a: Toxapex\n|\n|-heal|p1a: Gliscor|99/100 tox|[from] ability: Poison Heal\n|-damage|p1a: Gliscor|87/100 tox|[from] move: Infestation|[partiallytrapped]\n|upkeep\n|turn|197\n|\n|t:|1695186741\n|switch|p2a: Gliscor|Gliscor, M|84/100 tox\n|-damage|p2a: Gliscor|72/100 tox|[from] Stealth Rock\n|move|p1a: Gliscor|Spikes||[still]\n|-fail|p1a: Gliscor\n|\n|-heal|p2a: Gliscor|84/100 tox|[from] ability: Poison Heal\n|-heal|p1a: Gliscor|99/100 tox|[from] ability: Poison Heal\n|-end|p1a: Gliscor|Infestation|[partiallytrapped]|[silent]\n|upkeep\n|turn|198\n|\n|t:|1695186750\n|switch|p2a: Clefable|Clefable, F|100/100\n|switch|p1a: Clefable|Clefable, F|100/100 tox\n|\n|upkeep\n|turn|199\n|\n|t:|1695186757\n|switch|p1a: Moltres|Moltres|88/100\n|switch|p2a: Tornadus|Tornadus-Therian, M|100/100 tox\n|\n|-damage|p2a: Tornadus|94/100 tox|[from] psn\n|upkeep\n|turn|200\n|inactive|Winterchillz has 120 seconds left.\n|\n|t:|1695186769\n|switch|p1a: Gliscor|Gliscor, F|99/100 tox\n|-damage|p1a: Gliscor|87/100 tox|[from] Stealth Rock\n|move|p2a: Tornadus|Knock Off|p1a: Gliscor\n|-damage|p1a: Gliscor|76/100 tox\n|\n|-damage|p2a: Tornadus|82/100 tox|[from] psn\n|-heal|p1a: Gliscor|89/100 tox|[from] ability: Poison Heal\n|upkeep\n|turn|201\n|\n|t:|1695186781\n|switch|p1a: Clefable|Clefable, F|100/100 tox\n|move|p2a: Tornadus|U-turn|p1a: Clefable\n|-resisted|p1a: Clefable\n|-damage|p1a: Clefable|95/100 tox\n|\n|t:|1695186789\n|switch|p2a: Toxapex|Toxapex, M|100/100|[from] U-turn\n|\n|-heal|p1a: Clefable|100/100 tox|[from] item: Leftovers\n|upkeep\n|turn|202\n|\n|t:|1695186817\n|switch|p1a: Moltres|Moltres|88/100\n|switch|p2a: Tornadus|Tornadus-Therian, M|100/100 tox\n|\n|-damage|p2a: Tornadus|94/100 tox|[from] psn\n|upkeep\n|turn|203\n|inactive|Winterchillz has 90 seconds left.\n|inactive|4soul has 30 seconds left.\n|\n|t:|1695186828\n|switch|p1a: Gliscor|Gliscor, F|89/100 tox\n|-damage|p1a: Gliscor|76/100 tox|[from] Stealth Rock\n|move|p2a: Tornadus|U-turn|p1a: Gliscor\n|-resisted|p1a: Gliscor\n|-damage|p1a: Gliscor|70/100 tox\n|inactive|4soul has 30 seconds left this turn.\n|inactive|4soul has 20 seconds left.\n|\n|t:|1695186840\n|switch|p2a: Clefable|Clefable, F|100/100|[from] U-turn\n|\n|-heal|p1a: Gliscor|83/100 tox|[from] ability: Poison Heal\n|upkeep\n|turn|204\n|inactive|4soul has 20 seconds left this turn.\n|inactive|Winterchillz has 90 seconds left.\n|\n|t:|1695186847\n|move|p1a: Gliscor|Earthquake|p2a: Clefable\n|-damage|p2a: Clefable|73/100\n|move|p2a: Clefable|Moonblast|p1a: Gliscor\n|-damage|p1a: Gliscor|57/100 tox\n|-unboost|p1a: Gliscor|spa|1\n|\n|-heal|p1a: Gliscor|69/100 tox|[from] ability: Poison Heal\n|upkeep\n|turn|205\n|inactive|4soul has 25 seconds left this turn.\n|inactive|4soul has 20 seconds left.\n|\n|t:|1695186852\n|move|p1a: Gliscor|Knock Off|p2a: Clefable\n|-resisted|p2a: Clefable\n|-damage|p2a: Clefable|68/100\n|move|p2a: Clefable|Moonblast|p1a: Gliscor\n|-damage|p1a: Gliscor|43/100 tox\n|-unboost|p1a: Gliscor|spa|1\n|\n|-heal|p1a: Gliscor|55/100 tox|[from] ability: Poison Heal\n|upkeep\n|turn|206\n|inactive|4soul has 20 seconds left this turn.\n|inactive|4soul has 15 seconds left.\n|inactive|4soul has 10 seconds left.\n|\n|t:|1695186864\n|move|p1a: Gliscor|Protect|p1a: Gliscor\n|-singleturn|p1a: Gliscor|Protect\n|move|p2a: Clefable|Wish|p2a: Clefable\n|\n|-heal|p1a: Gliscor|68/100 tox|[from] ability: Poison Heal\n|upkeep\n|turn|207\n|inactive|4soul has 15 seconds left this turn.\n|\n|t:|1695186868\n|switch|p1a: Moltres|Moltres|88/100\n|move|p2a: Clefable|Moonblast|p1a: Moltres\n|-resisted|p1a: Moltres\n|-damage|p1a: Moltres|77/100\n|\n|-heal|p2a: Clefable|100/100|[from] move: Wish|[wisher] Clefable\n|upkeep\n|turn|208\n|inactive|4soul has 15 seconds left this turn.\n|inactive|4soul has 10 seconds left.\n|\n|t:|1695186874\n|switch|p2a: Toxapex|Toxapex, M|100/100\n|move|p1a: Moltres|Will-O-Wisp|p2a: Toxapex\n|-status|p2a: Toxapex|brn\n|\n|-damage|p2a: Toxapex|94/100 brn|[from] brn\n|upkeep\n|turn|209\n|inactive|4soul has 15 seconds left this turn.\n|inactive|4soul has 10 seconds left.\n|\n|t:|1695186880\n|switch|p1a: Gliscor|Gliscor, F|68/100 tox\n|-damage|p1a: Gliscor|55/100 tox|[from] Stealth Rock\n|switch|p2a: Gliscor|Gliscor, M|84/100 tox\n|-damage|p2a: Gliscor|72/100 tox|[from] Stealth Rock\n|\n|-heal|p1a: Gliscor|68/100 tox|[from] ability: Poison Heal\n|-heal|p2a: Gliscor|84/100 tox|[from] ability: Poison Heal\n|upkeep\n|turn|210\n|inactive|4soul has 10 seconds left this turn.\n|\n|t:|1695186884\n|move|p1a: Gliscor|Spikes||[still]\n|-fail|p1a: Gliscor\n|move|p2a: Gliscor|Toxic|p1a: Gliscor\n|-fail|p1a: Gliscor|tox\n|\n|-heal|p1a: Gliscor|80/100 tox|[from] ability: Poison Heal\n|-heal|p2a: Gliscor|97/100 tox|[from] ability: Poison Heal\n|upkeep\n|turn|211\n|inactive|4soul has 15 seconds left this turn.\n|\n|t:|1695186887\n|move|p2a: Gliscor|Spikes||[still]\n|-fail|p2a: Gliscor\n|move|p1a: Gliscor|Spikes||[still]\n|-fail|p1a: Gliscor\n|\n|-heal|p2a: Gliscor|100/100 tox|[from] ability: Poison Heal\n|-heal|p1a: Gliscor|93/100 tox|[from] ability: Poison Heal\n|upkeep\n|turn|212\n|inactive|4soul has 15 seconds left this turn.\n|\n|t:|1695186895\n|switch|p1a: Clefable|Clefable, F|100/100 tox\n|move|p2a: Gliscor|Spikes||[still]\n|-fail|p2a: Gliscor\n|\n|upkeep\n|turn|213\n|inactive|4soul has 20 seconds left this turn.\n|\n|t:|1695186898\n|move|p2a: Gliscor|Earthquake|p1a: Clefable\n|-damage|p1a: Clefable|73/100 tox\n|move|p1a: Clefable|Moonblast|p2a: Gliscor\n|-damage|p2a: Gliscor|64/100 tox\n|\n|-heal|p1a: Clefable|79/100 tox|[from] item: Leftovers\n|-heal|p2a: Gliscor|76/100 tox|[from] ability: Poison Heal\n|upkeep\n|turn|214\n|inactive|4soul has 20 seconds left this turn.\n|\n|t:|1695186901\n|move|p2a: Gliscor|Earthquake|p1a: Clefable\n|-damage|p1a: Clefable|51/100 tox\n|move|p1a: Clefable|Wish|p1a: Clefable\n|\n|-heal|p1a: Clefable|57/100 tox|[from] item: Leftovers\n|-heal|p2a: Gliscor|89/100 tox|[from] ability: Poison Heal\n|upkeep\n|turn|215\n|inactive|4soul has 25 seconds left this turn.\n|inactive|4soul has 20 seconds left.\n|inactive|4soul has 15 seconds left.\n|\n|t:|1695186914\n|switch|p2a: Toxapex|Toxapex, M|100/100 brn\n|move|p1a: Clefable|Moonblast|p2a: Toxapex\n|-resisted|p2a: Toxapex\n|-damage|p2a: Toxapex|91/100 brn\n|\n|-heal|p1a: Clefable|100/100 tox|[from] move: Wish|[wisher] Clefable\n|-damage|p2a: Toxapex|85/100 brn|[from] brn\n|upkeep\n|turn|216\n|inactive|4soul has 15 seconds left this turn.\n|\n|t:|1695186920\n|switch|p1a: Gliscor|Gliscor, F|93/100 tox\n|-damage|p1a: Gliscor|80/100 tox|[from] Stealth Rock\n|move|p2a: Toxapex|Infestation|p1a: Gliscor\n|-resisted|p1a: Gliscor\n|-damage|p1a: Gliscor|79/100 tox\n|-activate|p1a: Gliscor|move: Infestation|[of] p2a: Toxapex\n|\n|-heal|p1a: Gliscor|91/100 tox|[from] ability: Poison Heal\n|-damage|p2a: Toxapex|78/100 brn|[from] brn\n|-damage|p1a: Gliscor|79/100 tox|[from] move: Infestation|[partiallytrapped]\n|upkeep\n|turn|217\n|inactive|4soul has 20 seconds left this turn.\n|\n|t:|1695186925\n|switch|p2a: Gliscor|Gliscor, M|89/100 tox\n|-damage|p2a: Gliscor|76/100 tox|[from] Stealth Rock\n|move|p1a: Gliscor|Spikes||[still]\n|-fail|p1a: Gliscor\n|\n|-heal|p1a: Gliscor|91/100 tox|[from] ability: Poison Heal\n|-heal|p2a: Gliscor|89/100 tox|[from] ability: Poison Heal\n|-end|p1a: Gliscor|Infestation|[partiallytrapped]|[silent]\n|upkeep\n|turn|218\n|inactive|4soul has 20 seconds left this turn.\n|\n|t:|1695186931\n|switch|p1a: Clefable|Clefable, F|100/100 tox\n|move|p2a: Gliscor|Toxic|p1a: Clefable\n|-fail|p1a: Clefable|tox\n|\n|-heal|p2a: Gliscor|100/100 tox|[from] ability: Poison Heal\n|upkeep\n|turn|219\n|inactive|4soul has 25 seconds left this turn.\n|\n|t:|1695186940\n|switch|p2a: Tornadus|Tornadus-Therian, M|100/100 tox\n|switch|p1a: Gliscor|Gliscor, F|91/100 tox\n|-damage|p1a: Gliscor|79/100 tox|[from] Stealth Rock\n|\n|-damage|p2a: Tornadus|94/100 tox|[from] psn\n|-heal|p1a: Gliscor|91/100 tox|[from] ability: Poison Heal\n|upkeep\n|turn|220\n|inactive|4soul has 25 seconds left this turn.\n|inactive|Winterchillz has 90 seconds left.\n|\n|t:|1695186948\n|switch|p1a: Clefable|Clefable, F|100/100 tox\n|move|p2a: Tornadus|U-turn|p1a: Clefable\n|-resisted|p1a: Clefable\n|-damage|p1a: Clefable|95/100 tox\n|inactive|4soul has 30 seconds left this turn.\n|\n|t:|1695186953\n|switch|p2a: Toxapex|Toxapex, M|100/100 brn|[from] U-turn\n|\n|-heal|p1a: Clefable|100/100 tox|[from] item: Leftovers\n|-damage|p2a: Toxapex|94/100 brn|[from] brn\n|upkeep\n|turn|221\n|inactive|4soul has 30 seconds left this turn.\n|\n|t:|1695186955\n|switch|p1a: Gliscor|Gliscor, F|91/100 tox\n|-damage|p1a: Gliscor|79/100 tox|[from] Stealth Rock\n|move|p2a: Toxapex|Infestation|p1a: Gliscor\n|-resisted|p1a: Gliscor\n|-damage|p1a: Gliscor|78/100 tox\n|-activate|p1a: Gliscor|move: Infestation|[of] p2a: Toxapex\n|\n|-heal|p1a: Gliscor|90/100 tox|[from] ability: Poison Heal\n|-damage|p2a: Toxapex|88/100 brn|[from] brn\n|-damage|p1a: Gliscor|78/100 tox|[from] move: Infestation|[partiallytrapped]\n|upkeep\n|turn|222\n|inactive|Winterchillz has 90 seconds left.\n|\n|t:|1695186968\n|switch|p2a: Gliscor|Gliscor, M|100/100 tox\n|-damage|p2a: Gliscor|88/100 tox|[from] Stealth Rock\n|move|p1a: Gliscor|Spikes||[still]\n|-fail|p1a: Gliscor\n|\n|-heal|p2a: Gliscor|100/100 tox|[from] ability: Poison Heal\n|-heal|p1a: Gliscor|90/100 tox|[from] ability: Poison Heal\n|-end|p1a: Gliscor|Infestation|[partiallytrapped]|[silent]\n|upkeep\n|turn|223\n|inactive|4soul has 30 seconds left.\n|\n|t:|1695186976\n|switch|p1a: Zamazenta|Zamazenta|94/100 tox\n|switch|p2a: Clefable|Clefable, F|100/100\n|\n|-damage|p1a: Zamazenta|88/100 tox|[from] psn\n|upkeep\n|turn|224\n|\n|t:|1695186981\n|move|p2a: Clefable|Protect|p2a: Clefable\n|-singleturn|p2a: Clefable|Protect\n|move|p1a: Zamazenta|Iron Head|p2a: Clefable\n|-activate|p2a: Clefable|move: Protect\n|\n|-damage|p1a: Zamazenta|76/100 tox|[from] psn\n|upkeep\n|turn|225\n|inactive|4soul has 30 seconds left.\n|\n|t:|1695186989\n|switch|p1a: Clefable|Clefable, F|100/100 tox\n|switch|p2a: Gliscor|Gliscor, M|100/100 tox\n|-damage|p2a: Gliscor|88/100 tox|[from] Stealth Rock\n|\n|-heal|p2a: Gliscor|100/100 tox|[from] ability: Poison Heal\n|upkeep\n|turn|226\n|inactive|4soul has 30 seconds left.\n|\n|t:|1695186995\n|move|p2a: Gliscor|Earthquake|p1a: Clefable\n|-damage|p1a: Clefable|75/100 tox\n|move|p1a: Clefable|Wish|p1a: Clefable\n|\n|-heal|p1a: Clefable|81/100 tox|[from] item: Leftovers\n|upkeep\n|turn|227\n|inactive|4soul has 30 seconds left this turn.\n|\n|t:|1695187002\n|switch|p2a: Tornadus|Tornadus-Therian, M|100/100 tox\n|switch|p1a: Zamazenta|Zamazenta|76/100 tox\n|\n|-heal|p1a: Zamazenta|100/100 tox|[from] move: Wish|[wisher] Clefable\n|-damage|p1a: Zamazenta|94/100 tox|[from] psn\n|-damage|p2a: Tornadus|94/100 tox|[from] psn\n|upkeep\n|turn|228\n|inactive|4soul has 30 seconds left this turn.\n|\n|t:|1695187009\n|switch|p2a: Gliscor|Gliscor, M|100/100 tox\n|-damage|p2a: Gliscor|88/100 tox|[from] Stealth Rock\n|move|p1a: Zamazenta|Stone Edge|p2a: Gliscor\n|-crit|p2a: Gliscor\n|-damage|p2a: Gliscor|54/100 tox\n|\n|-damage|p1a: Zamazenta|82/100 tox|[from] psn\n|-heal|p2a: Gliscor|67/100 tox|[from] ability: Poison Heal\n|upkeep\n|turn|229\n|inactive|4soul has 30 seconds left this turn.\n|\n|t:|1695187017\n|switch|p1a: Clefable|Clefable, F|81/100 tox\n|switch|p2a: Toxapex|Toxapex, M|100/100 brn\n|\n|-heal|p1a: Clefable|88/100 tox|[from] item: Leftovers\n|-damage|p2a: Toxapex|94/100 brn|[from] brn\n|upkeep\n|turn|230\n|inactive|4soul has 30 seconds left this turn.\n|\n|t:|1695187022\n|switch|p1a: Gliscor|Gliscor, F|90/100 tox\n|-damage|p1a: Gliscor|78/100 tox|[from] Stealth Rock\n|switch|p2a: Gliscor|Gliscor, M|67/100 tox\n|-damage|p2a: Gliscor|54/100 tox|[from] Stealth Rock\n|\n|-heal|p1a: Gliscor|90/100 tox|[from] ability: Poison Heal\n|-heal|p2a: Gliscor|67/100 tox|[from] ability: Poison Heal\n|upkeep\n|turn|231\n|inactive|4soul has 30 seconds left this turn.\n|\n|t:|1695187025\n|move|p2a: Gliscor|Spikes||[still]\n|-fail|p2a: Gliscor\n|move|p1a: Gliscor|Knock Off|p2a: Gliscor\n|-crit|p2a: Gliscor\n|-damage|p2a: Gliscor|54/100 tox\n|\n|-heal|p1a: Gliscor|100/100 tox|[from] ability: Poison Heal\n|-heal|p2a: Gliscor|66/100 tox|[from] ability: Poison Heal\n|upkeep\n|turn|232\n|\n|t:|1695187029\n|move|p1a: Gliscor|Spikes||[still]\n|-fail|p1a: Gliscor\n|move|p2a: Gliscor|Spikes||[still]\n|-fail|p2a: Gliscor\n|\n|-heal|p2a: Gliscor|79/100 tox|[from] ability: Poison Heal\n|upkeep\n|turn|233\n|\n|t:|1695187032\n|move|p1a: Gliscor|Spikes||[still]\n|-fail|p1a: Gliscor\n|move|p2a: Gliscor|Spikes||[still]\n|-fail|p2a: Gliscor\n|\n|-heal|p2a: Gliscor|91/100 tox|[from] ability: Poison Heal\n|upkeep\n|turn|234\n|\n|t:|1695187040\n|switch|p1a: Clefable|Clefable, F|88/100 tox\n|switch|p2a: Clefable|Clefable, F|100/100\n|\n|-heal|p1a: Clefable|94/100 tox|[from] item: Leftovers\n|upkeep\n|turn|235\n|\n|t:|1695187045\n|move|p2a: Clefable|Moonblast|p1a: Clefable\n|-damage|p1a: Clefable|64/100 tox\n|move|p1a: Clefable|Stealth Rock||[still]\n|-fail|p1a: Clefable\n|\n|-heal|p1a: Clefable|71/100 tox|[from] item: Leftovers\n|upkeep\n|turn|236\n|\n|t:|1695187053\n|switch|p2a: Toxapex|Toxapex, M|100/100 brn\n|move|p1a: Clefable|Wish|p1a: Clefable\n|\n|-heal|p1a: Clefable|77/100 tox|[from] item: Leftovers\n|-damage|p2a: Toxapex|94/100 brn|[from] brn\n|upkeep\n|turn|237\n|\n|t:|1695187059\n|move|p1a: Clefable|Protect|p1a: Clefable\n|-singleturn|p1a: Clefable|Protect\n|move|p2a: Toxapex|Infestation|p1a: Clefable\n|-activate|p1a: Clefable|move: Protect\n|\n|-heal|p1a: Clefable|100/100 tox|[from] move: Wish|[wisher] Clefable\n|-damage|p2a: Toxapex|88/100 brn|[from] brn\n|upkeep\n|turn|238\n|\n|t:|1695187064\n|switch|p2a: Tornadus|Tornadus-Therian, M|100/100 tox\n|move|p1a: Clefable|Stealth Rock||[still]\n|-fail|p1a: Clefable\n|\n|-damage|p2a: Tornadus|94/100 tox|[from] psn\n|upkeep\n|turn|239\n|\n|t:|1695187070\n|move|p2a: Tornadus|Knock Off|p1a: Clefable\n|-resisted|p1a: Clefable\n|-damage|p1a: Clefable|92/100 tox\n|-enditem|p1a: Clefable|Leftovers|[from] move: Knock Off|[of] p2a: Tornadus\n|move|p1a: Clefable|Moonblast|p2a: Tornadus\n|-damage|p2a: Tornadus|59/100 tox\n|\n|-damage|p2a: Tornadus|47/100 tox|[from] psn\n|upkeep\n|turn|240\n|\n|t:|1695187085\n|switch|p2a: Toxapex|Toxapex, M|100/100 brn\n|switch|p1a: Moltres|Moltres|77/100\n|\n|-damage|p2a: Toxapex|94/100 brn|[from] brn\n|upkeep\n|turn|241\n|\n|t:|1695187092\n|move|p1a: Moltres|U-turn|p2a: Toxapex\n|-resisted|p2a: Toxapex\n|-damage|p2a: Toxapex|89/100 brn\n|\n|t:|1695187095\n|switch|p1a: Gliscor|Gliscor, F|100/100 tox|[from] U-turn\n|-damage|p1a: Gliscor|88/100 tox|[from] Stealth Rock\n|move|p2a: Toxapex|Infestation|p1a: Gliscor\n|-resisted|p1a: Gliscor\n|-damage|p1a: Gliscor|87/100 tox\n|-activate|p1a: Gliscor|move: Infestation|[of] p2a: Toxapex\n|\n|-heal|p1a: Gliscor|99/100 tox|[from] ability: Poison Heal\n|-damage|p2a: Toxapex|82/100 brn|[from] brn\n|-damage|p1a: Gliscor|87/100 tox|[from] move: Infestation|[partiallytrapped]\n|upkeep\n|turn|242\n|\n|t:|1695187102\n|switch|p2a: Gliscor|Gliscor, M|91/100 tox\n|-damage|p2a: Gliscor|79/100 tox|[from] Stealth Rock\n|move|p1a: Gliscor|Protect||[still]\n|-fail|p1a: Gliscor\n|\n|-heal|p2a: Gliscor|91/100 tox|[from] ability: Poison Heal\n|-heal|p1a: Gliscor|99/100 tox|[from] ability: Poison Heal\n|-end|p1a: Gliscor|Infestation|[partiallytrapped]|[silent]\n|upkeep\n|turn|243\n|\n|t:|1695187116\n|switch|p2a: Clefable|Clefable, F|100/100\n|move|p1a: Gliscor|Spikes||[still]\n|-fail|p1a: Gliscor\n|\n|-heal|p1a: Gliscor|100/100 tox|[from] ability: Poison Heal\n|upkeep\n|turn|244\n|inactive|Winterchillz has 60 seconds left.\n|\n|t:|1695187124\n|move|p1a: Gliscor|Earthquake|p2a: Clefable\n|-damage|p2a: Clefable|74/100\n|move|p2a: Clefable|Moonblast|p1a: Gliscor\n|-damage|p1a: Gliscor|76/100 tox\n|\n|-heal|p1a: Gliscor|88/100 tox|[from] ability: Poison Heal\n|upkeep\n|turn|245\n|inactive|Winterchillz has 60 seconds left.\n|inactive|4soul has 30 seconds left.\n|\n|t:|1695187135\n|switch|p1a: Moltres|Moltres|77/100\n|switch|p2a: Gliscor|Gliscor, M|91/100 tox\n|-damage|p2a: Gliscor|79/100 tox|[from] Stealth Rock\n|\n|-heal|p2a: Gliscor|91/100 tox|[from] ability: Poison Heal\n|upkeep\n|turn|246\n|inactive|4soul has 30 seconds left this turn.\n|\n|t:|1695187148\n|move|p2a: Gliscor|Toxic|p1a: Moltres\n|-status|p1a: Moltres|tox\n|move|p1a: Moltres|U-turn|p2a: Gliscor\n|-resisted|p2a: Gliscor\n|-damage|p2a: Gliscor|87/100 tox\n|-message|Winterchillz forfeited.\n|\n|win|4soul\n|raw|Winterchillz's rating: 1536 &rarr; <strong>1514</strong><br />(-22 for losing)\n|raw|4soul's rating: 1495 &rarr; <strong>1517</strong><br />(+22 for winning)\n", "uploadtime": 1695187163, "views": 4, "p1id": "winterchillz", "p2id": "4soul", "formatid": "gen9ou", "rating": 1514, "private": 0, "password": ""}