{"id": "gen9ou-1947693427", "p1": "Thehombre", "p2": "Deago Mi Amigo", "format": "gen9ou", "log": "|j|\u2606Thehombre\n|j|\u2606Deago Mi Amigo\n|t:|1695188065\n|gametype|singles\n|player|p1|Thehombre|1|1153\n|player|p2|Deago Mi Amigo|1|1184\n|teamsize|p1|6\n|teamsize|p2|6\n|gen|9\n|tier|[Gen 9] OU\n|rated|\n|rule|Sleep Clause Mod: Limit one foe put to sleep\n|rule|Species Clause: Limit one of each Pok\u00e9mon\n|rule|OHKO Clause: OHKO moves are banned\n|rule|Evasion Items Clause: Evasion items are banned\n|rule|Evasion Moves Clause: Evasion moves are banned\n|rule|Endless Battle Clause: Forcing endless battles is banned\n|rule|HP Percentage Mod: HP is shown in percentages\n|clearpoke\n|poke|p1|Munkidori, M|\n|poke|p1|Dragapult, F|\n|poke|p1|Ogerpon-Hearthflame, F|\n|poke|p1|Corviknight, M|\n|poke|p1|Ninetales-Alola, M|\n|poke|p1|Clefable, F|\n|poke|p2|Ursaluna-Bloodmoon, M|\n|poke|p2|Maushold|\n|poke|p2|Poliwrath, M|\n|poke|p2|Gliscor, M|\n|poke|p2|Sandy Shocks|\n|poke|p2|Yanmega, F|\n|teampreview\n|inactive|Battle timer is ON: inactive players will automatically lose when time's up. (requested by Deago Mi Amigo)\n|\n|t:|1695188069\n|start\n|switch|p1a: Munkidori|Munkidori, M|100/100\n|switch|p2a: Gliscor|Gliscor, M|100/100\n|turn|1\n|\n|t:|1695188075\n|move|p1a: Munkidori|Calm Mind|p1a: Munkidori\n|-boost|p1a: Munkidori|spa|1\n|-boost|p1a: Munkidori|spd|1\n|move|p2a: Gliscor|Stealth Rock|p1a: Munkidori\n|-sidestart|p1: Thehombre|move: Stealth Rock\n|\n|-status|p2a: Gliscor|tox|[from] item: Toxic Orb\n|upkeep\n|turn|2\n|\n|t:|1695188081\n|move|p1a: Munkidori|Hex|p2a: Gliscor\n|-damage|p2a: Gliscor|11/100 tox\n|move|p2a: Gliscor|Earthquake|p1a: Munkidori\n|-supereffective|p1a: Munkidori\n|-damage|p1a: Munkidori|0 fnt\n|faint|p1a: Munkidori\n|\n|-heal|p2a: Gliscor|23/100 tox|[from] ability: Poison Heal\n|upkeep\n|\n|t:|1695188086\n|switch|p1a: Ninetales|Ninetales-Alola, M|100/100\n|-damage|p1a: Ninetales|76/100|[from] Stealth Rock\n|-weather|Snow|[from] ability: Snow Warning|[of] p1a: Ninetales\n|turn|3\n|\n|t:|1695188094\n|move|p1a: Ninetales|Aurora Veil|p1a: Ninetales\n|-sidestart|p1: Thehombre|move: Aurora Veil\n|move|p2a: Gliscor|Toxic|p1a: Ninetales\n|-status|p1a: Ninetales|tox\n|\n|-weather|Snow|[upkeep]\n|-damage|p1a: Ninetales|70/100 tox|[from] psn\n|-heal|p2a: Gliscor|36/100 tox|[from] ability: Poison Heal\n|upkeep\n|turn|4\n|\n|t:|1695188100\n|move|p2a: Gliscor|Protect|p2a: Gliscor\n|-singleturn|p2a: Gliscor|Protect\n|move|p1a: Ninetales|Blizzard|p2a: Gliscor\n|-activate|p2a: Gliscor|move: Protect\n|\n|-weather|Snow|[upkeep]\n|-damage|p1a: Ninetales|58/100 tox|[from] psn\n|-heal|p2a: Gliscor|48/100 tox|[from] ability: Poison Heal\n|upkeep\n|turn|5\n|\n|t:|1695188118\n|switch|p2a: Poliwrath|Poliwrath, M|100/100\n|move|p1a: Ninetales|Blizzard|p2a: Poliwrath\n|-resisted|p2a: Poliwrath\n|-damage|p2a: Poliwrath|82/100\n|\n|-weather|Snow|[upkeep]\n|-heal|p2a: Poliwrath|88/100|[from] item: Leftovers\n|-damage|p1a: Ninetales|40/100 tox|[from] psn\n|upkeep\n|turn|6\n|\n|t:|1695188127\n|-terastallize|p2a: Poliwrath|Fire\n|move|p1a: Ninetales|Moonblast|p2a: Poliwrath\n|-resisted|p2a: Poliwrath\n|-damage|p2a: Poliwrath|72/100\n|-unboost|p2a: Poliwrath|spa|1\n|move|p2a: Poliwrath|Bulk Up|p2a: Poliwrath\n|-boost|p2a: Poliwrath|atk|1\n|-boost|p2a: Poliwrath|def|1\n|\n|-weather|Snow|[upkeep]\n|-heal|p2a: Poliwrath|78/100|[from] item: Leftovers\n|-damage|p1a: Ninetales|17/100 tox|[from] psn\n|upkeep\n|turn|7\n|\n|t:|1695188134\n|move|p1a: Ninetales|Blizzard|p2a: Poliwrath\n|-resisted|p2a: Poliwrath\n|-damage|p2a: Poliwrath|59/100\n|move|p2a: Poliwrath|Bulk Up|p2a: Poliwrath\n|-boost|p2a: Poliwrath|atk|1\n|-boost|p2a: Poliwrath|def|1\n|\n|-weather|none\n|-heal|p2a: Poliwrath|65/100|[from] item: Leftovers\n|-damage|p1a: Ninetales|0 fnt|[from] psn\n|faint|p1a: Ninetales\n|upkeep\n|\n|t:|1695188138\n|switch|p1a: Dragapult|Dragapult, F|100/100\n|-damage|p1a: Dragapult|88/100|[from] Stealth Rock\n|turn|8\n|\n|t:|1695188142\n|move|p1a: Dragapult|Dragon Dance|p1a: Dragapult\n|-boost|p1a: Dragapult|atk|1\n|-boost|p1a: Dragapult|spe|1\n|move|p2a: Poliwrath|Tera Blast|p1a: Dragapult\n|-resisted|p1a: Dragapult\n|-damage|p1a: Dragapult|58/100\n|\n|-heal|p2a: Poliwrath|71/100|[from] item: Leftovers\n|upkeep\n|turn|9\n|\n|t:|1695188151\n|-terastallize|p1a: Dragapult|Dragon\n|move|p1a: Dragapult|Dragon Darts|p2a: Poliwrath\n|-damage|p2a: Poliwrath|43/100\n|-anim|p1a: Dragapult|Dragon Darts|p2a: Poliwrath\n|-damage|p2a: Poliwrath|11/100\n|move|p2a: Poliwrath|Tera Blast|p1a: Dragapult\n|-resisted|p1a: Dragapult\n|-damage|p1a: Dragapult|30/100\n|\n|-heal|p2a: Poliwrath|17/100|[from] item: Leftovers\n|upkeep\n|turn|10\n|\n|t:|1695188156\n|move|p1a: Dragapult|Dragon Darts|p2a: Poliwrath\n|-damage|p2a: Poliwrath|0 fnt\n|faint|p2a: Poliwrath\n|\n|-sideend|p1: Thehombre|move: Aurora Veil\n|upkeep\n|\n|t:|1695188159\n|switch|p2a: Yanmega|Yanmega, F|100/100\n|turn|11\n|\n|t:|1695188164\n|move|p1a: Dragapult|Dragon Dance|p1a: Dragapult\n|-boost|p1a: Dragapult|atk|1\n|-boost|p1a: Dragapult|spe|1\n|move|p2a: Yanmega|Dual Wingbeat|p1a: Dragapult\n|-damage|p1a: Dragapult|4/100\n|-damage|p1a: Dragapult|0 fnt\n|faint|p1a: Dragapult\n|-hitcount|p1: Dragapult|2\n|\n|-ability|p2a: Yanmega|Speed Boost|boost\n|-boost|p2a: Yanmega|spe|1\n|upkeep\n|\n|t:|1695188168\n|switch|p1a: Corviknight|Corviknight, M|100/100\n|-damage|p1a: Corviknight|88/100|[from] Stealth Rock\n|-ability|p1a: Corviknight|Pressure\n|turn|12\n|\n|t:|1695188178\n|switch|p2a: Ursaluna|Ursaluna-Bloodmoon, M|100/100\n|move|p1a: Corviknight|Agility|p1a: Corviknight\n|-boost|p1a: Corviknight|spe|2\n|\n|-heal|p1a: Corviknight|94/100|[from] item: Leftovers\n|upkeep\n|turn|13\n|\n|t:|1695188183\n|move|p1a: Corviknight|Bulk Up|p1a: Corviknight\n|-boost|p1a: Corviknight|atk|1\n|-boost|p1a: Corviknight|def|1\n|move|p2a: Ursaluna|Blood Moon|p1a: Corviknight\n|-resisted|p1a: Corviknight\n|-damage|p1a: Corviknight|43/100\n|\n|-heal|p1a: Corviknight|49/100|[from] item: Leftovers\n|upkeep\n|turn|14\n|\n|t:|1695188192\n|move|p1a: Corviknight|Bulk Up|p1a: Corviknight\n|-boost|p1a: Corviknight|atk|1\n|-boost|p1a: Corviknight|def|1\n|move|p2a: Ursaluna|Tera Blast|p1a: Corviknight\n|-resisted|p1a: Corviknight\n|-damage|p1a: Corviknight|24/100\n|\n|-heal|p1a: Corviknight|30/100|[from] item: Leftovers\n|upkeep\n|turn|15\n|\n|t:|1695188202\n|move|p1a: Corviknight|Power Trip|p2a: Ursaluna\n|-damage|p2a: Ursaluna|42/100\n|move|p2a: Ursaluna|Earth Power|p1a: Corviknight\n|-immune|p1a: Corviknight\n|\n|-heal|p1a: Corviknight|36/100|[from] item: Leftovers\n|upkeep\n|turn|16\n|\n|t:|1695188210\n|move|p1a: Corviknight|Power Trip|p2a: Ursaluna\n|-damage|p2a: Ursaluna|0 fnt\n|faint|p2a: Ursaluna\n|\n|-heal|p1a: Corviknight|43/100|[from] item: Leftovers\n|upkeep\n|\n|t:|1695188222\n|switch|p2a: Sandy Shocks|Sandy Shocks|100/100\n|-enditem|p2a: Sandy Shocks|Booster Energy\n|-activate|p2a: Sandy Shocks|ability: Protosynthesis|[fromitem]\n|-start|p2a: Sandy Shocks|protosynthesisspa\n|turn|17\n|\n|t:|1695188226\n|move|p1a: Corviknight|Power Trip|p2a: Sandy Shocks\n|-damage|p2a: Sandy Shocks|12/100\n|move|p2a: Sandy Shocks|Discharge|p1a: Corviknight\n|-supereffective|p1a: Corviknight\n|-damage|p1a: Corviknight|0 fnt\n|faint|p1a: Corviknight\n|\n|upkeep\n|\n|t:|1695188231\n|switch|p1a: Clefable|Clefable, F|100/100\n|turn|18\n|\n|t:|1695188236\n|move|p2a: Sandy Shocks|Thunder Wave|p1a: Clefable|[miss]\n|-miss|p2a: Sandy Shocks|p1a: Clefable\n|move|p1a: Clefable|Calm Mind|p1a: Clefable\n|-boost|p1a: Clefable|spa|1\n|-boost|p1a: Clefable|spd|1\n|\n|upkeep\n|turn|19\n|\n|t:|1695188242\n|move|p2a: Sandy Shocks|Thunder Wave|p1a: Clefable\n|-status|p1a: Clefable|par\n|move|p1a: Clefable|Moonblast|p2a: Sandy Shocks\n|-damage|p2a: Sandy Shocks|0 fnt\n|faint|p2a: Sandy Shocks\n|-end|p2a: Sandy Shocks|Protosynthesis|[silent]\n|\n|upkeep\n|\n|t:|1695188248\n|switch|p2a: Maushold|Maushold|100/100\n|turn|20\n|\n|t:|1695188254\n|move|p2a: Maushold|Tidy Up|p2a: Maushold\n|-sideend|p1: Thehombre|Stealth Rock\n|-activate|p2a: Maushold|move: Tidy Up\n|-boost|p2a: Maushold|atk|1\n|-boost|p2a: Maushold|spe|1\n|move|p1a: Clefable|Moonblast|p2a: Maushold\n|-damage|p2a: Maushold|0 fnt\n|faint|p2a: Maushold\n|\n|upkeep\n|\n|t:|1695188261\n|switch|p2a: Yanmega|Yanmega, F|100/100\n|turn|21\n|\n|t:|1695188271\n|move|p2a: Yanmega|Swords Dance|p2a: Yanmega\n|-boost|p2a: Yanmega|atk|2\n|move|p1a: Clefable|Ice Beam|p2a: Yanmega\n|-supereffective|p2a: Yanmega\n|-enditem|p2a: Yanmega|Focus Sash\n|-damage|p2a: Yanmega|1/100\n|\n|-ability|p2a: Yanmega|Speed Boost|boost\n|-boost|p2a: Yanmega|spe|1\n|upkeep\n|turn|22\n|\n|t:|1695188277\n|move|p2a: Yanmega|Dual Wingbeat|p1a: Clefable\n|-damage|p1a: Clefable|64/100 par\n|-damage|p1a: Clefable|27/100 par\n|-hitcount|p1a: Clefable|2\n|move|p1a: Clefable|Moonblast|p2a: Yanmega\n|-damage|p2a: Yanmega|0 fnt\n|faint|p2a: Yanmega\n|\n|-heal|p1a: Clefable|33/100 par|[from] item: Leftovers\n|upkeep\n|\n|t:|1695188284\n|switch|p2a: Gliscor|Gliscor, M|48/100 tox\n|turn|23\n|\n|t:|1695188289\n|move|p2a: Gliscor|Protect|p2a: Gliscor\n|-singleturn|p2a: Gliscor|Protect\n|move|p1a: Clefable|Ice Beam|p2a: Gliscor\n|-activate|p2a: Gliscor|move: Protect\n|\n|-heal|p1a: Clefable|39/100 par|[from] item: Leftovers\n|-heal|p2a: Gliscor|61/100 tox|[from] ability: Poison Heal\n|upkeep\n|turn|24\n|\n|t:|1695188298\n|move|p2a: Gliscor|Earthquake|p1a: Clefable\n|-damage|p1a: Clefable|4/100 par\n|move|p1a: Clefable|Ice Beam|p2a: Gliscor\n|-supereffective|p2a: Gliscor\n|-damage|p2a: Gliscor|0 fnt\n|faint|p2a: Gliscor\n|\n|win|Thehombre\n|raw|Thehombre's rating: 1153 &rarr; <strong>1180</strong><br />(+27 for winning)\n|raw|Deago Mi Amigo's rating: 1184 &rarr; <strong>1157</strong><br />(-27 for losing)\n|l|\u2606Deago Mi Amigo\n", "uploadtime": 1695188302, "views": 4, "p1id": "thehombre", "p2id": "deagomiamigo", "formatid": "gen9ou", "rating": 1157, "private": 0, "password": ""}