{"id": "gen9ou-1947650345", "p1": "georgiethefirst", "p2": "chompsupremacy", "format": "gen9ou", "log": "|j|\u2606georgiethefirst\n|j|\u2606chompsupremacy\n|t:|1695182054\n|gametype|singles\n|player|p1|georgiethefirst|hiker-gen2|1612\n|player|p2|chompsupremacy|102|1651\n|teamsize|p1|6\n|teamsize|p2|6\n|gen|9\n|tier|[Gen 9] OU\n|rated|\n|rule|Sleep Clause Mod: Limit one foe put to sleep\n|rule|Species Clause: Limit one of each Pok\u00e9mon\n|rule|OHKO Clause: OHKO moves are banned\n|rule|Evasion Items Clause: Evasion items are banned\n|rule|Evasion Moves Clause: Evasion moves are banned\n|rule|Endless Battle Clause: Forcing endless battles is banned\n|rule|HP Percentage Mod: HP is shown in percentages\n|clearpoke\n|poke|p1|Ogerpon-Wellspring, F|\n|poke|p1|Cresselia, F|\n|poke|p1|Great Tusk|\n|poke|p1|Gliscor, F|\n|poke|p1|Garganacl, M|\n|poke|p1|Gholdengo|\n|poke|p2|Ursaluna-Bloodmoon, M|\n|poke|p2|Ninetales-Alola, F|\n|poke|p2|Iron Moth|\n|poke|p2|Zamazenta-*|\n|poke|p2|Hatterene, F|\n|poke|p2|Ogerpon-Hearthflame, F|\n|teampreview\n|inactive|Battle timer is ON: inactive players will automatically lose when time's up. (requested by chompsupremacy)\n|\n|t:|1695182066\n|start\n|switch|p1a: Gholdengo|Gholdengo|100/100\n|switch|p2a: Ninetales|Ninetales-Alola, F|100/100\n|-weather|Snow|[from] ability: Snow Warning|[of] p2a: Ninetales\n|-item|p1a: Gholdengo|Air Balloon\n|turn|1\n|\n|t:|1695182069\n|move|p2a: Ninetales|Aurora Veil|p2a: Ninetales\n|-sidestart|p2: chompsupremacy|move: Aurora Veil\n|move|p1a: Gholdengo|Make It Rain|p2a: Ninetales\n|-supereffective|p2a: Ninetales\n|-damage|p2a: Ninetales|3/100\n|-unboost|p1a: Gholdengo|spa|1\n|\n|-weather|Snow|[upkeep]\n|upkeep\n|turn|2\n|\n|t:|1695182073\n|switch|p2a: Ursaluna|Ursaluna-Bloodmoon, M|100/100\n|move|p1a: Gholdengo|Nasty Plot|p1a: Gholdengo\n|-boost|p1a: Gholdengo|spa|2\n|\n|-weather|Snow|[upkeep]\n|upkeep\n|turn|3\n|\n|t:|1695182077\n|switch|p1a: Cresselia|Cresselia, F, shiny|100/100\n|move|p2a: Ursaluna|Calm Mind|p2a: Ursaluna\n|-boost|p2a: Ursaluna|spa|1\n|-boost|p2a: Ursaluna|spd|1\n|\n|-weather|Snow|[upkeep]\n|upkeep\n|turn|4\n|\n|t:|1695182080\n|move|p1a: Cresselia|Calm Mind|p1a: Cresselia\n|-boost|p1a: Cresselia|spa|1\n|-boost|p1a: Cresselia|spd|1\n|move|p2a: Ursaluna|Calm Mind|p2a: Ursaluna\n|-boost|p2a: Ursaluna|spa|1\n|-boost|p2a: Ursaluna|spd|1\n|\n|-weather|Snow|[upkeep]\n|upkeep\n|turn|5\n|\n|t:|1695182090\n|-terastallize|p2a: Ursaluna|Normal\n|move|p1a: Cresselia|Calm Mind|p1a: Cresselia\n|-boost|p1a: Cresselia|spa|1\n|-boost|p1a: Cresselia|spd|1\n|move|p2a: Ursaluna|Blood Moon|p1a: Cresselia\n|-damage|p1a: Cresselia|37/100\n|\n|-weather|none\n|-heal|p1a: Cresselia|44/100|[from] item: Leftovers\n|upkeep\n|turn|6\n|\n|t:|1695182104\n|move|p1a: Cresselia|Calm Mind|p1a: Cresselia\n|-boost|p1a: Cresselia|spa|1\n|-boost|p1a: Cresselia|spd|1\n|move|p2a: Ursaluna|Hyper Voice|p1a: Cresselia\n|-damage|p1a: Cresselia|13/100\n|\n|-heal|p1a: Cresselia|19/100|[from] item: Leftovers\n|upkeep\n|turn|7\n|\n|t:|1695182109\n|move|p1a: Cresselia|Moonlight|p1a: Cresselia\n|-heal|p1a: Cresselia|69/100\n|move|p2a: Ursaluna|Blood Moon|p1a: Cresselia\n|-damage|p1a: Cresselia|19/100\n|\n|-heal|p1a: Cresselia|25/100|[from] item: Leftovers\n|upkeep\n|turn|8\n|\n|t:|1695182115\n|move|p1a: Cresselia|Moonlight|p1a: Cresselia\n|-heal|p1a: Cresselia|75/100\n|move|p2a: Ursaluna|Hyper Voice|p1a: Cresselia\n|-damage|p1a: Cresselia|42/100\n|\n|-heal|p1a: Cresselia|48/100|[from] item: Leftovers\n|-sideend|p2: chompsupremacy|move: Aurora Veil\n|upkeep\n|turn|9\n|\n|t:|1695182121\n|switch|p2a: Ninetales|Ninetales-Alola, F|3/100\n|-weather|Snow|[from] ability: Snow Warning|[of] p2a: Ninetales\n|move|p1a: Cresselia|Moonlight|p1a: Cresselia\n|-heal|p1a: Cresselia|73/100\n|\n|-weather|Snow|[upkeep]\n|-heal|p1a: Cresselia|79/100|[from] item: Leftovers\n|upkeep\n|turn|10\n|\n|t:|1695182124\n|move|p2a: Ninetales|Encore|p1a: Cresselia\n|-start|p1a: Cresselia|Encore\n|move|p1a: Cresselia|Moonlight|p1a: Cresselia\n|-heal|p1a: Cresselia|100/100\n|\n|-weather|Snow|[upkeep]\n|upkeep\n|turn|11\n|\n|t:|1695182128\n|switch|p1a: Garganacl|Garganacl, M|100/100\n|move|p2a: Ninetales|Aurora Veil|p2a: Ninetales\n|-sidestart|p2: chompsupremacy|move: Aurora Veil\n|\n|-weather|Snow|[upkeep]\n|upkeep\n|turn|12\n|\n|t:|1695182144\n|switch|p2a: Zamazenta|Zamazenta|100/100\n|-ability|p2a: Zamazenta|Dauntless Shield|boost\n|-boost|p2a: Zamazenta|def|1\n|move|p1a: Garganacl|Stealth Rock|p2a: Zamazenta\n|-sidestart|p2: chompsupremacy|move: Stealth Rock\n|\n|-weather|Snow|[upkeep]\n|upkeep\n|turn|13\n|\n|t:|1695182148\n|switch|p1a: Cresselia|Cresselia, F, shiny|100/100\n|move|p2a: Zamazenta|Substitute|p2a: Zamazenta\n|-start|p2a: Zamazenta|Substitute\n|-damage|p2a: Zamazenta|76/100\n|\n|-weather|none\n|-heal|p2a: Zamazenta|82/100|[from] item: Leftovers\n|upkeep\n|turn|14\n|\n|t:|1695182153\n|move|p2a: Zamazenta|Crunch|p1a: Cresselia\n|-supereffective|p1a: Cresselia\n|-damage|p1a: Cresselia|76/100\n|-unboost|p1a: Cresselia|def|1\n|move|p1a: Cresselia|Calm Mind|p1a: Cresselia\n|-boost|p1a: Cresselia|spa|1\n|-boost|p1a: Cresselia|spd|1\n|\n|-heal|p2a: Zamazenta|88/100|[from] item: Leftovers\n|-heal|p1a: Cresselia|82/100|[from] item: Leftovers\n|upkeep\n|turn|15\n|\n|t:|1695182159\n|switch|p1a: Gliscor|Gliscor, F|100/100\n|move|p2a: Zamazenta|Crunch|p1a: Gliscor\n|-damage|p1a: Gliscor|82/100\n|\n|-heal|p2a: Zamazenta|94/100|[from] item: Leftovers\n|-status|p1a: Gliscor|tox|[from] item: Toxic Orb\n|upkeep\n|turn|16\n|\n|t:|1695182162\n|switch|p1a: Cresselia|Cresselia, F, shiny|82/100\n|move|p2a: Zamazenta|Iron Defense|p2a: Zamazenta\n|-boost|p2a: Zamazenta|def|2\n|\n|-heal|p2a: Zamazenta|100/100|[from] item: Leftovers\n|-heal|p1a: Cresselia|88/100|[from] item: Leftovers\n|upkeep\n|turn|17\n|\n|t:|1695182172\n|move|p2a: Zamazenta|Iron Defense|p2a: Zamazenta\n|-boost|p2a: Zamazenta|def|2\n|move|p1a: Cresselia|Calm Mind|p1a: Cresselia\n|-boost|p1a: Cresselia|spa|1\n|-boost|p1a: Cresselia|spd|1\n|\n|-heal|p1a: Cresselia|94/100|[from] item: Leftovers\n|upkeep\n|turn|18\n|\n|t:|1695182174\n|move|p2a: Zamazenta|Body Press|p1a: Cresselia\n|-resisted|p1a: Cresselia\n|-damage|p1a: Cresselia|61/100\n|move|p1a: Cresselia|Moonblast|p2a: Zamazenta\n|-supereffective|p2a: Zamazenta\n|-activate|p2a: Zamazenta|move: Substitute|[damage]\n|\n|-heal|p1a: Cresselia|67/100|[from] item: Leftovers\n|-sideend|p2: chompsupremacy|move: Aurora Veil\n|upkeep\n|turn|19\n|\n|t:|1695182179\n|move|p2a: Zamazenta|Crunch|p1a: Cresselia\n|-supereffective|p1a: Cresselia\n|-damage|p1a: Cresselia|43/100\n|-unboost|p1a: Cresselia|def|1\n|move|p1a: Cresselia|Moonlight|p1a: Cresselia\n|-heal|p1a: Cresselia|93/100\n|\n|-heal|p1a: Cresselia|99/100|[from] item: Leftovers\n|upkeep\n|turn|20\n|\n|t:|1695182186\n|move|p2a: Zamazenta|Body Press|p1a: Cresselia\n|-resisted|p1a: Cresselia\n|-damage|p1a: Cresselia|51/100\n|move|p1a: Cresselia|Moonblast|p2a: Zamazenta\n|-supereffective|p2a: Zamazenta\n|-end|p2a: Zamazenta|Substitute\n|\n|-heal|p1a: Cresselia|57/100|[from] item: Leftovers\n|upkeep\n|turn|21\n|\n|t:|1695182194\n|switch|p1a: Gholdengo|Gholdengo|100/100\n|-item|p1a: Gholdengo|Air Balloon\n|move|p2a: Zamazenta|Body Press|p1a: Gholdengo\n|-immune|p1a: Gholdengo\n|\n|upkeep\n|turn|22\n|\n|t:|1695182197\n|move|p2a: Zamazenta|Substitute|p2a: Zamazenta\n|-start|p2a: Zamazenta|Substitute\n|-damage|p2a: Zamazenta|76/100\n|move|p1a: Gholdengo|Nasty Plot|p1a: Gholdengo\n|-boost|p1a: Gholdengo|spa|2\n|\n|-heal|p2a: Zamazenta|82/100|[from] item: Leftovers\n|upkeep\n|turn|23\n|\n|t:|1695182200\n|move|p2a: Zamazenta|Crunch|p1a: Gholdengo\n|-supereffective|p1a: Gholdengo\n|-damage|p1a: Gholdengo|67/100\n|-enditem|p1a: Gholdengo|Air Balloon\n|move|p1a: Gholdengo|Shadow Ball|p2a: Zamazenta\n|-end|p2a: Zamazenta|Substitute\n|\n|-heal|p2a: Zamazenta|88/100|[from] item: Leftovers\n|upkeep\n|turn|24\n|\n|t:|1695182209\n|switch|p2a: Ninetales|Ninetales-Alola, F|3/100\n|-damage|p2a: Ninetales|0 fnt|[from] Stealth Rock\n|faint|p2a: Ninetales\n|move|p1a: Gholdengo|Recover|p1a: Gholdengo\n|-heal|p1a: Gholdengo|100/100\n|\n|upkeep\n|\n|t:|1695182222\n|switch|p2a: Ogerpon|Ogerpon-Hearthflame, F|100/100\n|-damage|p2a: Ogerpon|76/100|[from] Stealth Rock\n|-ability|p2a: Ogerpon|Mold Breaker\n|turn|25\n|\n|t:|1695182237\n|switch|p1a: Garganacl|Garganacl, M|100/100\n|move|p2a: Ogerpon|Ivy Cudgel|p1a: Garganacl\n|-resisted|p1a: Garganacl\n|-damage|p1a: Garganacl|83/100\n|\n|upkeep\n|turn|26\n|\n|t:|1695182241\n|move|p2a: Ogerpon|Swords Dance|p2a: Ogerpon\n|-boost|p2a: Ogerpon|atk|2\n|move|p1a: Garganacl|Salt Cure|p2a: Ogerpon\n|-supereffective|p2a: Ogerpon\n|-damage|p2a: Ogerpon|38/100\n|-start|p2a: Ogerpon|Salt Cure\n|\n|-damage|p2a: Ogerpon|25/100|[from] Salt Cure\n|upkeep\n|turn|27\n|\n|t:|1695182244\n|move|p1a: Garganacl|Protect|p1a: Garganacl\n|-singleturn|p1a: Garganacl|Protect\n|move|p2a: Ogerpon|Trailblaze|p1a: Garganacl\n|-activate|p1a: Garganacl|move: Protect\n|\n|-damage|p2a: Ogerpon|13/100|[from] Salt Cure\n|upkeep\n|turn|28\n|\n|t:|1695182250\n|switch|p1a: Gliscor|Gliscor, F|82/100 tox\n|move|p2a: Ogerpon|Trailblaze|p1a: Gliscor\n|-damage|p1a: Gliscor|34/100 tox\n|-boost|p2a: Ogerpon|spe|1\n|\n|-heal|p1a: Gliscor|47/100 tox|[from] ability: Poison Heal\n|-damage|p2a: Ogerpon|1/100|[from] Salt Cure\n|upkeep\n|turn|29\n|\n|t:|1695182255\n|move|p1a: Gliscor|Protect|p1a: Gliscor\n|-singleturn|p1a: Gliscor|Protect\n|move|p2a: Ogerpon|Trailblaze|p1a: Gliscor\n|-activate|p1a: Gliscor|move: Protect\n|\n|-heal|p1a: Gliscor|59/100 tox|[from] ability: Poison Heal\n|-damage|p2a: Ogerpon|0 fnt|[from] Salt Cure\n|faint|p2a: Ogerpon\n|upkeep\n|\n|t:|1695182263\n|switch|p2a: Ursaluna|Ursaluna-Bloodmoon, M, tera:Normal|100/100\n|-damage|p2a: Ursaluna|88/100|[from] Stealth Rock\n|turn|30\n|\n|t:|1695182269\n|move|p1a: Gliscor|Earthquake|p2a: Ursaluna\n|-damage|p2a: Ursaluna|65/100\n|move|p2a: Ursaluna|Calm Mind|p2a: Ursaluna\n|-boost|p2a: Ursaluna|spa|1\n|-boost|p2a: Ursaluna|spd|1\n|\n|-heal|p2a: Ursaluna|71/100|[from] item: Leftovers\n|-heal|p1a: Gliscor|72/100 tox|[from] ability: Poison Heal\n|upkeep\n|turn|31\n|\n|t:|1695182275\n|move|p1a: Gliscor|Knock Off|p2a: Ursaluna\n|-damage|p2a: Ursaluna|57/100\n|-enditem|p2a: Ursaluna|Leftovers|[from] move: Knock Off|[of] p1a: Gliscor\n|move|p2a: Ursaluna|Hyper Voice|p1a: Gliscor\n|-damage|p1a: Gliscor|0 fnt\n|faint|p1a: Gliscor\n|\n|upkeep\n|\n|t:|1695182288\n|switch|p1a: Ogerpon|Ogerpon-Wellspring, F|100/100\n|turn|32\n|\n|t:|1695182292\n|-terastallize|p1a: Ogerpon|Water\n|detailschange|p1a: Ogerpon|Ogerpon-Wellspring-Tera, F, tera:Water\n|-ability|p1a: Ogerpon|Embody Aspect (Wellspring)|boost\n|-boost|p1a: Ogerpon|spd|1\n|move|p1a: Ogerpon|Ivy Cudgel|p2a: Ursaluna\n|-crit|p2a: Ursaluna\n|-damage|p2a: Ursaluna|0 fnt\n|faint|p2a: Ursaluna\n|\n|upkeep\n|\n|t:|1695182298\n|switch|p2a: Zamazenta|Zamazenta|88/100\n|-damage|p2a: Zamazenta|82/100|[from] Stealth Rock\n|turn|33\n|\n|t:|1695182301\n|move|p2a: Zamazenta|Iron Defense|p2a: Zamazenta\n|-boost|p2a: Zamazenta|def|2\n|move|p1a: Ogerpon|Ivy Cudgel|p2a: Zamazenta\n|-damage|p2a: Zamazenta|51/100\n|\n|-heal|p2a: Zamazenta|57/100|[from] item: Leftovers\n|upkeep\n|turn|34\n|\n|t:|1695182304\n|switch|p1a: Gholdengo|Gholdengo|100/100\n|move|p2a: Zamazenta|Iron Defense|p2a: Zamazenta\n|-boost|p2a: Zamazenta|def|2\n|\n|-heal|p2a: Zamazenta|63/100|[from] item: Leftovers\n|upkeep\n|turn|35\n|\n|t:|1695182307\n|move|p2a: Zamazenta|Crunch|p1a: Gholdengo\n|-supereffective|p1a: Gholdengo\n|-damage|p1a: Gholdengo|68/100\n|move|p1a: Gholdengo|Nasty Plot|p1a: Gholdengo\n|-boost|p1a: Gholdengo|spa|2\n|\n|-heal|p2a: Zamazenta|69/100|[from] item: Leftovers\n|upkeep\n|turn|36\n|\n|t:|1695182309\n|move|p2a: Zamazenta|Crunch|p1a: Gholdengo\n|-supereffective|p1a: Gholdengo\n|-damage|p1a: Gholdengo|36/100\n|-unboost|p1a: Gholdengo|def|1\n|move|p1a: Gholdengo|Make It Rain|p2a: Zamazenta\n|-damage|p2a: Zamazenta|0 fnt\n|-unboost|p1a: Gholdengo|spa|1\n|faint|p2a: Zamazenta\n|\n|upkeep\n|\n|t:|1695182318\n|switch|p2a: Iron Moth|Iron Moth|100/100\n|-damage|p2a: Iron Moth|76/100|[from] Stealth Rock\n|-enditem|p2a: Iron Moth|Booster Energy\n|-activate|p2a: Iron Moth|ability: Quark Drive|[fromitem]\n|-start|p2a: Iron Moth|quarkdrivespe\n|turn|37\n|\n|t:|1695182325\n|-end|p2a: Iron Moth|Quark Drive|[silent]\n|switch|p2a: Hatterene|Hatterene, F|100/100\n|-damage|p2a: Hatterene|88/100|[from] Stealth Rock\n|move|p1a: Gholdengo|Shadow Ball|p2a: Hatterene\n|-supereffective|p2a: Hatterene\n|-damage|p2a: Hatterene|0 fnt\n|faint|p2a: Hatterene\n|\n|upkeep\n|\n|t:|1695182327\n|switch|p2a: Iron Moth|Iron Moth|76/100\n|-damage|p2a: Iron Moth|51/100|[from] Stealth Rock\n|turn|38\n|\n|t:|1695182328\n|move|p2a: Iron Moth|Fiery Dance|p1a: Gholdengo\n|-supereffective|p1a: Gholdengo\n|-damage|p1a: Gholdengo|0 fnt\n|-boost|p2a: Iron Moth|spa|1\n|faint|p1a: Gholdengo\n|\n|upkeep\n|\n|t:|1695182330\n|switch|p1a: Great Tusk|Great Tusk|100/100\n|-enditem|p1a: Great Tusk|Booster Energy\n|-activate|p1a: Great Tusk|ability: Protosynthesis|[fromitem]\n|-start|p1a: Great Tusk|protosynthesisspe\n|turn|39\n|\n|t:|1695182333\n|move|p1a: Great Tusk|Earthquake|p2a: Iron Moth\n|-supereffective|p2a: Iron Moth\n|-damage|p2a: Iron Moth|0 fnt\n|faint|p2a: Iron Moth\n|-end|p2a: Iron Moth|Quark Drive|[silent]\n|\n|win|georgiethefirst\n|raw|georgiethefirst's rating: 1612 &rarr; <strong>1634</strong><br />(+22 for winning)\n|raw|chompsupremacy's rating: 1651 &rarr; <strong>1629</strong><br />(-22 for losing)\n|l|\u2606chompsupremacy\n", "uploadtime": 1695182338, "views": 3, "p1id": "georgiethefirst", "p2id": "chompsupremacy", "formatid": "gen9ou", "rating": 1629, "private": 0, "password": ""}