{"id": "gen9ou-1947697272", "p1": "Dr. Drake6782", "p2": "Yibril", "format": "gen9ou", "log": "|j|\u2606Dr. Drake6782\n|j|\u2606Yibril\n|t:|1695188666\n|gametype|singles\n|player|p1|Dr. Drake6782|hilbert-masters|1671\n|player|p2|Yibril|ghetsis|1682\n|teamsize|p1|6\n|teamsize|p2|6\n|gen|9\n|tier|[Gen 9] OU\n|rated|\n|rule|Sleep Clause Mod: Limit one foe put to sleep\n|rule|Species Clause: Limit one of each Pok\u00e9mon\n|rule|OHKO Clause: OHKO moves are banned\n|rule|Evasion Items Clause: Evasion items are banned\n|rule|Evasion Moves Clause: Evasion moves are banned\n|rule|Endless Battle Clause: Forcing endless battles is banned\n|rule|HP Percentage Mod: HP is shown in percentages\n|clearpoke\n|poke|p1|Ursaluna-Bloodmoon, M|\n|poke|p1|Ninetales-Alola, M|\n|poke|p1|Iron Moth|\n|poke|p1|Zamazenta-*|\n|poke|p1|Great Tusk|\n|poke|p1|Hatterene, F|\n|poke|p2|Kingambit, F|\n|poke|p2|Dragapult, F|\n|poke|p2|Gholdengo|\n|poke|p2|Great Tusk|\n|poke|p2|Garganacl, M|\n|poke|p2|Dragonite, F|\n|teampreview\n|inactive|Battle timer is ON: inactive players will automatically lose when time's up. (requested by Dr. Drake6782)\n|inactive|Dr. Drake6782 has 120 seconds left.\n|inactive|Yibril has 120 seconds left.\n|j| Ibibi\n|\n|t:|1695188717\n|start\n|switch|p1a: Ninetales|Ninetales-Alola, M, shiny|100/100\n|switch|p2a: Garganacl|Garganacl, M|100/100\n|-weather|Snow|[from] ability: Snow Warning|[of] p1a: Ninetales\n|turn|1\n|j| fourthstar\n|\n|t:|1695188729\n|move|p1a: Ninetales|Aurora Veil|p1a: Ninetales\n|-sidestart|p1: Dr. Drake6782|move: Aurora Veil\n|move|p2a: Garganacl|Salt Cure|p1a: Ninetales\n|-supereffective|p1a: Ninetales\n|-damage|p1a: Ninetales|88/100\n|-start|p1a: Ninetales|Salt Cure\n|\n|-weather|Snow|[upkeep]\n|-damage|p1a: Ninetales|76/100|[from] Salt Cure\n|upkeep\n|turn|2\n|\n|t:|1695188742\n|switch|p1a: Zamazenta|Zamazenta, shiny|100/100\n|-ability|p1a: Zamazenta|Dauntless Shield|boost\n|-boost|p1a: Zamazenta|def|1\n|move|p2a: Garganacl|Salt Cure|p1a: Zamazenta\n|-resisted|p1a: Zamazenta\n|-damage|p1a: Zamazenta|99/100\n|-start|p1a: Zamazenta|Salt Cure\n|\n|-weather|Snow|[upkeep]\n|-heal|p1a: Zamazenta|100/100|[from] item: Leftovers\n|-damage|p1a: Zamazenta|88/100|[from] Salt Cure\n|upkeep\n|turn|3\n|j| STKXY1\n|l| STKXY1\n|\n|t:|1695188763\n|switch|p2a: Great Tusk|Great Tusk|100/100\n|move|p1a: Zamazenta|Substitute|p1a: Zamazenta\n|-start|p1a: Zamazenta|Substitute\n|-damage|p1a: Zamazenta|63/100\n|\n|-weather|Snow|[upkeep]\n|-heal|p1a: Zamazenta|69/100|[from] item: Leftovers\n|-damage|p1a: Zamazenta|57/100|[from] Salt Cure\n|upkeep\n|turn|4\n|\n|t:|1695188773\n|-end|p2a: Great Tusk|Protosynthesis|[silent]\n|switch|p2a: Gholdengo|Gholdengo|100/100\n|move|p1a: Zamazenta|Iron Defense|p1a: Zamazenta\n|-boost|p1a: Zamazenta|def|2\n|\n|-weather|Snow|[upkeep]\n|-heal|p1a: Zamazenta|63/100|[from] item: Leftovers\n|-damage|p1a: Zamazenta|51/100|[from] Salt Cure\n|upkeep\n|turn|5\n|\n|t:|1695188789\n|move|p1a: Zamazenta|Crunch|p2a: Gholdengo\n|-supereffective|p2a: Gholdengo\n|-damage|p2a: Gholdengo|69/100\n|move|p2a: Gholdengo|Make It Rain|p1a: Zamazenta\n|-activate|p1a: Zamazenta|move: Substitute|[damage]\n|-unboost|p2a: Gholdengo|spa|1\n|\n|-weather|none\n|-heal|p1a: Zamazenta|57/100|[from] item: Leftovers\n|-heal|p2a: Gholdengo|75/100|[from] item: Leftovers\n|-damage|p1a: Zamazenta|45/100|[from] Salt Cure\n|upkeep\n|turn|6\n|\n|t:|1695188804\n|move|p1a: Zamazenta|Crunch|p2a: Gholdengo\n|-supereffective|p2a: Gholdengo\n|-damage|p2a: Gholdengo|43/100\n|-unboost|p2a: Gholdengo|def|1\n|move|p2a: Gholdengo|Shadow Ball|p1a: Zamazenta\n|-end|p1a: Zamazenta|Substitute\n|\n|-heal|p1a: Zamazenta|51/100|[from] item: Leftovers\n|-heal|p2a: Gholdengo|49/100|[from] item: Leftovers\n|-damage|p1a: Zamazenta|38/100|[from] Salt Cure\n|upkeep\n|turn|7\n|\n|t:|1695188821\n|switch|p2a: Great Tusk|Great Tusk|100/100\n|move|p1a: Zamazenta|Crunch|p2a: Great Tusk\n|-resisted|p2a: Great Tusk\n|-damage|p2a: Great Tusk|95/100\n|\n|-heal|p1a: Zamazenta|45/100|[from] item: Leftovers\n|-heal|p2a: Great Tusk|100/100|[from] item: Leftovers\n|-damage|p1a: Zamazenta|32/100|[from] Salt Cure\n|upkeep\n|turn|8\n|inactive|Dr. Drake6782 has 120 seconds left.\n|\n|t:|1695188856\n|move|p1a: Zamazenta|Body Press|p2a: Great Tusk\n|-damage|p2a: Great Tusk|62/100\n|move|p2a: Great Tusk|Stealth Rock|p1a: Zamazenta\n|-sidestart|p1: Dr. Drake6782|move: Stealth Rock\n|\n|-heal|p1a: Zamazenta|38/100|[from] item: Leftovers\n|-heal|p2a: Great Tusk|68/100|[from] item: Leftovers\n|-damage|p1a: Zamazenta|26/100|[from] Salt Cure\n|-sideend|p1: Dr. Drake6782|move: Aurora Veil\n|upkeep\n|turn|9\n|inactive|Dr. Drake6782 has 120 seconds left.\n|\n|t:|1695188867\n|move|p1a: Zamazenta|Body Press|p2a: Great Tusk\n|-damage|p2a: Great Tusk|27/100\n|move|p2a: Great Tusk|Knock Off|p1a: Zamazenta\n|-resisted|p1a: Zamazenta\n|-damage|p1a: Zamazenta|22/100\n|-enditem|p1a: Zamazenta|Leftovers|[from] move: Knock Off|[of] p2a: Great Tusk\n|\n|-heal|p2a: Great Tusk|33/100|[from] item: Leftovers\n|-damage|p1a: Zamazenta|10/100|[from] Salt Cure\n|upkeep\n|turn|10\n|\n|t:|1695188876\n|-end|p2a: Great Tusk|Protosynthesis|[silent]\n|switch|p2a: Gholdengo|Gholdengo|49/100\n|move|p1a: Zamazenta|Crunch|p2a: Gholdengo\n|-supereffective|p2a: Gholdengo\n|-damage|p2a: Gholdengo|18/100\n|-unboost|p2a: Gholdengo|def|1\n|\n|-heal|p2a: Gholdengo|24/100|[from] item: Leftovers\n|-damage|p1a: Zamazenta|0 fnt|[from] Salt Cure\n|faint|p1a: Zamazenta\n|upkeep\n|j| kittenlasers\n|\n|t:|1695188882\n|switch|p1a: Ursaluna|Ursaluna-Bloodmoon, M|100/100\n|-damage|p1a: Ursaluna|94/100|[from] Stealth Rock\n|turn|11\n|\n|t:|1695188891\n|move|p1a: Ursaluna|Vacuum Wave|p2a: Gholdengo\n|-supereffective|p2a: Gholdengo\n|-damage|p2a: Gholdengo|0 fnt\n|faint|p2a: Gholdengo\n|\n|-heal|p1a: Ursaluna|100/100|[from] item: Leftovers\n|upkeep\n|\n|t:|1695188902\n|switch|p2a: Dragapult|Dragapult, F|100/100\n|turn|12\n|\n|t:|1695188914\n|-terastallize|p1a: Ursaluna|Normal\n|move|p2a: Dragapult|Surf|p1a: Ursaluna\n|-damage|p1a: Ursaluna|74/100\n|move|p1a: Ursaluna|Blood Moon|p2a: Dragapult\n|-crit|p2a: Dragapult\n|-damage|p2a: Dragapult|0 fnt\n|faint|p2a: Dragapult\n|\n|-heal|p1a: Ursaluna|80/100|[from] item: Leftovers\n|upkeep\n|\n|t:|1695188924\n|switch|p2a: Dragonite|Dragonite, F|100/100\n|turn|13\n|\n|t:|1695188930\n|move|p2a: Dragonite|Dragon Dance|p2a: Dragonite\n|-boost|p2a: Dragonite|atk|1\n|-boost|p2a: Dragonite|spe|1\n|move|p1a: Ursaluna|Hyper Voice|p2a: Dragonite\n|-damage|p2a: Dragonite|70/100\n|\n|-heal|p1a: Ursaluna|86/100|[from] item: Leftovers\n|upkeep\n|turn|14\n|\n|t:|1695188940\n|move|p2a: Dragonite|Earthquake|p1a: Ursaluna\n|-damage|p1a: Ursaluna|49/100\n|move|p1a: Ursaluna|Blood Moon|p2a: Dragonite\n|-damage|p2a: Dragonite|0 fnt\n|faint|p2a: Dragonite\n|\n|-heal|p1a: Ursaluna|55/100|[from] item: Leftovers\n|upkeep\n|\n|t:|1695188950\n|switch|p2a: Great Tusk|Great Tusk|33/100\n|turn|15\n|\n|t:|1695188958\n|move|p1a: Ursaluna|Vacuum Wave|p2a: Great Tusk\n|-damage|p2a: Great Tusk|14/100\n|move|p2a: Great Tusk|Earthquake|p1a: Ursaluna\n|-crit|p1a: Ursaluna\n|-damage|p1a: Ursaluna|13/100\n|\n|-heal|p2a: Great Tusk|20/100|[from] item: Leftovers\n|-heal|p1a: Ursaluna|19/100|[from] item: Leftovers\n|upkeep\n|turn|16\n|\n|t:|1695188968\n|move|p1a: Ursaluna|Vacuum Wave|p2a: Great Tusk\n|-damage|p2a: Great Tusk|3/100\n|move|p2a: Great Tusk|Earthquake|p1a: Ursaluna\n|-damage|p1a: Ursaluna|0 fnt\n|faint|p1a: Ursaluna\n|\n|-heal|p2a: Great Tusk|10/100|[from] item: Leftovers\n|upkeep\n|\n|t:|1695188980\n|switch|p1a: Great Tusk|Great Tusk|100/100\n|-damage|p1a: Great Tusk|97/100|[from] Stealth Rock\n|-enditem|p1a: Great Tusk|Booster Energy\n|-activate|p1a: Great Tusk|ability: Protosynthesis|[fromitem]\n|-start|p1a: Great Tusk|protosynthesisspe\n|turn|17\n|\n|t:|1695188989\n|move|p1a: Great Tusk|Bulk Up|p1a: Great Tusk\n|-boost|p1a: Great Tusk|atk|1\n|-boost|p1a: Great Tusk|def|1\n|move|p2a: Great Tusk|Earthquake|p1a: Great Tusk\n|-damage|p1a: Great Tusk|80/100\n|\n|-heal|p2a: Great Tusk|16/100|[from] item: Leftovers\n|upkeep\n|turn|18\n|\n|t:|1695188997\n|-end|p2a: Great Tusk|Protosynthesis|[silent]\n|switch|p2a: Garganacl|Garganacl, M|100/100\n|move|p1a: Great Tusk|Bulk Up|p1a: Great Tusk\n|-boost|p1a: Great Tusk|atk|1\n|-boost|p1a: Great Tusk|def|1\n|\n|upkeep\n|turn|19\n|\n|t:|1695189017\n|-terastallize|p2a: Garganacl|Water\n|move|p1a: Great Tusk|Headlong Rush|p2a: Garganacl\n|-damage|p2a: Garganacl|27/100\n|-unboost|p1a: Great Tusk|def|1\n|-unboost|p1a: Great Tusk|spd|1\n|move|p2a: Garganacl|Iron Defense|p2a: Garganacl\n|-boost|p2a: Garganacl|def|2\n|\n|-heal|p2a: Garganacl|34/100|[from] item: Leftovers\n|upkeep\n|turn|20\n|c|\u2606Dr. Drake6782|ggs\n|\n|t:|1695189032\n|move|p1a: Great Tusk|Headlong Rush|p2a: Garganacl\n|-damage|p2a: Garganacl|0 fnt\n|-unboost|p1a: Great Tusk|def|1\n|-unboost|p1a: Great Tusk|spd|1\n|faint|p2a: Garganacl\n|\n|upkeep\n|\n|t:|1695189039\n|switch|p2a: Kingambit|Kingambit, F|100/100\n|-activate|p2a: Kingambit|ability: Supreme Overlord\n|-start|p2a: Kingambit|fallen4|[silent]\n|turn|21\n|l| kittenlasers\n|\n|t:|1695189043\n|move|p1a: Great Tusk|Headlong Rush|p2a: Kingambit\n|-supereffective|p2a: Kingambit\n|-damage|p2a: Kingambit|0 fnt\n|-unboost|p1a: Great Tusk|def|1\n|-unboost|p1a: Great Tusk|spd|1\n|faint|p2a: Kingambit\n|-end|p2a: Kingambit|fallen4|[silent]\n|\n|upkeep\n|-message|Yibril forfeited.\n|\n|win|Dr. Drake6782\n|raw|Dr. Drake6782's rating: 1645 &rarr; <strong>1667</strong><br />(+22 for winning)\n|raw|Yibril's rating: 1682 &rarr; <strong>1660</strong><br />(-22 for losing)\n|l|\u2606Yibril\n", "uploadtime": 1695189049, "views": 4, "p1id": "drdrake6782", "p2id": "yibril", "formatid": "gen9ou", "rating": 1660, "private": 0, "password": ""}