{"id": "gen9ou-1947695318", "p1": "Magikarp Soup", "p2": "Battlejabs", "format": "gen9ou", "log": "|j|\u2606Magikarp Soup\n|j|\u2606Battlejabs\n|t:|1695188359\n|gametype|singles\n|player|p1|Magikarp Soup|medium|1345\n|player|p2|Battlejabs|169|1326\n|teamsize|p1|6\n|teamsize|p2|6\n|gen|9\n|tier|[Gen 9] OU\n|rated|\n|rule|Sleep Clause Mod: Limit one foe put to sleep\n|rule|Species Clause: Limit one of each Pok\u00e9mon\n|rule|OHKO Clause: OHKO moves are banned\n|rule|Evasion Items Clause: Evasion items are banned\n|rule|Evasion Moves Clause: Evasion moves are banned\n|rule|Endless Battle Clause: Forcing endless battles is banned\n|rule|HP Percentage Mod: HP is shown in percentages\n|clearpoke\n|poke|p1|Sandy Shocks|\n|poke|p1|Heatran, M|\n|poke|p1|Alomomola, M|\n|poke|p1|Ursaluna-Bloodmoon, M|\n|poke|p1|Ogerpon, F|\n|poke|p1|Dragapult, M|\n|poke|p2|Pelipper, F|\n|poke|p2|Floatzel, F|\n|poke|p2|Walking Wake|\n|poke|p2|Great Tusk|\n|poke|p2|Empoleon, F|\n|poke|p2|Zapdos|\n|teampreview\n|\n|t:|1695188377\n|start\n|switch|p1a: Sandy Shocks|Sandy Shocks|100/100\n|switch|p2a: Empoleon|Empoleon, F|100/100\n|-enditem|p1a: Sandy Shocks|Booster Energy\n|-activate|p1a: Sandy Shocks|ability: Protosynthesis|[fromitem]\n|-start|p1a: Sandy Shocks|protosynthesisspe\n|turn|1\n|\n|t:|1695188389\n|move|p1a: Sandy Shocks|Volt Switch|p2a: Empoleon\n|-supereffective|p2a: Empoleon\n|-damage|p2a: Empoleon|41/100\n|\n|t:|1695188395\n|-end|p1a: Sandy Shocks|Protosynthesis|[silent]\n|switch|p1a: Alomomola|Alomomola, M|100/100|[from] Volt Switch\n|move|p2a: Empoleon|Stealth Rock|p1a: Alomomola\n|-sidestart|p1: Magikarp Soup|move: Stealth Rock\n|\n|-heal|p2a: Empoleon|47/100|[from] item: Leftovers\n|upkeep\n|turn|2\n|\n|t:|1695188403\n|move|p1a: Alomomola|Flip Turn|p2a: Empoleon\n|-resisted|p2a: Empoleon\n|-damage|p2a: Empoleon|39/100\n|\n|t:|1695188406\n|switch|p1a: Sandy Shocks|Sandy Shocks|100/100|[from] Flip Turn\n|-damage|p1a: Sandy Shocks|94/100|[from] Stealth Rock\n|move|p2a: Empoleon|Flip Turn|p1a: Sandy Shocks\n|-supereffective|p1a: Sandy Shocks\n|-damage|p1a: Sandy Shocks|57/100\n|\n|t:|1695188413\n|switch|p2a: Floatzel|Floatzel, F|100/100|[from] Flip Turn\n|\n|upkeep\n|turn|3\n|\n|t:|1695188422\n|-end|p1a: Sandy Shocks|Protosynthesis|[silent]\n|switch|p1a: Alomomola|Alomomola, M|100/100\n|-damage|p1a: Alomomola|88/100|[from] Stealth Rock\n|switch|p2a: Great Tusk|Great Tusk|100/100\n|-enditem|p2a: Great Tusk|Booster Energy\n|-activate|p2a: Great Tusk|ability: Protosynthesis|[fromitem]\n|-start|p2a: Great Tusk|protosynthesisatk\n|\n|upkeep\n|turn|4\n|\n|t:|1695188427\n|-end|p2a: Great Tusk|Protosynthesis|[silent]\n|switch|p2a: Zapdos|Zapdos|100/100\n|move|p1a: Alomomola|Flip Turn|p2a: Zapdos\n|-damage|p2a: Zapdos|88/100\n|-status|p1a: Alomomola|par|[from] ability: Static|[of] p2a: Zapdos\n|\n|t:|1695188436\n|switch|p1a: Ursaluna|Ursaluna-Bloodmoon, M|100/100|[from] Flip Turn\n|-damage|p1a: Ursaluna|94/100|[from] Stealth Rock\n|\n|-heal|p1a: Ursaluna|100/100|[from] item: Leftovers\n|upkeep\n|turn|5\n|\n|t:|1695188443\n|move|p2a: Zapdos|U-turn|p1a: Ursaluna\n|-damage|p1a: Ursaluna|93/100\n|\n|t:|1695188445\n|switch|p2a: Empoleon|Empoleon, F|39/100|[from] U-turn\n|move|p1a: Ursaluna|Calm Mind|p1a: Ursaluna\n|-boost|p1a: Ursaluna|spa|1\n|-boost|p1a: Ursaluna|spd|1\n|\n|-heal|p1a: Ursaluna|99/100|[from] item: Leftovers\n|-heal|p2a: Empoleon|45/100|[from] item: Leftovers\n|upkeep\n|turn|6\n|\n|t:|1695188452\n|move|p1a: Ursaluna|Vacuum Wave|p2a: Empoleon\n|-supereffective|p2a: Empoleon\n|-damage|p2a: Empoleon|17/100\n|move|p2a: Empoleon|Hydro Pump|p1a: Ursaluna\n|-supereffective|p1a: Ursaluna\n|-damage|p1a: Ursaluna|18/100\n|\n|-heal|p1a: Ursaluna|24/100|[from] item: Leftovers\n|-heal|p2a: Empoleon|23/100|[from] item: Leftovers\n|upkeep\n|turn|7\n|\n|t:|1695188458\n|move|p1a: Ursaluna|Vacuum Wave|p2a: Empoleon\n|-supereffective|p2a: Empoleon\n|-damage|p2a: Empoleon|0 fnt\n|faint|p2a: Empoleon\n|\n|-heal|p1a: Ursaluna|30/100|[from] item: Leftovers\n|upkeep\n|\n|t:|1695188473\n|switch|p2a: Walking Wake|Walking Wake|100/100\n|turn|8\n|\n|t:|1695188479\n|move|p1a: Ursaluna|Vacuum Wave|p2a: Walking Wake\n|-damage|p2a: Walking Wake|86/100\n|move|p2a: Walking Wake|Scald|p1a: Ursaluna\n|-supereffective|p1a: Ursaluna\n|-damage|p1a: Ursaluna|0 fnt\n|faint|p1a: Ursaluna\n|\n|upkeep\n|\n|t:|1695188489\n|switch|p1a: Dragapult|Dragapult, M|100/100\n|-damage|p1a: Dragapult|88/100|[from] Stealth Rock\n|turn|9\n|\n|t:|1695188493\n|move|p1a: Dragapult|Substitute|p1a: Dragapult\n|-start|p1a: Dragapult|Substitute\n|-damage|p1a: Dragapult|63/100\n|move|p2a: Walking Wake|Draco Meteor|p1a: Dragapult\n|-supereffective|p1a: Dragapult\n|-end|p1a: Dragapult|Substitute\n|-unboost|p2a: Walking Wake|spa|2\n|\n|-heal|p1a: Dragapult|69/100|[from] item: Leftovers\n|upkeep\n|turn|10\n|\n|t:|1695188505\n|switch|p1a: Sandy Shocks|Sandy Shocks|57/100\n|-damage|p1a: Sandy Shocks|51/100|[from] Stealth Rock\n|move|p2a: Walking Wake|Knock Off|p1a: Sandy Shocks\n|-damage|p1a: Sandy Shocks|38/100\n|\n|upkeep\n|turn|11\n|\n|t:|1695188512\n|move|p2a: Walking Wake|Scald|p1a: Sandy Shocks\n|-supereffective|p1a: Sandy Shocks\n|-damage|p1a: Sandy Shocks|0 fnt\n|faint|p1a: Sandy Shocks\n|-end|p1a: Sandy Shocks|Protosynthesis|[silent]\n|\n|upkeep\n|\n|t:|1695188517\n|switch|p1a: Ogerpon|Ogerpon, F|100/100\n|-damage|p1a: Ogerpon|88/100|[from] Stealth Rock\n|turn|12\n|\n|t:|1695188521\n|move|p1a: Ogerpon|Swords Dance|p1a: Ogerpon\n|-boost|p1a: Ogerpon|atk|2\n|move|p2a: Walking Wake|Flip Turn|p1a: Ogerpon\n|-resisted|p1a: Ogerpon\n|-damage|p1a: Ogerpon|77/100\n|\n|t:|1695188526\n|-end|p2a: Walking Wake|Protosynthesis|[silent]\n|switch|p2a: Zapdos|Zapdos|88/100|[from] Flip Turn\n|\n|upkeep\n|turn|13\n|\n|t:|1695188530\n|move|p1a: Ogerpon|Rock Tomb|p2a: Zapdos\n|-supereffective|p2a: Zapdos\n|-damage|p2a: Zapdos|0 fnt\n|faint|p2a: Zapdos\n|-damage|p1a: Ogerpon|67/100|[from] item: Life Orb\n|\n|upkeep\n|\n|t:|1695188574\n|switch|p2a: Pelipper|Pelipper, F|100/100\n|-weather|RainDance|[from] ability: Drizzle|[of] p2a: Pelipper\n|turn|14\n|\n|t:|1695188577\n|move|p1a: Ogerpon|Rock Tomb|p2a: Pelipper\n|-supereffective|p2a: Pelipper\n|-damage|p2a: Pelipper|28/100\n|-unboost|p2a: Pelipper|spe|1\n|-damage|p1a: Ogerpon|57/100|[from] item: Life Orb\n|move|p2a: Pelipper|U-turn|p1a: Ogerpon\n|-supereffective|p1a: Ogerpon\n|-damage|p1a: Ogerpon|33/100\n|\n|t:|1695188581\n|switch|p2a: Floatzel|Floatzel, F|100/100|[from] U-turn\n|\n|-weather|RainDance|[upkeep]\n|upkeep\n|turn|15\n|\n|t:|1695188589\n|move|p2a: Floatzel|Wave Crash|p1a: Ogerpon\n|-resisted|p1a: Ogerpon\n|-damage|p1a: Ogerpon|0 fnt\n|faint|p1a: Ogerpon\n|-damage|p2a: Floatzel|90/100|[from] Recoil\n|\n|-weather|RainDance|[upkeep]\n|upkeep\n|\n|t:|1695188593\n|switch|p1a: Alomomola|Alomomola, M|100/100 par\n|-damage|p1a: Alomomola|88/100 par|[from] Stealth Rock\n|turn|16\n|\n|t:|1695188605\n|switch|p2a: Pelipper|Pelipper, F|28/100\n|move|p1a: Alomomola|Protect||[still]\n|-fail|p1a: Alomomola\n|\n|-weather|RainDance|[upkeep]\n|upkeep\n|turn|17\n|\n|t:|1695188628\n|move|p2a: Pelipper|Roost|p2a: Pelipper\n|-heal|p2a: Pelipper|78/100\n|-singleturn|p2a: Pelipper|move: Roost\n|move|p1a: Alomomola|Wish|p1a: Alomomola\n|\n|-weather|RainDance|[upkeep]\n|upkeep\n|turn|18\n|\n|t:|1695188638\n|move|p2a: Pelipper|Hurricane|p1a: Alomomola\n|-damage|p1a: Alomomola|43/100 par\n|-start|p1a: Alomomola|confusion\n|-activate|p1a: Alomomola|confusion\n|move|p1a: Alomomola|Flip Turn|p2a: Pelipper\n|-resisted|p2a: Pelipper\n|-damage|p2a: Pelipper|69/100\n|\n|t:|1695188646\n|switch|p1a: Dragapult|Dragapult, M|69/100|[from] Flip Turn\n|-damage|p1a: Dragapult|57/100|[from] Stealth Rock\n|\n|-weather|none\n|-heal|p1a: Dragapult|100/100|[from] move: Wish|[wisher] Alomomola\n|upkeep\n|turn|19\n|\n|t:|1695188655\n|switch|p2a: Great Tusk|Great Tusk|100/100\n|move|p1a: Dragapult|Substitute|p1a: Dragapult\n|-start|p1a: Dragapult|Substitute\n|-damage|p1a: Dragapult|76/100\n|\n|-heal|p1a: Dragapult|82/100|[from] item: Leftovers\n|upkeep\n|turn|20\n|\n|t:|1695188661\n|-terastallize|p1a: Dragapult|Fairy\n|move|p1a: Dragapult|Will-O-Wisp|p2a: Great Tusk\n|-status|p2a: Great Tusk|brn\n|move|p2a: Great Tusk|Headlong Rush|p1a: Dragapult\n|-end|p1a: Dragapult|Substitute\n|-unboost|p2a: Great Tusk|def|1\n|-unboost|p2a: Great Tusk|spd|1\n|\n|-heal|p1a: Dragapult|88/100|[from] item: Leftovers\n|-damage|p2a: Great Tusk|94/100 brn|[from] brn\n|upkeep\n|turn|21\n|\n|t:|1695188673\n|-end|p2a: Great Tusk|Protosynthesis|[silent]\n|switch|p2a: Pelipper|Pelipper, F|69/100\n|-weather|RainDance|[from] ability: Drizzle|[of] p2a: Pelipper\n|move|p1a: Dragapult|Substitute|p1a: Dragapult\n|-start|p1a: Dragapult|Substitute\n|-damage|p1a: Dragapult|63/100\n|\n|-weather|RainDance|[upkeep]\n|-heal|p1a: Dragapult|69/100|[from] item: Leftovers\n|upkeep\n|turn|22\n|\n|t:|1695188676\n|move|p1a: Dragapult|Will-O-Wisp|p2a: Pelipper\n|-status|p2a: Pelipper|brn\n|move|p2a: Pelipper|Surf|p1a: Dragapult\n|-end|p1a: Dragapult|Substitute\n|\n|-weather|RainDance|[upkeep]\n|-heal|p1a: Dragapult|75/100|[from] item: Leftovers\n|-damage|p2a: Pelipper|63/100 brn|[from] brn\n|upkeep\n|turn|23\n|\n|t:|1695188685\n|move|p1a: Dragapult|Hex|p2a: Pelipper\n|-damage|p2a: Pelipper|0 fnt\n|faint|p2a: Pelipper\n|\n|-weather|RainDance|[upkeep]\n|-heal|p1a: Dragapult|81/100|[from] item: Leftovers\n|upkeep\n|\n|t:|1695188688\n|switch|p2a: Floatzel|Floatzel, F|90/100\n|turn|24\n|\n|t:|1695188692\n|switch|p1a: Alomomola|Alomomola, M|77/100 par\n|-damage|p1a: Alomomola|64/100 par|[from] Stealth Rock\n|-terastallize|p2a: Floatzel|Water\n|move|p2a: Floatzel|Wave Crash|p1a: Alomomola\n|-resisted|p1a: Alomomola\n|-damage|p1a: Alomomola|20/100 par\n|-damage|p2a: Floatzel|73/100|[from] item: Rocky Helmet|[of] p1a: Alomomola\n|-damage|p2a: Floatzel|49/100|[from] Recoil\n|\n|-weather|RainDance|[upkeep]\n|upkeep\n|turn|25\n|\n|t:|1695188697\n|switch|p1a: Heatran|Heatran, M|100/100\n|-damage|p1a: Heatran|88/100|[from] Stealth Rock\n|move|p2a: Floatzel|Wave Crash|p1a: Heatran\n|-supereffective|p1a: Heatran\n|-damage|p1a: Heatran|0 fnt\n|faint|p1a: Heatran\n|-damage|p2a: Floatzel|13/100|[from] Recoil\n|\n|-weather|none\n|upkeep\n|\n|t:|1695188701\n|switch|p1a: Dragapult|Dragapult, M, tera:Fairy|81/100\n|-damage|p1a: Dragapult|68/100|[from] Stealth Rock\n|turn|26\n|\n|t:|1695188710\n|move|p1a: Dragapult|Hex|p2a: Floatzel\n|-damage|p2a: Floatzel|0 fnt\n|faint|p2a: Floatzel\n|\n|-heal|p1a: Dragapult|74/100|[from] item: Leftovers\n|upkeep\n|\n|t:|1695188720\n|switch|p2a: Walking Wake|Walking Wake|86/100\n|turn|27\n|\n|t:|1695188725\n|move|p1a: Dragapult|Dragon Darts|p2a: Walking Wake\n|-supereffective|p2a: Walking Wake\n|-damage|p2a: Walking Wake|46/100\n|-anim|p1a: Dragapult|Dragon Darts|p2a: Walking Wake\n|-supereffective|p2a: Walking Wake\n|-damage|p2a: Walking Wake|0 fnt\n|faint|p2a: Walking Wake\n|-end|p2a: Walking Wake|Protosynthesis|[silent]\n|\n|-heal|p1a: Dragapult|80/100|[from] item: Leftovers\n|upkeep\n|\n|t:|1695188730\n|switch|p2a: Great Tusk|Great Tusk|94/100 brn\n|turn|28\n|\n|t:|1695188733\n|move|p1a: Dragapult|Hex|p2a: Great Tusk\n|-damage|p2a: Great Tusk|22/100 brn\n|move|p2a: Great Tusk|Rapid Spin|p1a: Dragapult\n|-damage|p1a: Dragapult|65/100\n|-boost|p2a: Great Tusk|spe|1\n|\n|-heal|p1a: Dragapult|71/100|[from] item: Leftovers\n|-damage|p2a: Great Tusk|16/100 brn|[from] brn\n|upkeep\n|turn|29\n|\n|t:|1695188738\n|move|p1a: Dragapult|Hex|p2a: Great Tusk\n|-damage|p2a: Great Tusk|0 fnt\n|faint|p2a: Great Tusk\n|-end|p2a: Great Tusk|Protosynthesis|[silent]\n|\n|win|Magikarp Soup\n|raw|Magikarp Soup's rating: 1345 &rarr; <strong>1364</strong><br />(+19 for winning)\n|raw|Battlejabs's rating: 1326 &rarr; <strong>1307</strong><br />(-19 for losing)\n|l|\u2606Battlejabs\n|c|\u2606Magikarp Soup|Gg\n", "uploadtime": 1695188746, "views": 5, "p1id": "magikarpsoup", "p2id": "battlejabs", "formatid": "gen9ou", "rating": 1307, "private": 0, "password": ""}