{"id": "gen9ou-1947607431", "p1": "Hannibal13arca", "p2": "Jextrex16", "format": "gen9ou", "log": "|j|\u2606Hannibal13arca\n|j|\u2606Jextrex16\n|t:|1695177323\n|gametype|singles\n|player|p1|Hannibal13arca|blue-gen7|1116\n|player|p2|Jextrex16|volo|1216\n|teamsize|p1|6\n|teamsize|p2|6\n|gen|9\n|tier|[Gen 9] OU\n|rated|\n|rule|Sleep Clause Mod: Limit one foe put to sleep\n|rule|Species Clause: Limit one of each Pok\u00e9mon\n|rule|OHKO Clause: OHKO moves are banned\n|rule|Evasion Items Clause: Evasion items are banned\n|rule|Evasion Moves Clause: Evasion moves are banned\n|rule|Endless Battle Clause: Forcing endless battles is banned\n|rule|HP Percentage Mod: HP is shown in percentages\n|clearpoke\n|poke|p1|Iron Valiant|\n|poke|p1|Weavile, M|\n|poke|p1|Greninja-*, M|\n|poke|p1|Gholdengo|\n|poke|p1|Cinderace, F|\n|poke|p1|Okidogi, M|\n|poke|p2|Golem-Alola, F|\n|poke|p2|Torterra, F|\n|poke|p2|Dragonite, M|\n|poke|p2|Shiftry, M|\n|poke|p2|Dragalge, M|\n|poke|p2|Great Tusk|\n|teampreview\n|inactive|Battle timer is ON: inactive players will automatically lose when time's up. (requested by Hannibal13arca)\n|\n|t:|1695177333\n|start\n|switch|p1a: Greninja|Greninja, M|100/100\n|switch|p2a: Golem|Golem-Alola, F|100/100\n|turn|1\n|\n|t:|1695177341\n|move|p1a: Greninja|Hydro Pump|p2a: Golem\n|-supereffective|p2a: Golem\n|-ability|p2a: Golem|Sturdy\n|-damage|p2a: Golem|1/100\n|-damage|p1a: Greninja|91/100|[from] item: Life Orb\n|move|p2a: Golem|Stealth Rock|p1a: Greninja\n|-sidestart|p1: Hannibal13arca|move: Stealth Rock\n|\n|upkeep\n|turn|2\n|-enditem|p2a: Golem|Custap Berry|[eat]\n|-activate|p2a: Golem|item: Custap Berry|[consumed]\n|\n|t:|1695177352\n|move|p1a: Greninja|Water Shuriken|p2a: Golem\n|-supereffective|p2a: Golem\n|-damage|p2a: Golem|0 fnt\n|faint|p2a: Golem\n|-ability|p1a: Greninja|Battle Bond|boost\n|-boost|p1a: Greninja|atk|1\n|-boost|p1a: Greninja|spa|1\n|-boost|p1a: Greninja|spe|1\n|-activate|p1a: Greninja|ability: Battle Bond\n|-hitcount|p2: Golem|1\n|-damage|p1a: Greninja|81/100|[from] item: Life Orb\n|\n|upkeep\n|c|\u2606Jextrex16|thats priority?\n|inactive|Jextrex16 has 120 seconds left.\n|c|\u2606Hannibal13arca|yeh\n|\n|t:|1695177381\n|switch|p2a: Dragalge|Dragalge, M|100/100\n|turn|3\n|inactive|Jextrex16 has 120 seconds left.\n|c|\u2606Jextrex16|what tier?\n|\n|t:|1695177401\n|move|p1a: Greninja|Ice Beam|p2a: Dragalge\n|-supereffective|p2a: Dragalge\n|-damage|p2a: Dragalge|38/100\n|-damage|p1a: Greninja|71/100|[from] item: Life Orb\n|move|p2a: Dragalge|Sludge Bomb|p1a: Greninja\n|-damage|p1a: Greninja|0 fnt\n|faint|p1a: Greninja\n|\n|upkeep\n|inactive|Hannibal13arca has 120 seconds left.\n|\n|t:|1695177444\n|switch|p1a: Weavile|Weavile, M, shiny|100/100\n|-damage|p1a: Weavile|76/100|[from] Stealth Rock\n|-ability|p1a: Weavile|Pressure\n|turn|4\n|inactive|Jextrex16 has 120 seconds left.\n|\n|t:|1695177482\n|-terastallize|p2a: Dragalge|Water\n|move|p1a: Weavile|Ice Shard|p2a: Dragalge\n|-resisted|p2a: Dragalge\n|-damage|p2a: Dragalge|20/100\n|move|p2a: Dragalge|Draco Meteor|p1a: Weavile\n|-damage|p1a: Weavile|0 fnt\n|-unboost|p2a: Dragalge|spa|2\n|faint|p1a: Weavile\n|\n|upkeep\n|\n|t:|1695177493\n|switch|p1a: Iron Valiant|Iron Valiant|100/100\n|-damage|p1a: Iron Valiant|94/100|[from] Stealth Rock\n|turn|5\n|\n|t:|1695177504\n|move|p1a: Iron Valiant|Moonblast|p2a: Dragalge\n|-damage|p2a: Dragalge|0 fnt\n|faint|p2a: Dragalge\n|\n|upkeep\n|\n|t:|1695177523\n|switch|p2a: Dragonite|Dragonite, M|100/100\n|turn|6\n|inactive|Hannibal13arca has 120 seconds left.\n|\n|t:|1695177529\n|move|p2a: Dragonite|Extreme Speed|p1a: Iron Valiant\n|-damage|p1a: Iron Valiant|32/100\n|move|p1a: Iron Valiant|Moonblast|p2a: Dragonite\n|-supereffective|p2a: Dragonite\n|-damage|p2a: Dragonite|48/100\n|\n|upkeep\n|turn|7\n|\n|t:|1695177536\n|-end|p1a: Iron Valiant|Quark Drive|[silent]\n|switch|p1a: Gholdengo|Gholdengo|100/100\n|-damage|p1a: Gholdengo|94/100|[from] Stealth Rock\n|move|p2a: Dragonite|Extreme Speed|p1a: Gholdengo\n|-immune|p1a: Gholdengo\n|\n|upkeep\n|turn|8\n|inactive|Hannibal13arca has 120 seconds left.\n|inactive|Jextrex16 has 90 seconds left.\n|\n|t:|1695177565\n|switch|p2a: Great Tusk|Great Tusk|100/100\n|-terastallize|p1a: Gholdengo|Fighting\n|move|p1a: Gholdengo|Make It Rain|p2a: Great Tusk\n|-crit|p2a: Great Tusk\n|-damage|p2a: Great Tusk|0 fnt\n|-unboost|p1a: Gholdengo|spa|1\n|faint|p2a: Great Tusk\n|-end|p2a: Great Tusk|Protosynthesis|[silent]\n|\n|upkeep\n|inactive|Jextrex16 has 90 seconds left.\n|\n|t:|1695177578\n|switch|p2a: Torterra|Torterra, F|100/100\n|turn|9\n|\n|t:|1695177583\n|move|p1a: Gholdengo|Nasty Plot|p1a: Gholdengo\n|-boost|p1a: Gholdengo|spa|2\n|move|p2a: Torterra|Shell Smash|p2a: Torterra\n|-unboost|p2a: Torterra|def|1\n|-unboost|p2a: Torterra|spd|1\n|-boost|p2a: Torterra|atk|2\n|-boost|p2a: Torterra|spa|2\n|-boost|p2a: Torterra|spe|2\n|\n|upkeep\n|turn|10\n|\n|t:|1695177596\n|move|p2a: Torterra|Earthquake|p1a: Gholdengo\n|-damage|p1a: Gholdengo|0 fnt\n|faint|p1a: Gholdengo\n|\n|upkeep\n|\n|t:|1695177603\n|switch|p1a: Iron Valiant|Iron Valiant|32/100\n|-damage|p1a: Iron Valiant|25/100|[from] Stealth Rock\n|turn|11\n|\n|t:|1695177616\n|move|p1a: Iron Valiant|Moonblast|p2a: Torterra\n|-damage|p2a: Torterra|16/100\n|move|p2a: Torterra|Earthquake|p1a: Iron Valiant\n|-damage|p1a: Iron Valiant|0 fnt\n|faint|p1a: Iron Valiant\n|-end|p1a: Iron Valiant|Quark Drive|[silent]\n|\n|upkeep\n|\n|t:|1695177622\n|switch|p1a: Cinderace|Cinderace, F|100/100\n|turn|12\n|\n|t:|1695177627\n|move|p1a: Cinderace|Sucker Punch|p2a: Torterra\n|-start|p1a: Cinderace|typechange|Dark|[from] ability: Libero\n|-damage|p2a: Torterra|0 fnt\n|faint|p2a: Torterra\n|\n|upkeep\n|\n|t:|1695177636\n|switch|p2a: Dragonite|Dragonite, M|48/100\n|turn|13\n|\n|t:|1695177642\n|switch|p1a: Okidogi|Okidogi, M|100/100\n|-damage|p1a: Okidogi|94/100|[from] Stealth Rock\n|move|p2a: Dragonite|Extreme Speed|p1a: Okidogi\n|-damage|p1a: Okidogi|56/100\n|\n|-heal|p1a: Okidogi|62/100|[from] item: Leftovers\n|upkeep\n|turn|14\n|\n|t:|1695177652\n|switch|p2a: Shiftry|Shiftry, M|100/100\n|move|p1a: Okidogi|Bulk Up|p1a: Okidogi\n|-boost|p1a: Okidogi|atk|1\n|-boost|p1a: Okidogi|def|1\n|\n|-heal|p1a: Okidogi|68/100|[from] item: Leftovers\n|upkeep\n|turn|15\n|\n|t:|1695177666\n|move|p2a: Shiftry|Tailwind|p2a: Shiftry\n|-sidestart|p2: Jextrex16|move: Tailwind\n|-ability|p2a: Shiftry|Wind Rider|boost\n|-boost|p2a: Shiftry|atk|1\n|move|p1a: Okidogi|Drain Punch|p2a: Shiftry\n|-supereffective|p2a: Shiftry\n|-damage|p2a: Shiftry|0 fnt\n|-heal|p1a: Okidogi|100/100|[from] drain|[of] p2a: Shiftry\n|faint|p2a: Shiftry\n|\n|upkeep\n|\n|t:|1695177672\n|switch|p2a: Dragonite|Dragonite, M|48/100\n|turn|16\n|\n|t:|1695177680\n|move|p2a: Dragonite|Earthquake|p1a: Okidogi\n|-supereffective|p1a: Okidogi\n|-damage|p1a: Okidogi|38/100\n|move|p1a: Okidogi|Knock Off|p2a: Dragonite\n|-damage|p2a: Dragonite|0 fnt\n|-enditem|p2a: Dragonite|Choice Band|[from] move: Knock Off|[of] p1a: Okidogi\n|faint|p2a: Dragonite\n|\n|win|Hannibal13arca\n|raw|Hannibal13arca's rating: 1116 &rarr; <strong>1148</strong><br />(+32 for winning)\n|raw|Jextrex16's rating: 1216 &rarr; <strong>1184</strong><br />(-32 for losing)\n|l|\u2606Jextrex16\n", "uploadtime": 1695177696, "views": 2, "p1id": "hannibal13arca", "p2id": "jextrex16", "formatid": "gen9ou", "rating": 1148, "private": 0, "password": ""}