{"id": "gen9ou-1947580634", "p1": "Gray135", "p2": "BotBuilder07", "format": "gen9ou", "log": "|j|\u2606Gray135\n|j|\u2606BotBuilder07\n|t:|1695174587\n|gametype|singles\n|player|p1|Gray135|marlon|\n|player|p2|BotBuilder07|2|\n|teamsize|p1|6\n|teamsize|p2|6\n|gen|9\n|tier|[Gen 9] OU\n|rule|Sleep Clause Mod: Limit one foe put to sleep\n|rule|Species Clause: Limit one of each Pok\u00e9mon\n|rule|OHKO Clause: OHKO moves are banned\n|rule|Evasion Items Clause: Evasion items are banned\n|rule|Evasion Moves Clause: Evasion moves are banned\n|rule|Endless Battle Clause: Forcing endless battles is banned\n|rule|HP Percentage Mod: HP is shown in percentages\n|clearpoke\n|poke|p1|Grimmsnarl, M|\n|poke|p1|Kingambit, M|\n|poke|p1|Ogerpon-Hearthflame, F|\n|poke|p1|Iron Hands|\n|poke|p1|Munkidori, M|\n|poke|p1|Garganacl, M|\n|poke|p2|Okidogi, M|\n|poke|p2|Samurott-Hisui, M|\n|poke|p2|Zoroark-Hisui, F|\n|poke|p2|Mimikyu, F|\n|poke|p2|Ditto|\n|poke|p2|Lycanroc-Dusk, M|\n|teampreview\n|inactive|Battle timer is ON: inactive players will automatically lose when time's up. (requested by BotBuilder07)\n|j| Louiso1\n|\n|t:|1695174621\n|start\n|switch|p1a: mmm mounky|Munkidori, M|100/100\n|switch|p2a: Samurott|Samurott-Hisui, M|100/100\n|turn|1\n|\n|t:|1695174648\n|move|p2a: Samurott|U-turn|p1a: mmm mounky\n|-damage|p1a: mmm mounky|86/100\n|\n|t:|1695174665\n|switch|p2a: Doggy|Okidogi, M, shiny|100/100|[from] U-turn\n|move|p1a: mmm mounky|Nasty Plot|p1a: mmm mounky\n|-boost|p1a: mmm mounky|spa|2\n|\n|upkeep\n|turn|2\n|c|\u2606BotBuilder07|ok\n|inactive|Gray135 has 270 seconds left.\n|\n|t:|1695174687\n|move|p2a: Doggy|Knock Off|p1a: mmm mounky\n|-supereffective|p1a: mmm mounky\n|-damage|p1a: mmm mounky|4/100\n|-enditem|p1a: mmm mounky|Life Orb|[from] move: Knock Off|[of] p2a: Doggy\n|move|p1a: mmm mounky|Hex|p2a: Doggy\n|-damage|p2a: Doggy|58/100\n|\n|upkeep\n|turn|3\n|\n|t:|1695174697\n|move|p1a: mmm mounky|Protect|p1a: mmm mounky\n|-singleturn|p1a: mmm mounky|Protect\n|move|p2a: Doggy|Knock Off|p1a: mmm mounky\n|-activate|p1a: mmm mounky|move: Protect\n|\n|upkeep\n|turn|4\n|\n|t:|1695174704\n|move|p2a: Doggy|Knock Off|p1a: mmm mounky\n|-supereffective|p1a: mmm mounky\n|-crit|p1a: mmm mounky\n|-damage|p1a: mmm mounky|0 fnt\n|faint|p1a: mmm mounky\n|\n|upkeep\n|c|\u2606BotBuilder07|he is a good pup\n|inactive|Gray135 has 270 seconds left.\n|\n|t:|1695174720\n|switch|p1a: Titanium Mits|Iron Hands|100/100\n|turn|5\n|c| Louiso1|if yoii\n|c| Louiso1|are\n|c| Louiso1|reading\n|c| Louiso1|this\n|c| Louiso1|ytou\n|c| Louiso1|are\\\n|\n|t:|1695174736\n|switch|p2a: Mimikyu|Mimikyu, F, shiny|100/100\n|move|p1a: Titanium Mits|Earthquake|p2a: Mimikyu\n|-activate|p2a: Mimikyu|ability: Disguise\n|-damage|p2a: Mimikyu|100/100\n|detailschange|p2a: Mimikyu|Mimikyu-Busted, F, shiny\n|-damage|p2a: Mimikyu|88/100|[from] pokemon: Mimikyu-Busted\n|\n|upkeep\n|turn|6\n|inactive|Gray135 has 270 seconds left.\n|\n|t:|1695174763\n|move|p2a: Mimikyu|Play Rough|p1a: Titanium Mits\n|-supereffective|p1a: Titanium Mits\n|-damage|p1a: Titanium Mits|41/100\n|-damage|p2a: Mimikyu|78/100|[from] item: Life Orb\n|move|p1a: Titanium Mits|Earthquake|p2a: Mimikyu\n|-damage|p2a: Mimikyu|10/100\n|\n|upkeep\n|turn|7\n|inactive|Gray135 has 270 seconds left.\n|\n|t:|1695174774\n|move|p2a: Mimikyu|Play Rough|p1a: Titanium Mits\n|-supereffective|p1a: Titanium Mits\n|-damage|p1a: Titanium Mits|0 fnt\n|faint|p1a: Titanium Mits\n|-end|p1a: Titanium Mits|Quark Drive|[silent]\n|-damage|p2a: Mimikyu|0 fnt|[from] item: Life Orb\n|faint|p2a: Mimikyu\n|\n|upkeep\n|inactive|Gray135 has 270 seconds left.\n|\n|t:|1695174787\n|switch|p2a: Samurott|Samurott-Hisui, M|100/100\n|switch|p1a: grim|Grimmsnarl, M|100/100\n|turn|8\n|\n|t:|1695174797\n|move|p1a: grim|Taunt|p2a: Samurott\n|-hint|Since gen 7, Dark is immune to Prankster moves.\n|-immune|p2a: Samurott\n|move|p2a: Samurott|Razor Shell|p1a: grim\n|-damage|p1a: grim|41/100\n|\n|upkeep\n|turn|9\n|j| ZMLD\n|\n|t:|1695174806\n|move|p1a: grim|Reflect|p1a: grim\n|-sidestart|p1: Gray135|Reflect\n|move|p2a: Samurott|Razor Shell|p1a: grim\n|-damage|p1a: grim|9/100\n|-unboost|p1a: grim|def|1\n|\n|upkeep\n|turn|10\n|c|\u2606Gray135|SHUT UP\n|\n|t:|1695174812\n|move|p1a: grim|Light Screen|p1a: grim\n|-sidestart|p1: Gray135|move: Light Screen\n|move|p2a: Samurott|Ceaseless Edge|p1a: grim\n|-resisted|p1a: grim\n|-damage|p1a: grim|0 fnt\n|-sidestart|p1: Gray135|Spikes\n|faint|p1a: grim\n|\n|upkeep\n|c|\u2606BotBuilder07|freee\n|c| ZMLD|go GRAY\n|inactive|Gray135 has 270 seconds left.\n|\n|t:|1695174835\n|switch|p1a: Salt bays return|Garganacl, M|100/100\n|-damage|p1a: Salt bays return|88/100|[from] Spikes\n|turn|11\n|\n|t:|1695174840\n|move|p2a: Samurott|Knock Off|p1a: Salt bays return\n|-damage|p1a: Salt bays return|75/100\n|-enditem|p1a: Salt bays return|Leftovers|[from] move: Knock Off|[of] p2a: Samurott\n|move|p1a: Salt bays return|Body Press|p2a: Samurott\n|-supereffective|p2a: Samurott\n|-damage|p2a: Samurott|29/100\n|\n|upkeep\n|turn|12\n|\n|t:|1695174850\n|move|p2a: Samurott|Razor Shell|p1a: Salt bays return\n|-supereffective|p1a: Salt bays return\n|-damage|p1a: Salt bays return|46/100\n|move|p1a: Salt bays return|Body Press|p2a: Samurott\n|-supereffective|p2a: Samurott\n|-damage|p2a: Samurott|0 fnt\n|faint|p2a: Samurott\n|\n|upkeep\n|\n|t:|1695174855\n|switch|p2a: Lycanroc|Lycanroc-Dusk, M|100/100\n|turn|13\n|\n|t:|1695174881\n|move|p2a: Lycanroc|Bitter Malice|p1a: Salt bays return\n|-damage|p1a: Salt bays return|33/100\n|-unboost|p1a: Salt bays return|atk|1\n|move|p1a: Salt bays return|Recover|p1a: Salt bays return\n|-heal|p1a: Salt bays return|83/100\n|\n|upkeep\n|turn|14\n|\n|t:|1695174894\n|switch|p2a: Ditto|Ditto, shiny|100/100\n|-transform|p2a: Ditto|p1a: Salt bays return|[from] ability: Imposter\n|move|p1a: Salt bays return|Salt Cure|p2a: Ditto\n|-damage|p2a: Ditto|91/100\n|-start|p2a: Ditto|Salt Cure\n|\n|-damage|p2a: Ditto|79/100|[from] Salt Cure\n|upkeep\n|turn|15\n|\n|t:|1695174904\n|move|p2a: Ditto|Salt Cure|p1a: Salt bays return\n|-damage|p1a: Salt bays return|81/100\n|-start|p1a: Salt bays return|Salt Cure\n|move|p1a: Salt bays return|Iron Defense|p1a: Salt bays return\n|-boost|p1a: Salt bays return|def|2\n|\n|-damage|p2a: Ditto|67/100|[from] Salt Cure\n|-damage|p1a: Salt bays return|68/100|[from] Salt Cure\n|upkeep\n|turn|16\n|\n|t:|1695174914\n|switch|p2a: Lycanroc|Lycanroc-Dusk, M|100/100\n|move|p1a: Salt bays return|Iron Defense|p1a: Salt bays return\n|-boost|p1a: Salt bays return|def|2\n|\n|-damage|p1a: Salt bays return|56/100|[from] Salt Cure\n|-sideend|p1: Gray135|Reflect\n|upkeep\n|turn|17\n|\n|t:|1695174935\n|move|p2a: Lycanroc|U-turn|p1a: Salt bays return\n|-damage|p1a: Salt bays return|53/100\n|\n|t:|1695174939\n|switch|p2a: Ditto|Ditto, shiny|67/100|[from] U-turn\n|-transform|p2a: Ditto|p1a: Salt bays return|[from] ability: Imposter\n|move|p1a: Salt bays return|Salt Cure|p2a: Ditto\n|-damage|p2a: Ditto|64/100\n|-start|p2a: Ditto|Salt Cure\n|\n|-damage|p2a: Ditto|52/100|[from] Salt Cure\n|-damage|p1a: Salt bays return|41/100|[from] Salt Cure\n|-sideend|p1: Gray135|move: Light Screen\n|upkeep\n|turn|18\n|\n|t:|1695174953\n|move|p2a: Ditto|Body Press|p1a: Salt bays return\n|-supereffective|p1a: Salt bays return\n|-damage|p1a: Salt bays return|10/100\n|move|p1a: Salt bays return|Recover|p1a: Salt bays return\n|-heal|p1a: Salt bays return|60/100\n|\n|-damage|p2a: Ditto|40/100|[from] Salt Cure\n|-damage|p1a: Salt bays return|48/100|[from] Salt Cure\n|upkeep\n|turn|19\n|\n|t:|1695174969\n|-terastallize|p1a: Salt bays return|Fairy\n|move|p2a: Ditto|Body Press|p1a: Salt bays return\n|-resisted|p1a: Salt bays return\n|-damage|p1a: Salt bays return|40/100\n|move|p1a: Salt bays return|Recover|p1a: Salt bays return\n|-heal|p1a: Salt bays return|90/100\n|\n|-damage|p2a: Ditto|27/100|[from] Salt Cure\n|-damage|p1a: Salt bays return|77/100|[from] Salt Cure\n|upkeep\n|turn|20\n|\n|t:|1695174987\n|switch|p2a: Lycanroc|Lycanroc-Dusk, M|100/100\n|move|p1a: Salt bays return|Iron Defense|p1a: Salt bays return\n|-boost|p1a: Salt bays return|def|2\n|\n|-damage|p1a: Salt bays return|65/100|[from] Salt Cure\n|upkeep\n|turn|21\n|\n|t:|1695174996\n|move|p2a: Lycanroc|Tera Blast|p1a: Salt bays return\n|-damage|p1a: Salt bays return|10/100\n|move|p1a: Salt bays return|Salt Cure|p2a: Lycanroc\n|-damage|p2a: Lycanroc|81/100\n|-start|p2a: Lycanroc|Salt Cure\n|replace|p2a: Zoroark|Zoroark-Hisui, F, shiny\n|-end|p2a: Zoroark|Illusion\n|\n|-damage|p2a: Zoroark|69/100|[from] Salt Cure\n|-damage|p1a: Salt bays return|0 fnt|[from] Salt Cure\n|faint|p1a: Salt bays return\n|upkeep\n|c|\u2606BotBuilder07|gottem\n|\n|t:|1695175010\n|switch|p1a: Yogert|Ogerpon-Hearthflame, F|100/100\n|-damage|p1a: Yogert|88/100|[from] Spikes\n|-ability|p1a: Yogert|Mold Breaker\n|turn|22\n|\n|t:|1695175019\n|move|p2a: Zoroark|Tera Blast|p1a: Yogert\n|-damage|p1a: Yogert|18/100\n|move|p1a: Yogert|Substitute|p1a: Yogert\n|-fail|p1a: Yogert|move: Substitute|[weak]\n|\n|-damage|p2a: Zoroark|57/100|[from] Salt Cure\n|upkeep\n|turn|23\n|c| Louiso1|...\n|\n|t:|1695175028\n|move|p1a: Yogert|Play Rough|p2a: Zoroark\n|-damage|p2a: Zoroark|0 fnt\n|faint|p2a: Zoroark\n|\n|upkeep\n|c|\u2606BotBuilder07|speed tie lol\n|\n|t:|1695175043\n|switch|p2a: Ditto|Ditto, shiny|27/100\n|-transform|p2a: Ditto|p1a: Yogert|[from] ability: Imposter\n|-ability|p2a: Ditto|Mold Breaker\n|turn|24\n|\n|t:|1695175051\n|move|p2a: Ditto|Ivy Cudgel|p1a: Yogert\n|-crit|p1a: Yogert\n|-damage|p1a: Yogert|0 fnt\n|faint|p1a: Yogert\n|\n|upkeep\n|\n|t:|1695175057\n|switch|p1a: kim|Kingambit, M|100/100\n|-damage|p1a: kim|88/100|[from] Spikes\n|-activate|p1a: kim|ability: Supreme Overlord\n|-start|p1a: kim|fallen5|[silent]\n|turn|25\n|c| ZMLD|amazing ditto use\n|\n|t:|1695175063\n|move|p1a: kim|Sucker Punch|p2a: Ditto\n|-damage|p2a: Ditto|0 fnt\n|faint|p2a: Ditto\n|\n|-heal|p1a: kim|94/100|[from] item: Leftovers\n|upkeep\n|\n|t:|1695175070\n|switch|p2a: Doggy|Okidogi, M, shiny|58/100\n|turn|26\n|\n|t:|1695175078\n|move|p1a: kim|Sucker Punch|p2a: Doggy\n|-resisted|p2a: Doggy\n|-damage|p2a: Doggy|31/100\n|move|p2a: Doggy|Close Combat|p1a: kim\n|-supereffective|p1a: kim\n|-damage|p1a: kim|0 fnt\n|-unboost|p2a: Doggy|def|1\n|-unboost|p2a: Doggy|spd|1\n|faint|p1a: kim\n|-end|p1a: kim|fallen5|[silent]\n|\n|win|BotBuilder07\n|c|\u2606BotBuilder07|thanks\n|c|\u2606BotBuilder07|gg\n|l|\u2606Gray135\n|c|\u2606BotBuilder07|wp\n", "uploadtime": 1695175093, "views": 6, "p1id": "gray135", "p2id": "botbuilder07", "formatid": "gen9ou", "rating": 0, "private": 0, "password": ""}