{"id": "gen9ou-1947508947", "p1": "a2y", "p2": "abro hilo", "format": "gen9ou", "log": "|j|\u2606a2y\n|j|\u2606abro hilo\n|t:|1695167590\n|gametype|singles\n|player|p1|a2y|cynthia|1387\n|player|p2|abro hilo|pilot|1307\n|teamsize|p1|6\n|teamsize|p2|6\n|gen|9\n|tier|[Gen 9] OU\n|rated|\n|rule|Sleep Clause Mod: Limit one foe put to sleep\n|rule|Species Clause: Limit one of each Pok\u00e9mon\n|rule|OHKO Clause: OHKO moves are banned\n|rule|Evasion Items Clause: Evasion items are banned\n|rule|Evasion Moves Clause: Evasion moves are banned\n|rule|Endless Battle Clause: Forcing endless battles is banned\n|rule|HP Percentage Mod: HP is shown in percentages\n|clearpoke\n|poke|p1|Ursaluna-Bloodmoon, M|\n|poke|p1|Munkidori, M|\n|poke|p1|Ogerpon-Hearthflame, F|\n|poke|p1|Dragapult, F|\n|poke|p1|Iron Treads|\n|poke|p1|Mamoswine, M|\n|poke|p2|Torterra, F|\n|poke|p2|Volcanion|\n|poke|p2|Enamorus, F|\n|poke|p2|Glimmora, M|\n|poke|p2|Dragapult, F|\n|poke|p2|Jirachi|\n|teampreview\n|\n|t:|1695167609\n|start\n|switch|p1a: BLOOD|Ursaluna-Bloodmoon, M|100/100\n|switch|p2a: Glimmora|Glimmora, M|100/100\n|turn|1\n|\n|t:|1695167616\n|move|p2a: Glimmora|Stealth Rock|p1a: BLOOD\n|-sidestart|p1: a2y|move: Stealth Rock\n|move|p1a: BLOOD|Earth Power|p2a: Glimmora\n|-supereffective|p2a: Glimmora\n|-enditem|p2a: Glimmora|Focus Sash\n|-damage|p2a: Glimmora|1/100\n|\n|upkeep\n|turn|2\n|\n|t:|1695167620\n|move|p1a: BLOOD|Vacuum Wave|p2a: Glimmora\n|-damage|p2a: Glimmora|0 fnt\n|faint|p2a: Glimmora\n|\n|upkeep\n|\n|t:|1695167625\n|switch|p2a: Torterra|Torterra, F|100/100\n|turn|3\n|\n|t:|1695167645\n|switch|p1a: Dragapult|Dragapult, F|100/100\n|-damage|p1a: Dragapult|88/100|[from] Stealth Rock\n|move|p2a: Torterra|Bullet Seed|p1a: Dragapult\n|-resisted|p1a: Dragapult\n|-damage|p1a: Dragapult|81/100\n|-resisted|p1a: Dragapult\n|-damage|p1a: Dragapult|73/100\n|-resisted|p1a: Dragapult\n|-damage|p1a: Dragapult|65/100\n|-resisted|p1a: Dragapult\n|-damage|p1a: Dragapult|58/100\n|-hitcount|p1a: Dragapult|4\n|\n|upkeep\n|turn|4\n|\n|t:|1695167659\n|-terastallize|p2a: Torterra|Rock\n|move|p1a: Dragapult|Dragon Darts|p2a: Torterra\n|-damage|p2a: Torterra|77/100\n|-anim|p1a: Dragapult|Dragon Darts|p2a: Torterra\n|-damage|p2a: Torterra|49/100\n|move|p2a: Torterra|Shell Smash|p2a: Torterra\n|-unboost|p2a: Torterra|def|1\n|-unboost|p2a: Torterra|spd|1\n|-boost|p2a: Torterra|atk|2\n|-boost|p2a: Torterra|spa|2\n|-boost|p2a: Torterra|spe|2\n|-enditem|p1a: Dragapult|Mirror Herb\n|-boost|p1a: Dragapult|atk|2|[from] item: Mirror Herb\n|-boost|p1a: Dragapult|spa|2|[from] item: Mirror Herb\n|-boost|p1a: Dragapult|spe|2|[from] item: Mirror Herb\n|\n|upkeep\n|turn|5\n|\n|t:|1695167673\n|move|p1a: Dragapult|Dragon Darts|p2a: Torterra\n|-damage|p2a: Torterra|0 fnt\n|faint|p2a: Torterra\n|\n|upkeep\n|\n|t:|1695167676\n|switch|p2a: Jirachi|Jirachi|100/100\n|turn|6\n|\n|t:|1695167681\n|move|p1a: Dragapult|Phantom Force||[still]\n|-prepare|p1a: Dragapult|Phantom Force\n|move|p2a: Jirachi|Ice Punch|p1a: Dragapult|[miss]\n|-miss|p2a: Jirachi|p1a: Dragapult\n|\n|upkeep\n|turn|7\n|-message|abro hilo forfeited.\n|\n|win|a2y\n|raw|a2y's rating: 1387 &rarr; <strong>1402</strong><br />(+15 for winning)\n|raw|abro hilo's rating: 1307 &rarr; <strong>1292</strong><br />(-15 for losing)\n|l|\u2606abro hilo\n|j|\u2606abro hilo\n|player|p2|abro hilo|pilot\n", "uploadtime": 1695167690, "views": 1, "p1id": "a2y", "p2id": "abrohilo", "formatid": "gen9ou", "rating": 1292, "private": 0, "password": ""}