{"id": "gen9ou-1947678796", "p1": "dragonuggz20108!", "p2": "randomMonkey man", "format": "gen9ou", "log": "|j|\u2606dragonuggz20108!\n|j|\u2606randomMonkey man\n|t:|1695185891\n|gametype|singles\n|player|p1|dragonuggz20108!|preschooler|\n|player|p2|randomMonkey man|1|\n|teamsize|p1|6\n|teamsize|p2|6\n|gen|9\n|tier|[Gen 9] OU\n|rule|Sleep Clause Mod: Limit one foe put to sleep\n|rule|Species Clause: Limit one of each Pok\u00e9mon\n|rule|OHKO Clause: OHKO moves are banned\n|rule|Evasion Items Clause: Evasion items are banned\n|rule|Evasion Moves Clause: Evasion moves are banned\n|rule|Endless Battle Clause: Forcing endless battles is banned\n|rule|HP Percentage Mod: HP is shown in percentages\n|clearpoke\n|poke|p1|Thundurus-Therian, M|\n|poke|p1|Goodra-Hisui, F|\n|poke|p1|Cinderace, F|\n|poke|p1|Landorus-Therian, M|\n|poke|p1|Iron Valiant|\n|poke|p1|Kingambit, F|\n|poke|p2|Altaria, M|\n|poke|p2|Dragonite, M|\n|poke|p2|Zapdos-Galar|\n|poke|p2|Samurott-Hisui, F|\n|poke|p2|Dragapult, M|\n|poke|p2|Greninja-*, M|\n|teampreview\n|\n|t:|1695185902\n|start\n|switch|p1a: Thundurus|Thundurus-Therian, M|100/100\n|switch|p2a: Zapdos|Zapdos-Galar|100/100\n|turn|1\n|\n|t:|1695185921\n|move|p1a: Thundurus|Thunderbolt|p2a: Zapdos\n|-supereffective|p2a: Zapdos\n|-damage|p2a: Zapdos|0 fnt\n|faint|p2a: Zapdos\n|\n|upkeep\n|\n|t:|1695185971\n|switch|p2a: Dragapult|Dragapult, M|100/100\n|turn|2\n|c|\u2606dragonuggz20108!|!weak dragapult\n|c| dragonuggz20108!|/raw <div class=\"infobox\">Dragapult (ignoring abilities):<br /><span class=\"message-effect-weak\">Weaknesses</span>: Dark, Dragon, Fairy, Ghost, Ice<br /><span class=\"message-effect-resist\">Resistances</span>: Bug, Electric, Fire, Grass, Poison, Water<br /><span class=\"message-effect-immune\">Immunities</span>: Fighting, Normal, Trapping</div>\n|\n|t:|1695185987\n|switch|p1a: Goodra|Goodra-Hisui, F|100/100\n|move|p2a: Dragapult|Draco Meteor|p1a: Goodra\n|-damage|p1a: Goodra|78/100\n|-unboost|p2a: Dragapult|spa|2\n|\n|upkeep\n|turn|3\n|\n|t:|1695185998\n|move|p2a: Dragapult|Dragon Pulse|p1a: Goodra\n|-damage|p1a: Goodra|71/100\n|move|p1a: Goodra|Ice Beam|p2a: Dragapult\n|-supereffective|p2a: Dragapult\n|-damage|p2a: Dragapult|22/100\n|\n|upkeep\n|turn|4\n|\n|t:|1695186015\n|move|p1a: Goodra|Ice Beam|p2a: Dragapult\n|-supereffective|p2a: Dragapult\n|-damage|p2a: Dragapult|0 fnt\n|faint|p2a: Dragapult\n|\n|upkeep\n|\n|t:|1695186032\n|switch|p2a: Altaria|Altaria, M|100/100\n|turn|5\n|\n|t:|1695186038\n|move|p2a: Altaria|Brave Bird|p1a: Goodra\n|-resisted|p1a: Goodra\n|-damage|p1a: Goodra|53/100\n|-damage|p2a: Altaria|94/100|[from] Recoil\n|move|p1a: Goodra|Ice Beam|p2a: Altaria\n|-supereffective|p2a: Altaria\n|-crit|p2a: Altaria\n|-damage|p2a: Altaria|0 fnt\n|faint|p2a: Altaria\n|\n|upkeep\n|\n|t:|1695186047\n|switch|p2a: Dragonite|Dragonite, M|100/100\n|turn|6\n|\n|t:|1695186053\n|move|p2a: Dragonite|Draco Meteor|p1a: Goodra|[miss]\n|-miss|p2a: Dragonite|p1a: Goodra\n|move|p1a: Goodra|Ice Beam|p2a: Dragonite\n|-supereffective|p2a: Dragonite\n|-damage|p2a: Dragonite|0 fnt\n|faint|p2a: Dragonite\n|\n|upkeep\n|\n|t:|1695186060\n|switch|p2a: Samurott|Samurott-Hisui, F|100/100\n|turn|7\n|c|\u2606dragonuggz20108!|!weak samurott-hisui\n|c| dragonuggz20108!|/raw <div class=\"infobox\">Samurott-Hisui (ignoring abilities):<br /><span class=\"message-effect-weak\">Weaknesses</span>: Bug, Electric, Fairy, Fighting, Grass<br /><span class=\"message-effect-resist\">Resistances</span>: Dark, Fire, Ghost, Ice, Steel, Water<br /><span class=\"message-effect-immune\">Immunities</span>: Psychic, Prankster</div>\n|\n|t:|1695186076\n|switch|p1a: Iron Valiant|Iron Valiant|100/100\n|-enditem|p1a: Iron Valiant|Booster Energy\n|-activate|p1a: Iron Valiant|ability: Quark Drive|[fromitem]\n|-start|p1a: Iron Valiant|quarkdrivespe\n|move|p2a: Samurott|Aqua Jet|p1a: Iron Valiant\n|-damage|p1a: Iron Valiant|78/100\n|\n|upkeep\n|turn|8\n|\n|t:|1695186092\n|move|p1a: Iron Valiant|Close Combat|p2a: Samurott\n|-supereffective|p2a: Samurott\n|-damage|p2a: Samurott|0 fnt\n|-unboost|p1a: Iron Valiant|def|1\n|-unboost|p1a: Iron Valiant|spd|1\n|faint|p2a: Samurott\n|\n|upkeep\n|\n|t:|1695186102\n|switch|p2a: Greninja|Greninja, M|100/100\n|turn|9\n|\n|t:|1695186108\n|-terastallize|p2a: Greninja|Water\n|move|p1a: Iron Valiant|Close Combat|p2a: Greninja\n|-damage|p2a: Greninja|10/100\n|-unboost|p1a: Iron Valiant|def|1\n|-unboost|p1a: Iron Valiant|spd|1\n|move|p2a: Greninja|Hydro Pump|p1a: Iron Valiant\n|-damage|p1a: Iron Valiant|0 fnt\n|faint|p1a: Iron Valiant\n|-end|p1a: Iron Valiant|Quark Drive|[silent]\n|-ability|p2a: Greninja|Battle Bond|boost\n|-boost|p2a: Greninja|atk|1\n|-boost|p2a: Greninja|spa|1\n|-boost|p2a: Greninja|spe|1\n|-activate|p2a: Greninja|ability: Battle Bond\n|\n|upkeep\n|\n|t:|1695186121\n|switch|p1a: Kingambit|Kingambit, F|100/100\n|-activate|p1a: Kingambit|ability: Supreme Overlord\n|-start|p1a: Kingambit|fallen1|[silent]\n|-item|p1a: Kingambit|Air Balloon\n|turn|10\n|\n|t:|1695186128\n|move|p1a: Kingambit|Sucker Punch|p2a: Greninja\n|-crit|p2a: Greninja\n|-damage|p2a: Greninja|0 fnt\n|faint|p2a: Greninja\n|\n|win|dragonuggz20108!\n|l|\u2606randomMonkey man\n", "uploadtime": 1695186138, "views": 6, "p1id": "dragonuggz20108", "p2id": "randommonkeyman", "formatid": "gen9ou", "rating": 0, "private": 0, "password": ""}