{"id": "gen9ou-1947678462", "p1": "Shedinjanigans", "p2": "Use Guard Specs", "format": "gen9ou", "log": "|j|\u2606Shedinjanigans\n|j|\u2606Use Guard Specs\n|inactive|Battle timer is ON: inactive players will automatically lose when time's up.\n|t:|1695185843\n|gametype|singles\n|player|p1|Shedinjanigans|clown|\n|player|p2|Use Guard Specs|tate|\n|teamsize|p1|4\n|teamsize|p2|4\n|gen|9\n|tier|[Gen 9] OU\n|rated|Tournament battle\n|rule|Sleep Clause Mod: Limit one foe put to sleep\n|rule|Species Clause: Limit one of each Pok\u00e9mon\n|rule|OHKO Clause: OHKO moves are banned\n|rule|Evasion Items Clause: Evasion items are banned\n|rule|Evasion Moves Clause: Evasion moves are banned\n|rule|Endless Battle Clause: Forcing endless battles is banned\n|rule|HP Percentage Mod: HP is shown in percentages\n|clearpoke\n|poke|p1|Mabosstiff, M|\n|poke|p1|Overqwil, M|\n|poke|p1|Dragonite, F|\n|poke|p1|Magnemite|\n|poke|p2|Inteleon, M|\n|poke|p2|Hydreigon, F|\n|poke|p2|Misdreavus, F|\n|poke|p2|Surskit, M|\n|teampreview\n|j|*Lady Monita\n|j| thisisusandus\n|\n|t:|1695185860\n|start\n|switch|p1a: Overqwil|Overqwil, M|100/100\n|switch|p2a: Surskit|Surskit, M|100/100\n|-ability|p1a: Overqwil|Intimidate|boost\n|-unboost|p2a: Surskit|atk|1\n|turn|1\n|\n|t:|1695185868\n|move|p1a: Overqwil|Crunch|p2a: Surskit\n|-enditem|p2a: Surskit|Focus Sash\n|-damage|p2a: Surskit|1/100\n|move|p2a: Surskit|Sticky Web|p1a: Overqwil\n|-sidestart|p1: Shedinjanigans|move: Sticky Web\n|\n|upkeep\n|turn|2\n|\n|t:|1695185875\n|move|p1a: Overqwil|Agility|p1a: Overqwil\n|-boost|p1a: Overqwil|spe|2\n|move|p2a: Surskit|Bug Buzz|p1a: Overqwil\n|-damage|p1a: Overqwil|57/100\n|\n|upkeep\n|turn|3\n|n| ffa goat|thisisusandus\n|\n|t:|1695185896\n|move|p1a: Overqwil|Crunch|p2a: Surskit\n|-damage|p2a: Surskit|0 fnt\n|faint|p2a: Surskit\n|\n|upkeep\n|\n|t:|1695185915\n|switch|p2a: Hydreigon|Hydreigon, F|100/100\n|turn|4\n|\n|t:|1695185922\n|-terastallize|p2a: Hydreigon|Poison\n|move|p1a: Overqwil|Destiny Bond|p1a: Overqwil\n|-singlemove|p1a: Overqwil|Destiny Bond\n|move|p2a: Hydreigon|Draco Meteor|p1a: Overqwil\n|-damage|p1a: Overqwil|0 fnt\n|-unboost|p2a: Hydreigon|spa|2\n|faint|p1a: Overqwil\n|-activate|p1a: Overqwil|move: Destiny Bond\n|faint|p2a: Hydreigon\n|\n|upkeep\n|\n|t:|1695185928\n|switch|p2a: Misdreavus|Misdreavus, F|100/100\n|switch|p1a: Mabosstiff|Mabosstiff, M|100/100\n|-activate|p1a: Mabosstiff|move: Sticky Web\n|-unboost|p1a: Mabosstiff|spe|1\n|-ability|p1a: Mabosstiff|Intimidate|boost\n|-unboost|p2a: Misdreavus|atk|1\n|turn|5\n|\n|t:|1695185940\n|move|p2a: Misdreavus|Will-O-Wisp|p1a: Mabosstiff\n|-status|p1a: Mabosstiff|brn\n|move|p1a: Mabosstiff|Trailblaze|p2a: Misdreavus\n|-damage|p2a: Misdreavus|92/100\n|-boost|p1a: Mabosstiff|spe|1\n|\n|-damage|p1a: Mabosstiff|95/100 brn|[from] brn\n|upkeep\n|turn|6\n|\n|t:|1695185947\n|move|p1a: Mabosstiff|Trailblaze|p2a: Misdreavus\n|-damage|p2a: Misdreavus|84/100\n|-boost|p1a: Mabosstiff|spe|1\n|move|p2a: Misdreavus|Draining Kiss|p1a: Mabosstiff\n|-supereffective|p1a: Mabosstiff\n|-damage|p1a: Mabosstiff|49/100 brn\n|-heal|p2a: Misdreavus|100/100|[from] drain|[of] p1a: Mabosstiff\n|\n|-damage|p1a: Mabosstiff|43/100 brn|[from] brn\n|upkeep\n|turn|7\n|\n|t:|1695185958\n|move|p1a: Mabosstiff|Destiny Bond|p1a: Mabosstiff\n|-singlemove|p1a: Mabosstiff|Destiny Bond\n|move|p2a: Misdreavus|Draining Kiss|p1a: Mabosstiff\n|-supereffective|p1a: Mabosstiff\n|-damage|p1a: Mabosstiff|2/100 brn\n|\n|-damage|p1a: Mabosstiff|0 fnt|[from] brn\n|faint|p1a: Mabosstiff\n|upkeep\n|\n|t:|1695185964\n|switch|p1a: Magnemite|Magnemite|100/100\n|-activate|p1a: Magnemite|move: Sticky Web\n|-unboost|p1a: Magnemite|spe|1\n|turn|8\n|\n|t:|1695185972\n|move|p2a: Misdreavus|Calm Mind|p2a: Misdreavus\n|-boost|p2a: Misdreavus|spa|1\n|-boost|p2a: Misdreavus|spd|1\n|move|p1a: Magnemite|Steel Beam|p2a: Misdreavus\n|-damage|p2a: Misdreavus|64/100\n|-damage|p1a: Magnemite|50/100|[from] steelbeam\n|\n|upkeep\n|turn|9\n|\n|t:|1695185981\n|move|p2a: Misdreavus|Calm Mind|p2a: Misdreavus\n|-boost|p2a: Misdreavus|spa|1\n|-boost|p2a: Misdreavus|spd|1\n|move|p1a: Magnemite|Steel Beam|p2a: Misdreavus|[miss]\n|-miss|p1a: Magnemite|p2a: Misdreavus\n|-damage|p1a: Magnemite|0 fnt|[from] steelbeam\n|faint|p1a: Magnemite\n|\n|upkeep\n|\n|t:|1695185983\n|switch|p1a: Dragonite|Dragonite, F|100/100\n|turn|10\n|\n|t:|1695185992\n|-terastallize|p1a: Dragonite|Steel\n|move|p1a: Dragonite|Substitute|p1a: Dragonite\n|-start|p1a: Dragonite|Substitute\n|-damage|p1a: Dragonite|76/100\n|move|p2a: Misdreavus|Will-O-Wisp||[still]\n|-fail|p2a: Misdreavus\n|\n|-heal|p1a: Dragonite|82/100|[from] item: Leftovers\n|upkeep\n|turn|11\n|\n|t:|1695186001\n|move|p1a: Dragonite|Dragon Dance|p1a: Dragonite\n|-boost|p1a: Dragonite|atk|1\n|-boost|p1a: Dragonite|spe|1\n|move|p2a: Misdreavus|Shadow Ball|p1a: Dragonite\n|-end|p1a: Dragonite|Substitute\n|\n|-heal|p1a: Dragonite|88/100|[from] item: Leftovers\n|upkeep\n|turn|12\n|\n|t:|1695186005\n|move|p1a: Dragonite|Fly||[still]\n|-prepare|p1a: Dragonite|Fly\n|move|p2a: Misdreavus|Shadow Ball|p1a: Dragonite|[miss]\n|-miss|p2a: Misdreavus|p1a: Dragonite\n|\n|-heal|p1a: Dragonite|94/100|[from] item: Leftovers\n|upkeep\n|turn|13\n|\n|t:|1695186011\n|move|p1a: Dragonite|Fly|p2a: Misdreavus|[from]lockedmove\n|-damage|p2a: Misdreavus|0 fnt\n|faint|p2a: Misdreavus\n|\n|-heal|p1a: Dragonite|100/100|[from] item: Leftovers\n|upkeep\n|\n|t:|1695186014\n|switch|p2a: Inteleon|Inteleon, M|100/100\n|turn|14\n|\n|t:|1695186018\n|move|p1a: Dragonite|Fly||[still]\n|-prepare|p1a: Dragonite|Fly\n|move|p2a: Inteleon|Snipe Shot|p1a: Dragonite|[miss]\n|-miss|p2a: Inteleon|p1a: Dragonite\n|\n|upkeep\n|turn|15\n|j| Rarh2\n|\n|t:|1695186021\n|move|p1a: Dragonite|Fly|p2a: Inteleon|[from]lockedmove\n|-damage|p2a: Inteleon|0 fnt\n|faint|p2a: Inteleon\n|\n|win|Shedinjanigans\n|n|\u2606Shedinjanigans|shedinjanigans\n|n|\u2606Use Guard Specs|useguardspecs\n|n|*Lady Monita|ladymonita\n|n| ffa goat|ffagoat\n|n| Rarh2|rarh2\n", "uploadtime": 1695186022, "views": 5, "p1id": "shedinjanigans", "p2id": "useguardspecs", "formatid": "gen9ou", "rating": 0, "private": 0, "password": ""}