{"id": "gen9ou-1947686045", "p1": "magical dragon", "p2": "Dizzydwarf99", "format": "gen9ou", "log": "|j|\u2606magical dragon\n|j|\u2606Dizzydwarf99\n|t:|1695186938\n|gametype|singles\n|player|p1|magical dragon|clair|1547\n|player|p2|Dizzydwarf99|rood|1488\n|teamsize|p1|6\n|teamsize|p2|6\n|gen|9\n|tier|[Gen 9] OU\n|rated|\n|rule|Sleep Clause Mod: Limit one foe put to sleep\n|rule|Species Clause: Limit one of each Pok\u00e9mon\n|rule|OHKO Clause: OHKO moves are banned\n|rule|Evasion Items Clause: Evasion items are banned\n|rule|Evasion Moves Clause: Evasion moves are banned\n|rule|Endless Battle Clause: Forcing endless battles is banned\n|rule|HP Percentage Mod: HP is shown in percentages\n|clearpoke\n|poke|p1|Manaphy|\n|poke|p1|Frosmoth, M|\n|poke|p1|Gholdengo|\n|poke|p1|Great Tusk|\n|poke|p1|Ninetales-Alola, F|\n|poke|p1|Iron Moth|\n|poke|p2|Torterra, F|\n|poke|p2|Mandibuzz, F|\n|poke|p2|Empoleon, M|\n|poke|p2|Gliscor, F|\n|poke|p2|Dragapult, M|\n|poke|p2|Glimmora, M|\n|teampreview\n|inactive|Battle timer is ON: inactive players will automatically lose when time's up. (requested by Dizzydwarf99)\n|inactive|magical dragon also wants the timer to be on.\n|inactive|Dizzydwarf99 has 120 seconds left.\n|\n|t:|1695186972\n|start\n|switch|p1a: Great Tusk|Great Tusk|100/100\n|switch|p2a: Glimmora|Glimmora, M|100/100\n|turn|1\n|\n|t:|1695186974\n|move|p2a: Glimmora|Energy Ball|p1a: Great Tusk\n|-supereffective|p1a: Great Tusk\n|-damage|p1a: Great Tusk|16/100\n|-unboost|p1a: Great Tusk|spd|1\n|move|p1a: Great Tusk|Rapid Spin|p2a: Glimmora\n|-resisted|p2a: Glimmora\n|-damage|p2a: Glimmora|92/100\n|-boost|p1a: Great Tusk|spe|1\n|-activate|p2a: Glimmora|ability: Toxic Debris\n|-sidestart|p1: magical dragon|move: Toxic Spikes\n|-sideend|p1: magical dragon|Toxic Spikes|[from] move: Rapid Spin|[of] p1a: Great Tusk\n|\n|-heal|p1a: Great Tusk|22/100|[from] item: Leftovers\n|upkeep\n|turn|2\n|\n|t:|1695186984\n|switch|p2a: Gliscor|Gliscor, F|100/100\n|move|p1a: Great Tusk|Stealth Rock|p2a: Gliscor\n|-sidestart|p2: Dizzydwarf99|move: Stealth Rock\n|\n|-heal|p1a: Great Tusk|29/100|[from] item: Leftovers\n|-status|p2a: Gliscor|tox|[from] item: Toxic Orb\n|upkeep\n|turn|3\n|\n|t:|1695187001\n|-end|p1a: Great Tusk|Protosynthesis|[silent]\n|switch|p1a: Ninetales|Ninetales-Alola, F|100/100\n|-weather|Snow|[from] ability: Snow Warning|[of] p1a: Ninetales\n|move|p2a: Gliscor|Earthquake|p1a: Ninetales\n|-damage|p1a: Ninetales|72/100\n|\n|-weather|Snow|[upkeep]\n|upkeep\n|turn|4\n|\n|t:|1695187014\n|switch|p2a: Empoleon|Empoleon, M|100/100\n|-damage|p2a: Empoleon|94/100|[from] Stealth Rock\n|move|p1a: Ninetales|Aurora Veil|p1a: Ninetales\n|-sidestart|p1: magical dragon|move: Aurora Veil\n|\n|-weather|Snow|[upkeep]\n|-heal|p2a: Empoleon|100/100|[from] item: Leftovers\n|upkeep\n|turn|5\n|\n|t:|1695187036\n|switch|p1a: Gholdengo|Gholdengo|100/100\n|move|p2a: Empoleon|Flip Turn|p1a: Gholdengo\n|-damage|p1a: Gholdengo|92/100\n|\n|t:|1695187041\n|switch|p2a: Dragapult|Dragapult, M|100/100|[from] Flip Turn\n|-damage|p2a: Dragapult|88/100|[from] Stealth Rock\n|\n|-weather|Snow|[upkeep]\n|-heal|p1a: Gholdengo|98/100|[from] item: Leftovers\n|upkeep\n|turn|6\n|\n|t:|1695187044\n|move|p2a: Dragapult|Shadow Ball|p1a: Gholdengo\n|-supereffective|p1a: Gholdengo\n|-damage|p1a: Gholdengo|0 fnt\n|faint|p1a: Gholdengo\n|\n|-weather|Snow|[upkeep]\n|upkeep\n|\n|t:|1695187050\n|switch|p1a: Frosmoth|Frosmoth, M|100/100\n|turn|7\n|\n|t:|1695187054\n|move|p2a: Dragapult|Shadow Ball|p1a: Frosmoth\n|-damage|p1a: Frosmoth|33/100\n|move|p1a: Frosmoth|Quiver Dance|p1a: Frosmoth\n|-boost|p1a: Frosmoth|spa|1\n|-boost|p1a: Frosmoth|spd|1\n|-boost|p1a: Frosmoth|spe|1\n|\n|-weather|none\n|-heal|p1a: Frosmoth|39/100|[from] item: Leftovers\n|upkeep\n|turn|8\n|\n|t:|1695187059\n|switch|p2a: Empoleon|Empoleon, M|100/100\n|-damage|p2a: Empoleon|94/100|[from] Stealth Rock\n|move|p1a: Frosmoth|Quiver Dance|p1a: Frosmoth\n|-boost|p1a: Frosmoth|spa|1\n|-boost|p1a: Frosmoth|spd|1\n|-boost|p1a: Frosmoth|spe|1\n|\n|-heal|p1a: Frosmoth|45/100|[from] item: Leftovers\n|-heal|p2a: Empoleon|100/100|[from] item: Leftovers\n|upkeep\n|turn|9\n|\n|t:|1695187064\n|move|p1a: Frosmoth|Giga Drain|p2a: Empoleon\n|-damage|p2a: Empoleon|62/100\n|-heal|p1a: Frosmoth|71/100|[from] drain|[of] p2a: Empoleon\n|move|p2a: Empoleon|Surf|p1a: Frosmoth\n|-damage|p1a: Frosmoth|60/100\n|\n|-heal|p1a: Frosmoth|66/100|[from] item: Leftovers\n|-heal|p2a: Empoleon|68/100|[from] item: Leftovers\n|upkeep\n|turn|10\n|\n|t:|1695187068\n|move|p1a: Frosmoth|Giga Drain|p2a: Empoleon\n|-damage|p2a: Empoleon|30/100\n|-heal|p1a: Frosmoth|91/100|[from] drain|[of] p2a: Empoleon\n|move|p2a: Empoleon|Flip Turn|p1a: Frosmoth\n|-damage|p1a: Frosmoth|77/100\n|\n|t:|1695187070\n|switch|p2a: Mandibuzz|Mandibuzz, F|100/100|[from] Flip Turn\n|\n|-heal|p1a: Frosmoth|83/100|[from] item: Leftovers\n|upkeep\n|turn|11\n|\n|t:|1695187080\n|move|p1a: Frosmoth|Ice Beam|p2a: Mandibuzz\n|-supereffective|p2a: Mandibuzz\n|-damage|p2a: Mandibuzz|0 fnt\n|faint|p2a: Mandibuzz\n|\n|-heal|p1a: Frosmoth|89/100|[from] item: Leftovers\n|-sideend|p1: magical dragon|move: Aurora Veil\n|upkeep\n|-message|Dizzydwarf99 forfeited.\n|\n|win|magical dragon\n|raw|magical dragon's rating: 1547 &rarr; <strong>1564</strong><br />(+17 for winning)\n|raw|Dizzydwarf99's rating: 1488 &rarr; <strong>1471</strong><br />(-17 for losing)\n|l|\u2606Dizzydwarf99\n|l|\u2606magical dragon\n|j|\u2606magical dragon\n|player|p1|magical dragon|clair\n", "uploadtime": 1695187103, "views": 4, "p1id": "magicaldragon", "p2id": "dizzydwarf99", "formatid": "gen9ou", "rating": 1471, "private": 0, "password": ""}