{"id": "gen9ou-1947580828", "p1": "fiishing", "p2": "FoilFred", "format": "gen9ou", "log": "|j|\u2606fiishing\n|j|\u2606FoilFred\n|t:|1695174607\n|gametype|singles\n|player|p1|fiishing|lady|1419\n|player|p2|FoilFred|gambler|1393\n|teamsize|p1|6\n|teamsize|p2|6\n|gen|9\n|tier|[Gen 9] OU\n|rated|\n|rule|Sleep Clause Mod: Limit one foe put to sleep\n|rule|Species Clause: Limit one of each Pok\u00e9mon\n|rule|OHKO Clause: OHKO moves are banned\n|rule|Evasion Items Clause: Evasion items are banned\n|rule|Evasion Moves Clause: Evasion moves are banned\n|rule|Endless Battle Clause: Forcing endless battles is banned\n|rule|HP Percentage Mod: HP is shown in percentages\n|clearpoke\n|poke|p1|Zamazenta-*|\n|poke|p1|Moltres|\n|poke|p1|Ogerpon-Wellspring, F|\n|poke|p1|Great Tusk|\n|poke|p1|Clefable, M|\n|poke|p1|Ting-Lu|\n|poke|p2|Munkidori, M|\n|poke|p2|Ting-Lu|\n|poke|p2|Dragapult, M|\n|poke|p2|Iron Treads|\n|poke|p2|Dondozo, M|\n|poke|p2|Tornadus-Therian, M|\n|teampreview\n|inactive|Battle timer is ON: inactive players will automatically lose when time's up. (requested by fiishing)\n|\n|t:|1695174625\n|start\n|switch|p1a: Moltres|Moltres|100/100\n|switch|p2a: Dragapult|Dragapult, M|100/100\n|turn|1\n|\n|t:|1695174629\n|switch|p1a: Clefable|Clefable, M|100/100\n|move|p2a: Dragapult|U-turn|p1a: Clefable\n|-resisted|p1a: Clefable\n|-crit|p1a: Clefable\n|-damage|p1a: Clefable|91/100\n|\n|t:|1695174633\n|switch|p2a: Munkidori|Munkidori, M|100/100|[from] U-turn\n|\n|-heal|p1a: Clefable|97/100|[from] item: Leftovers\n|upkeep\n|turn|2\n|\n|t:|1695174650\n|switch|p1a: Ting-Lu|Ting-Lu|100/100\n|-ability|p1a: Ting-Lu|Vessel of Ruin\n|move|p2a: Munkidori|Sludge Wave|p1a: Ting-Lu\n|-resisted|p1a: Ting-Lu\n|-damage|p1a: Ting-Lu|91/100\n|-status|p1a: Ting-Lu|psn\n|\n|-heal|p1a: Ting-Lu|97/100 psn|[from] item: Leftovers\n|-damage|p1a: Ting-Lu|85/100 psn|[from] psn\n|upkeep\n|turn|3\n|inactive|fiishing has 120 seconds left.\n|\n|t:|1695174680\n|switch|p2a: Tornadus|Tornadus-Therian, M|100/100\n|move|p1a: Ting-Lu|Earthquake|p2a: Tornadus\n|-immune|p2a: Tornadus\n|\n|-heal|p1a: Ting-Lu|91/100 psn|[from] item: Leftovers\n|-damage|p1a: Ting-Lu|79/100 psn|[from] psn\n|upkeep\n|turn|4\n|inactive|fiishing has 120 seconds left.\n|\n|t:|1695174686\n|move|p2a: Tornadus|Taunt|p1a: Ting-Lu\n|-start|p1a: Ting-Lu|move: Taunt\n|cant|p1a: Ting-Lu|move: Taunt|Spikes\n|\n|-heal|p1a: Ting-Lu|85/100 psn|[from] item: Leftovers\n|-damage|p1a: Ting-Lu|72/100 psn|[from] psn\n|upkeep\n|turn|5\n|\n|t:|1695174694\n|switch|p1a: Moltres|Moltres|100/100\n|move|p2a: Tornadus|Knock Off|p1a: Moltres\n|-damage|p1a: Moltres|77/100\n|-status|p2a: Tornadus|brn|[from] ability: Flame Body|[of] p1a: Moltres\n|-enditem|p1a: Moltres|Heavy-Duty Boots|[from] move: Knock Off|[of] p2a: Tornadus\n|\n|-damage|p2a: Tornadus|94/100 brn|[from] brn\n|upkeep\n|turn|6\n|\n|t:|1695174701\n|move|p2a: Tornadus|U-turn|p1a: Moltres\n|-resisted|p1a: Moltres\n|-damage|p1a: Moltres|75/100\n|\n|t:|1695174704\n|switch|p2a: Ting-Lu|Ting-Lu|100/100|[from] U-turn\n|-ability|p2a: Ting-Lu|Vessel of Ruin\n|move|p1a: Moltres|Flamethrower|p2a: Ting-Lu\n|-damage|p2a: Ting-Lu|86/100\n|\n|-heal|p2a: Ting-Lu|92/100|[from] item: Leftovers\n|upkeep\n|turn|7\n|\n|t:|1695174712\n|move|p1a: Moltres|U-turn|p2a: Ting-Lu\n|-supereffective|p2a: Ting-Lu\n|-damage|p2a: Ting-Lu|76/100\n|\n|t:|1695174716\n|switch|p1a: Great Tusk|Great Tusk|100/100|[from] U-turn\n|move|p2a: Ting-Lu|Stealth Rock|p1a: Great Tusk\n|-sidestart|p1: fiishing|move: Stealth Rock\n|\n|-heal|p2a: Ting-Lu|82/100|[from] item: Leftovers\n|upkeep\n|turn|8\n|\n|t:|1695174730\n|-terastallize|p2a: Ting-Lu|Ghost\n|move|p1a: Great Tusk|Rapid Spin|p2a: Ting-Lu\n|-immune|p2a: Ting-Lu\n|move|p2a: Ting-Lu|Spikes|p1a: Great Tusk\n|-sidestart|p1: fiishing|Spikes\n|\n|-heal|p2a: Ting-Lu|88/100|[from] item: Leftovers\n|upkeep\n|turn|9\n|\n|t:|1695174735\n|move|p1a: Great Tusk|Knock Off|p2a: Ting-Lu\n|-supereffective|p2a: Ting-Lu\n|-damage|p2a: Ting-Lu|58/100\n|-enditem|p2a: Ting-Lu|Leftovers|[from] move: Knock Off|[of] p1a: Great Tusk\n|move|p2a: Ting-Lu|Ruination|p1a: Great Tusk\n|-damage|p1a: Great Tusk|50/100\n|\n|upkeep\n|turn|10\n|\n|t:|1695174743\n|move|p1a: Great Tusk|Earthquake|p2a: Ting-Lu\n|-damage|p2a: Ting-Lu|33/100\n|move|p2a: Ting-Lu|Spikes|p1a: Great Tusk\n|-sidestart|p1: fiishing|Spikes\n|\n|upkeep\n|turn|11\n|\n|t:|1695174747\n|move|p1a: Great Tusk|Earthquake|p2a: Ting-Lu\n|-damage|p2a: Ting-Lu|8/100\n|move|p2a: Ting-Lu|Spikes|p1a: Great Tusk\n|-sidestart|p1: fiishing|Spikes\n|\n|upkeep\n|turn|12\n|\n|t:|1695174751\n|move|p1a: Great Tusk|Earthquake|p2a: Ting-Lu\n|-damage|p2a: Ting-Lu|0 fnt\n|faint|p2a: Ting-Lu\n|\n|upkeep\n|\n|t:|1695174753\n|switch|p2a: Munkidori|Munkidori, M|100/100\n|turn|13\n|\n|t:|1695174759\n|-end|p1a: Great Tusk|Protosynthesis|[silent]\n|switch|p1a: Ting-Lu|Ting-Lu|72/100 psn\n|-damage|p1a: Ting-Lu|66/100 psn|[from] Stealth Rock\n|-damage|p1a: Ting-Lu|41/100 psn|[from] Spikes\n|-ability|p1a: Ting-Lu|Vessel of Ruin\n|move|p2a: Munkidori|Psychic|p1a: Ting-Lu\n|-immune|p1a: Ting-Lu\n|\n|-heal|p1a: Ting-Lu|48/100 psn|[from] item: Leftovers\n|-damage|p1a: Ting-Lu|35/100 psn|[from] psn\n|upkeep\n|turn|14\n|\n|t:|1695174768\n|switch|p2a: Iron Treads|Iron Treads|100/100\n|move|p1a: Ting-Lu|Rest|p1a: Ting-Lu\n|-status|p1a: Ting-Lu|slp|[from] move: Rest\n|-heal|p1a: Ting-Lu|100/100 slp|[silent]\n|\n|upkeep\n|turn|15\n|\n|t:|1695174776\n|switch|p1a: Zamazenta|Zamazenta|100/100\n|-ability|p1a: Zamazenta|Dauntless Shield|boost\n|-boost|p1a: Zamazenta|def|1\n|move|p2a: Iron Treads|Ice Spinner|p1a: Zamazenta\n|-damage|p1a: Zamazenta|84/100\n|\n|upkeep\n|turn|16\n|\n|t:|1695174782\n|-end|p2a: Iron Treads|Quark Drive|[silent]\n|switch|p2a: Dragapult|Dragapult, M|100/100\n|move|p1a: Zamazenta|Crunch|p2a: Dragapult\n|-supereffective|p2a: Dragapult\n|-damage|p2a: Dragapult|18/100\n|\n|upkeep\n|turn|17\n|\n|t:|1695174788\n|switch|p1a: Clefable|Clefable, M|97/100\n|move|p2a: Dragapult|Will-O-Wisp|p1a: Clefable\n|-status|p1a: Clefable|brn\n|\n|-heal|p1a: Clefable|100/100 brn|[from] item: Leftovers\n|upkeep\n|turn|18\n|\n|t:|1695174794\n|move|p2a: Dragapult|U-turn|p1a: Clefable\n|-resisted|p1a: Clefable\n|-damage|p1a: Clefable|94/100 brn\n|\n|t:|1695174797\n|switch|p2a: Munkidori|Munkidori, M|100/100|[from] U-turn\n|move|p1a: Clefable|Wish|p1a: Clefable\n|\n|-heal|p1a: Clefable|99/100 brn|[from] item: Leftovers\n|upkeep\n|turn|19\n|\n|t:|1695174810\n|switch|p1a: Ting-Lu|Ting-Lu|100/100 slp\n|-damage|p1a: Ting-Lu|94/100 slp|[from] Stealth Rock\n|-damage|p1a: Ting-Lu|69/100 slp|[from] Spikes\n|-ability|p1a: Ting-Lu|Vessel of Ruin\n|move|p2a: Munkidori|U-turn|p1a: Ting-Lu\n|-supereffective|p1a: Ting-Lu\n|-damage|p1a: Ting-Lu|56/100 slp\n|\n|t:|1695174817\n|switch|p2a: Dondozo|Dondozo, M|100/100|[from] U-turn\n|\n|-heal|p1a: Ting-Lu|94/100 slp|[from] move: Wish|[wisher] Clefable\n|-heal|p1a: Ting-Lu|99/100 slp|[from] item: Leftovers\n|upkeep\n|turn|20\n|\n|t:|1695174827\n|cant|p1a: Ting-Lu|slp\n|move|p2a: Dondozo|Liquidation|p1a: Ting-Lu\n|-supereffective|p1a: Ting-Lu\n|-crit|p1a: Ting-Lu\n|-damage|p1a: Ting-Lu|55/100 slp\n|\n|-heal|p1a: Ting-Lu|61/100 slp|[from] item: Leftovers\n|upkeep\n|turn|21\n|\n|t:|1695174837\n|cant|p1a: Ting-Lu|slp\n|move|p2a: Dondozo|Liquidation|p1a: Ting-Lu\n|-supereffective|p1a: Ting-Lu\n|-damage|p1a: Ting-Lu|28/100 slp\n|\n|-heal|p1a: Ting-Lu|35/100 slp|[from] item: Leftovers\n|upkeep\n|turn|22\n|\n|t:|1695174846\n|switch|p2a: Munkidori|Munkidori, M|100/100\n|-curestatus|p1a: Ting-Lu|slp|[msg]\n|move|p1a: Ting-Lu|Rest|p1a: Ting-Lu\n|-status|p1a: Ting-Lu|slp|[from] move: Rest\n|-heal|p1a: Ting-Lu|100/100 slp|[silent]\n|\n|upkeep\n|turn|23\n|\n|t:|1695174851\n|move|p2a: Munkidori|Focus Blast|p1a: Ting-Lu\n|-supereffective|p1a: Ting-Lu\n|-damage|p1a: Ting-Lu|66/100 slp\n|cant|p1a: Ting-Lu|slp\n|\n|-heal|p1a: Ting-Lu|72/100 slp|[from] item: Leftovers\n|upkeep\n|turn|24\n|\n|t:|1695174855\n|move|p2a: Munkidori|Focus Blast|p1a: Ting-Lu|[miss]\n|-miss|p2a: Munkidori|p1a: Ting-Lu\n|cant|p1a: Ting-Lu|slp\n|\n|-heal|p1a: Ting-Lu|78/100 slp|[from] item: Leftovers\n|upkeep\n|turn|25\n|\n|t:|1695174863\n|switch|p2a: Tornadus|Tornadus-Therian, M|100/100 brn\n|-curestatus|p1a: Ting-Lu|slp|[msg]\n|move|p1a: Ting-Lu|Earthquake|p2a: Tornadus\n|-immune|p2a: Tornadus\n|\n|-heal|p1a: Ting-Lu|85/100|[from] item: Leftovers\n|-damage|p2a: Tornadus|94/100 brn|[from] brn\n|upkeep\n|turn|26\n|\n|t:|1695174871\n|switch|p1a: Clefable|Clefable, M|99/100 brn\n|move|p2a: Tornadus|Knock Off|p1a: Clefable\n|-resisted|p1a: Clefable\n|-damage|p1a: Clefable|95/100 brn\n|-enditem|p1a: Clefable|Leftovers|[from] move: Knock Off|[of] p2a: Tornadus\n|\n|-damage|p2a: Tornadus|88/100 brn|[from] brn\n|upkeep\n|turn|27\n|\n|t:|1695174880\n|move|p2a: Tornadus|Taunt|p1a: Clefable\n|-start|p1a: Clefable|move: Taunt\n|cant|p1a: Clefable|move: Taunt|Wish\n|\n|-damage|p2a: Tornadus|82/100 brn|[from] brn\n|upkeep\n|turn|28\n|\n|t:|1695174883\n|move|p2a: Tornadus|U-turn|p1a: Clefable\n|-resisted|p1a: Clefable\n|-damage|p1a: Clefable|92/100 brn\n|\n|t:|1695174886\n|switch|p2a: Munkidori|Munkidori, M|100/100|[from] U-turn\n|move|p1a: Clefable|Moonblast|p2a: Munkidori\n|-resisted|p2a: Munkidori\n|-damage|p2a: Munkidori|83/100\n|\n|upkeep\n|turn|29\n|\n|t:|1695174895\n|switch|p1a: Ting-Lu|Ting-Lu|85/100\n|-damage|p1a: Ting-Lu|78/100|[from] Stealth Rock\n|-damage|p1a: Ting-Lu|53/100|[from] Spikes\n|-ability|p1a: Ting-Lu|Vessel of Ruin\n|move|p2a: Munkidori|Focus Blast|p1a: Ting-Lu\n|-supereffective|p1a: Ting-Lu\n|-damage|p1a: Ting-Lu|18/100\n|\n|-heal|p1a: Ting-Lu|25/100|[from] item: Leftovers\n|upkeep\n|turn|30\n|\n|t:|1695174905\n|move|p2a: Munkidori|Focus Blast|p1a: Ting-Lu\n|-supereffective|p1a: Ting-Lu\n|-damage|p1a: Ting-Lu|0 fnt\n|faint|p1a: Ting-Lu\n|\n|upkeep\n|\n|t:|1695174910\n|switch|p1a: Ogerpon|Ogerpon-Wellspring, F|100/100\n|-damage|p1a: Ogerpon|88/100|[from] Stealth Rock\n|-damage|p1a: Ogerpon|63/100|[from] Spikes\n|turn|31\n|\n|t:|1695174921\n|switch|p2a: Dragapult|Dragapult, M|18/100\n|move|p1a: Ogerpon|Ivy Cudgel|p2a: Dragapult\n|-resisted|p2a: Dragapult\n|-damage|p2a: Dragapult|0 fnt\n|faint|p2a: Dragapult\n|\n|upkeep\n|\n|t:|1695174926\n|switch|p2a: Munkidori|Munkidori, M|83/100\n|turn|32\n|\n|t:|1695174943\n|move|p2a: Munkidori|U-turn|p1a: Ogerpon\n|-supereffective|p1a: Ogerpon\n|-damage|p1a: Ogerpon|34/100\n|\n|t:|1695174948\n|switch|p2a: Tornadus|Tornadus-Therian, M|100/100 brn|[from] U-turn\n|move|p1a: Ogerpon|Ivy Cudgel|p2a: Tornadus\n|-damage|p2a: Tornadus|29/100 brn\n|\n|-damage|p2a: Tornadus|23/100 brn|[from] brn\n|upkeep\n|turn|33\n|\n|t:|1695174957\n|switch|p1a: Moltres|Moltres|75/100\n|-damage|p1a: Moltres|25/100|[from] Stealth Rock\n|move|p2a: Tornadus|Bleakwind Storm|p1a: Moltres\n|-damage|p1a: Moltres|0 fnt\n|faint|p1a: Moltres\n|\n|-damage|p2a: Tornadus|17/100 brn|[from] brn\n|upkeep\n|\n|t:|1695174962\n|switch|p1a: Clefable|Clefable, M|92/100 brn\n|turn|34\n|\n|t:|1695174965\n|move|p2a: Tornadus|U-turn|p1a: Clefable\n|-resisted|p1a: Clefable\n|-damage|p1a: Clefable|89/100 brn\n|\n|t:|1695174967\n|switch|p2a: Munkidori|Munkidori, M|83/100|[from] U-turn\n|move|p1a: Clefable|Moonblast|p2a: Munkidori\n|-resisted|p2a: Munkidori\n|-damage|p2a: Munkidori|64/100\n|\n|upkeep\n|turn|35\n|\n|t:|1695174971\n|move|p1a: Clefable|Protect|p1a: Clefable\n|-singleturn|p1a: Clefable|Protect\n|move|p2a: Munkidori|Sludge Wave|p1a: Clefable\n|-activate|p1a: Clefable|move: Protect\n|\n|upkeep\n|turn|36\n|\n|t:|1695174996\n|switch|p1a: Zamazenta|Zamazenta|84/100\n|move|p2a: Munkidori|Sludge Wave|p1a: Zamazenta\n|-damage|p1a: Zamazenta|39/100\n|-status|p1a: Zamazenta|tox|[from] ability: Toxic Chain|[of] p2a: Munkidori\n|\n|-damage|p1a: Zamazenta|33/100 tox|[from] psn\n|upkeep\n|turn|37\n|-message|fiishing forfeited.\n|\n|win|FoilFred\n|raw|fiishing's rating: 1419 &rarr; <strong>1398</strong><br />(-21 for losing)\n|raw|FoilFred's rating: 1393 &rarr; <strong>1414</strong><br />(+21 for winning)\n|l|\u2606fiishing\n", "uploadtime": 1695175007, "views": 5, "p1id": "fiishing", "p2id": "foilfred", "formatid": "gen9ou", "rating": 1398, "private": 0, "password": ""}