{"id": "gen9ou-1947506653", "p1": "lanbo's heart", "p2": "Mynameisjones1", "format": "gen9ou", "log": "|j|\u2606lanbo's heart\n|j|\u2606Mynameisjones1\n|t:|1695167370\n|gametype|singles\n|player|p1|lanbo's heart|lass-gen4dp|1271\n|player|p2|Mynameisjones1|1|1350\n|teamsize|p1|6\n|teamsize|p2|6\n|gen|9\n|tier|[Gen 9] OU\n|rated|\n|rule|Sleep Clause Mod: Limit one foe put to sleep\n|rule|Species Clause: Limit one of each Pok\u00e9mon\n|rule|OHKO Clause: OHKO moves are banned\n|rule|Evasion Items Clause: Evasion items are banned\n|rule|Evasion Moves Clause: Evasion moves are banned\n|rule|Endless Battle Clause: Forcing endless battles is banned\n|rule|HP Percentage Mod: HP is shown in percentages\n|clearpoke\n|poke|p1|Kingambit, F|\n|poke|p1|Roaring Moon|\n|poke|p1|Gholdengo|\n|poke|p1|Glimmora, F|\n|poke|p1|Iron Moth|\n|poke|p1|Great Tusk|\n|poke|p2|Ursaluna-Bloodmoon, M|\n|poke|p2|Armarouge, M|\n|poke|p2|Kingambit, M|\n|poke|p2|Rillaboom, F|\n|poke|p2|Zamazenta-*|\n|poke|p2|Grimmsnarl, M|\n|teampreview\n|inactive|Battle timer is ON: inactive players will automatically lose when time's up. (requested by lanbo's heart)\n|\n|t:|1695167377\n|start\n|switch|p1a: uhhh|Glimmora, F, shiny|100/100\n|switch|p2a: Grimmsnarl|Grimmsnarl, M|100/100\n|turn|1\n|\n|t:|1695167380\n|move|p2a: Grimmsnarl|Taunt|p1a: uhhh\n|-start|p1a: uhhh|move: Taunt\n|cant|p1a: uhhh|move: Taunt|Stealth Rock\n|\n|upkeep\n|turn|2\n|\n|t:|1695167394\n|move|p2a: Grimmsnarl|Light Screen|p2a: Grimmsnarl\n|-sidestart|p2: Mynameisjones1|move: Light Screen\n|move|p1a: uhhh|Sludge Wave|p2a: Grimmsnarl\n|-supereffective|p2a: Grimmsnarl\n|-damage|p2a: Grimmsnarl|65/100\n|\n|upkeep\n|turn|3\n|\n|t:|1695167397\n|move|p2a: Grimmsnarl|Reflect|p2a: Grimmsnarl\n|-sidestart|p2: Mynameisjones1|Reflect\n|move|p1a: uhhh|Mortal Spin|p2a: Grimmsnarl\n|-supereffective|p2a: Grimmsnarl\n|-damage|p2a: Grimmsnarl|58/100\n|-status|p2a: Grimmsnarl|psn\n|\n|-damage|p2a: Grimmsnarl|46/100 psn|[from] psn\n|-end|p1a: uhhh|move: Taunt\n|upkeep\n|turn|4\n|\n|t:|1695167401\n|move|p2a: Grimmsnarl|Parting Shot|p1a: uhhh\n|-unboost|p1a: uhhh|atk|1\n|-unboost|p1a: uhhh|spa|1\n|\n|t:|1695167414\n|switch|p2a: Ursaluna|Ursaluna-Bloodmoon, M|100/100|[from] Parting Shot\n|move|p1a: uhhh|Stealth Rock|p2a: Ursaluna\n|-sidestart|p2: Mynameisjones1|move: Stealth Rock\n|\n|upkeep\n|turn|5\n|\n|t:|1695167420\n|move|p1a: uhhh|Mortal Spin|p2a: Ursaluna\n|-resisted|p2a: Ursaluna\n|-damage|p2a: Ursaluna|99/100\n|-status|p2a: Ursaluna|psn\n|move|p2a: Ursaluna|Calm Mind|p2a: Ursaluna\n|-boost|p2a: Ursaluna|spa|1\n|-boost|p2a: Ursaluna|spd|1\n|\n|-heal|p2a: Ursaluna|100/100 psn|[from] item: Leftovers\n|-damage|p2a: Ursaluna|88/100 psn|[from] psn\n|upkeep\n|turn|6\n|\n|t:|1695167427\n|move|p1a: uhhh|Sludge Wave|p2a: Ursaluna\n|-resisted|p2a: Ursaluna\n|-damage|p2a: Ursaluna|81/100 psn\n|move|p2a: Ursaluna|Earth Power|p1a: uhhh\n|-supereffective|p1a: uhhh\n|-enditem|p1a: uhhh|Focus Sash\n|-damage|p1a: uhhh|1/100\n|\n|-heal|p2a: Ursaluna|87/100 psn|[from] item: Leftovers\n|-damage|p2a: Ursaluna|75/100 psn|[from] psn\n|upkeep\n|turn|7\n|\n|t:|1695167431\n|move|p2a: Ursaluna|Vacuum Wave|p1a: uhhh\n|-damage|p1a: uhhh|0 fnt\n|faint|p1a: uhhh\n|\n|-heal|p2a: Ursaluna|81/100 psn|[from] item: Leftovers\n|-damage|p2a: Ursaluna|69/100 psn|[from] psn\n|upkeep\n|inactive|lanbo's heart has 120 seconds left.\n|\n|t:|1695167466\n|switch|p1a: idk|Gholdengo, shiny|100/100\n|-item|p1a: idk|Air Balloon\n|turn|8\n|\n|t:|1695167478\n|move|p2a: Ursaluna|Vacuum Wave|p1a: idk\n|-supereffective|p1a: idk\n|-damage|p1a: idk|49/100\n|-enditem|p1a: idk|Air Balloon\n|move|p1a: idk|Focus Blast|p2a: Ursaluna\n|-supereffective|p2a: Ursaluna\n|-damage|p2a: Ursaluna|34/100 psn\n|\n|-heal|p2a: Ursaluna|40/100 psn|[from] item: Leftovers\n|-damage|p2a: Ursaluna|28/100 psn|[from] psn\n|upkeep\n|turn|9\n|\n|t:|1695167496\n|switch|p1a: when qd|Iron Moth, shiny|100/100\n|-enditem|p1a: when qd|Booster Energy\n|-activate|p1a: when qd|ability: Quark Drive|[fromitem]\n|-start|p1a: when qd|quarkdrivespe\n|move|p2a: Ursaluna|Vacuum Wave|p1a: when qd\n|-resisted|p1a: when qd\n|-damage|p1a: when qd|88/100\n|\n|-heal|p2a: Ursaluna|34/100 psn|[from] item: Leftovers\n|-damage|p2a: Ursaluna|22/100 psn|[from] psn\n|-sideend|p2: Mynameisjones1|move: Light Screen\n|upkeep\n|turn|10\n|\n|t:|1695167504\n|move|p1a: when qd|Substitute|p1a: when qd\n|-start|p1a: when qd|Substitute\n|-damage|p1a: when qd|63/100\n|move|p2a: Ursaluna|Blood Moon|p1a: when qd\n|-end|p1a: when qd|Substitute\n|\n|-heal|p2a: Ursaluna|28/100 psn|[from] item: Leftovers\n|-damage|p2a: Ursaluna|16/100 psn|[from] psn\n|-sideend|p2: Mynameisjones1|Reflect\n|upkeep\n|turn|11\n|\n|t:|1695167511\n|move|p1a: when qd|Fiery Dance|p2a: Ursaluna\n|-damage|p2a: Ursaluna|0 fnt\n|-boost|p1a: when qd|spa|1\n|faint|p2a: Ursaluna\n|\n|upkeep\n|\n|t:|1695167521\n|switch|p2a: Grimmsnarl|Grimmsnarl, M|46/100 psn\n|-damage|p2a: Grimmsnarl|33/100 psn|[from] Stealth Rock\n|turn|12\n|\n|t:|1695167525\n|move|p2a: Grimmsnarl|Light Screen|p2a: Grimmsnarl\n|-sidestart|p2: Mynameisjones1|move: Light Screen\n|move|p1a: when qd|Substitute|p1a: when qd\n|-start|p1a: when qd|Substitute\n|-damage|p1a: when qd|38/100\n|\n|-damage|p2a: Grimmsnarl|21/100 psn|[from] psn\n|upkeep\n|turn|13\n|\n|t:|1695167528\n|move|p2a: Grimmsnarl|Reflect|p2a: Grimmsnarl\n|-sidestart|p2: Mynameisjones1|Reflect\n|move|p1a: when qd|Fiery Dance|p2a: Grimmsnarl\n|-damage|p2a: Grimmsnarl|0 fnt\n|faint|p2a: Grimmsnarl\n|\n|upkeep\n|\n|t:|1695167555\n|switch|p2a: Zamazenta|Zamazenta|100/100\n|-damage|p2a: Zamazenta|94/100|[from] Stealth Rock\n|-ability|p2a: Zamazenta|Dauntless Shield|boost\n|-boost|p2a: Zamazenta|def|1\n|turn|14\n|\n|t:|1695167565\n|move|p1a: when qd|Dazzling Gleam|p2a: Zamazenta\n|-supereffective|p2a: Zamazenta\n|-damage|p2a: Zamazenta|60/100\n|move|p2a: Zamazenta|Iron Defense|p2a: Zamazenta\n|-boost|p2a: Zamazenta|def|2\n|\n|-heal|p2a: Zamazenta|66/100|[from] item: Leftovers\n|upkeep\n|turn|15\n|\n|t:|1695167575\n|move|p1a: when qd|Dazzling Gleam|p2a: Zamazenta\n|-supereffective|p2a: Zamazenta\n|-damage|p2a: Zamazenta|27/100\n|move|p2a: Zamazenta|Body Press|p1a: when qd\n|-resisted|p1a: when qd\n|-end|p1a: when qd|Substitute\n|\n|-heal|p2a: Zamazenta|33/100|[from] item: Leftovers\n|upkeep\n|turn|16\n|\n|t:|1695167583\n|move|p1a: when qd|Dazzling Gleam|p2a: Zamazenta\n|-supereffective|p2a: Zamazenta\n|-damage|p2a: Zamazenta|0 fnt\n|faint|p2a: Zamazenta\n|\n|upkeep\n|\n|t:|1695167585\n|switch|p2a: Armarouge|Armarouge, M|100/100\n|-damage|p2a: Armarouge|76/100|[from] Stealth Rock\n|turn|17\n|\n|t:|1695167591\n|move|p1a: when qd|Sludge Wave|p2a: Armarouge\n|-damage|p2a: Armarouge|30/100\n|move|p2a: Armarouge|Calm Mind|p2a: Armarouge\n|-boost|p2a: Armarouge|spa|1\n|-boost|p2a: Armarouge|spd|1\n|\n|upkeep\n|turn|18\n|\n|t:|1695167595\n|move|p1a: when qd|Sludge Wave|p2a: Armarouge\n|-damage|p2a: Armarouge|1/100\n|move|p2a: Armarouge|Stored Power|p1a: when qd\n|-supereffective|p1a: when qd\n|-damage|p1a: when qd|0 fnt\n|faint|p1a: when qd\n|-end|p1a: when qd|Quark Drive|[silent]\n|\n|upkeep\n|\n|t:|1695167601\n|switch|p1a: idk|Gholdengo, shiny|49/100\n|turn|19\n|\n|t:|1695167605\n|move|p1a: idk|Shadow Ball|p2a: Armarouge\n|-supereffective|p2a: Armarouge\n|-damage|p2a: Armarouge|0 fnt\n|faint|p2a: Armarouge\n|\n|-sideend|p2: Mynameisjones1|move: Light Screen\n|upkeep\n|\n|t:|1695167614\n|switch|p2a: Rillaboom|Rillaboom, F|100/100\n|-damage|p2a: Rillaboom|88/100|[from] Stealth Rock\n|-fieldstart|move: Grassy Terrain|[from] ability: Grassy Surge|[of] p2a: Rillaboom\n|turn|20\n|\n|t:|1695167621\n|move|p1a: idk|Make It Rain|p2a: Rillaboom\n|-damage|p2a: Rillaboom|11/100\n|-unboost|p1a: idk|spa|1\n|move|p2a: Rillaboom|Knock Off|p1a: idk\n|-supereffective|p1a: idk\n|-damage|p1a: idk|0 fnt\n|faint|p1a: idk\n|\n|-heal|p2a: Rillaboom|18/100|[from] Grassy Terrain\n|-sideend|p2: Mynameisjones1|Reflect\n|upkeep\n|-message|Mynameisjones1 forfeited.\n|\n|win|lanbo's heart\n|raw|lanbo&apos;s heart's rating: 1271 &rarr; <strong>1302</strong><br />(+31 for winning)\n|raw|Mynameisjones1's rating: 1350 &rarr; <strong>1326</strong><br />(-24 for losing)\n", "uploadtime": 1695167868, "views": 1, "p1id": "lanbosheart", "p2id": "mynameisjones1", "formatid": "gen9ou", "rating": 1302, "private": 0, "password": ""}