{"id": "gen9ou-1947542995", "p1": "Weewoosowew", "p2": "hhgjg", "format": "gen9ou", "log": "|j|\u2606Weewoosowew\n|j|\u2606hhgjg\n|t:|1695170944\n|gametype|singles\n|player|p1|Weewoosowew|wallace|1048\n|player|p2|hhgjg|ballguy|1000\n|teamsize|p1|6\n|teamsize|p2|6\n|gen|9\n|tier|[Gen 9] OU\n|rated|\n|rule|Sleep Clause Mod: Limit one foe put to sleep\n|rule|Species Clause: Limit one of each Pok\u00e9mon\n|rule|OHKO Clause: OHKO moves are banned\n|rule|Evasion Items Clause: Evasion items are banned\n|rule|Evasion Moves Clause: Evasion moves are banned\n|rule|Endless Battle Clause: Forcing endless battles is banned\n|rule|HP Percentage Mod: HP is shown in percentages\n|clearpoke\n|poke|p1|Empoleon, F|\n|poke|p1|Spidops, M|\n|poke|p1|Grimmsnarl, M|\n|poke|p1|Arcanine-Hisui, F|\n|poke|p1|Dragonite, F|\n|poke|p1|Munkidori, M|\n|poke|p2|Shiftry, M|\n|poke|p2|Tornadus, M|\n|poke|p2|Iron Moth|\n|poke|p2|Corviknight, F|\n|poke|p2|Brambleghast, M|\n|poke|p2|Gliscor, F|\n|teampreview\n|\n|t:|1695170969\n|start\n|switch|p1a: Grimmsnarl|Grimmsnarl, M|100/100\n|switch|p2a: Tornadus|Tornadus, M|100/100\n|turn|1\n|\n|t:|1695170992\n|switch|p2a: Gliscor|Gliscor, F|100/100\n|move|p1a: Grimmsnarl|Light Screen|p1a: Grimmsnarl\n|-sidestart|p1: Weewoosowew|move: Light Screen\n|\n|-status|p2a: Gliscor|tox|[from] item: Toxic Orb\n|upkeep\n|turn|2\n|\n|t:|1695171001\n|move|p2a: Gliscor|Stealth Rock|p1a: Grimmsnarl\n|-sidestart|p1: Weewoosowew|move: Stealth Rock\n|move|p1a: Grimmsnarl|Foul Play|p2a: Gliscor\n|-damage|p2a: Gliscor|81/100 tox\n|\n|-heal|p2a: Gliscor|93/100 tox|[from] ability: Poison Heal\n|upkeep\n|turn|3\n|\n|t:|1695171020\n|switch|p1a: Munkidori|Munkidori, M|100/100\n|-damage|p1a: Munkidori|88/100|[from] Stealth Rock\n|move|p2a: Gliscor|U-turn|p1a: Munkidori\n|-damage|p1a: Munkidori|66/100\n|\n|t:|1695171024\n|switch|p2a: Corviknight|Corviknight, F|100/100|[from] U-turn\n|-ability|p2a: Corviknight|Pressure\n|\n|upkeep\n|turn|4\n|\n|t:|1695171035\n|move|p1a: Munkidori|Parting Shot|p2a: Corviknight\n|-unboost|p2a: Corviknight|atk|1\n|-unboost|p2a: Corviknight|spa|1\n|\n|t:|1695171042\n|switch|p1a: Arcanine|Arcanine-Hisui, F|100/100|[from] Parting Shot\n|-damage|p1a: Arcanine|76/100|[from] Stealth Rock\n|move|p2a: Corviknight|Tailwind|p2a: Corviknight\n|-sidestart|p2: hhgjg|move: Tailwind\n|\n|upkeep\n|turn|5\n|\n|t:|1695171055\n|switch|p2a: Gliscor|Gliscor, F|93/100 tox\n|move|p1a: Arcanine|Flare Blitz|p2a: Gliscor\n|-damage|p2a: Gliscor|54/100 tox\n|\n|-heal|p2a: Gliscor|66/100 tox|[from] ability: Poison Heal\n|-sideend|p1: Weewoosowew|move: Light Screen\n|upkeep\n|turn|6\n|\n|t:|1695171064\n|-terastallize|p1a: Arcanine|Fire\n|move|p2a: Gliscor|U-turn|p1a: Arcanine\n|-resisted|p1a: Arcanine\n|-damage|p1a: Arcanine|66/100\n|\n|t:|1695171099\n|switch|p2a: Tornadus|Tornadus, M|100/100|[from] U-turn\n|move|p1a: Arcanine|Flare Blitz|p2a: Tornadus\n|-damage|p2a: Tornadus|0 fnt\n|faint|p2a: Tornadus\n|\n|upkeep\n|\n|t:|1695171105\n|switch|p2a: Shiftry|Shiftry, M|100/100\n|-ability|p2a: Shiftry|Wind Rider|boost\n|-boost|p2a: Shiftry|atk|1\n|turn|7\n|\n|t:|1695171124\n|-terastallize|p2a: Shiftry|Dark\n|move|p2a: Shiftry|Knock Off|p1a: Arcanine\n|-damage|p1a: Arcanine|0 fnt\n|-enditem|p1a: Arcanine|Choice Scarf|[from] move: Knock Off|[of] p2a: Shiftry\n|faint|p1a: Arcanine\n|-damage|p2a: Shiftry|91/100|[from] item: Life Orb\n|\n|-sideend|p2: hhgjg|move: Tailwind\n|upkeep\n|\n|t:|1695171137\n|switch|p1a: Spidops|Spidops, M|100/100\n|-damage|p1a: Spidops|76/100|[from] Stealth Rock\n|turn|8\n|\n|t:|1695171145\n|switch|p2a: Iron Moth|Iron Moth|100/100\n|-enditem|p2a: Iron Moth|Booster Energy\n|-activate|p2a: Iron Moth|ability: Quark Drive|[fromitem]\n|-start|p2a: Iron Moth|quarkdrivespa\n|move|p1a: Spidops|Circle Throw|p2a: Iron Moth\n|-resisted|p2a: Iron Moth\n|-damage|p2a: Iron Moth|82/100\n|-end|p2a: Iron Moth|Quark Drive|[silent]\n|drag|p2a: Gliscor|Gliscor, F|66/100 tox\n|\n|-heal|p2a: Gliscor|79/100 tox|[from] ability: Poison Heal\n|upkeep\n|turn|9\n|\n|t:|1695171162\n|move|p2a: Gliscor|Tailwind|p2a: Gliscor\n|-sidestart|p2: hhgjg|move: Tailwind\n|move|p1a: Spidops|Circle Throw|p2a: Gliscor\n|-resisted|p2a: Gliscor\n|-damage|p2a: Gliscor|75/100 tox\n|drag|p2a: Corviknight|Corviknight, F|100/100\n|-ability|p2a: Corviknight|Pressure\n|\n|upkeep\n|turn|10\n|\n|t:|1695171170\n|move|p2a: Corviknight|U-turn|p1a: Spidops\n|-damage|p1a: Spidops|58/100\n|-damage|p2a: Corviknight|84/100|[from] item: Rocky Helmet|[of] p1a: Spidops\n|\n|t:|1695171171\n|switch|p2a: Brambleghast|Brambleghast, M|100/100|[from] U-turn\n|-ability|p2a: Brambleghast|Wind Rider|boost\n|-boost|p2a: Brambleghast|atk|1\n|move|p1a: Spidops|Circle Throw|p2a: Brambleghast\n|-immune|p2a: Brambleghast\n|\n|upkeep\n|turn|11\n|\n|t:|1695171181\n|move|p1a: Spidops|Sucker Punch|p2a: Brambleghast\n|-supereffective|p2a: Brambleghast\n|-damage|p2a: Brambleghast|50/100\n|move|p2a: Brambleghast|Poltergeist|p1a: Spidops\n|-activate|p1a: Spidops|move: Poltergeist|Rocky Helmet\n|-damage|p1a: Spidops|0 fnt\n|faint|p1a: Spidops\n|-damage|p2a: Brambleghast|40/100|[from] item: Life Orb\n|\n|upkeep\n|\n|t:|1695171201\n|switch|p1a: Empoleon|Empoleon, F|100/100\n|-damage|p1a: Empoleon|94/100|[from] Stealth Rock\n|turn|12\n|\n|t:|1695171209\n|move|p2a: Brambleghast|Poltergeist|p1a: Empoleon\n|-activate|p1a: Empoleon|move: Poltergeist|Life Orb\n|-damage|p1a: Empoleon|0 fnt\n|faint|p1a: Empoleon\n|-damage|p2a: Brambleghast|30/100|[from] item: Life Orb\n|\n|-sideend|p2: hhgjg|move: Tailwind\n|upkeep\n|\n|t:|1695171216\n|switch|p1a: Dragonite|Dragonite, F|100/100\n|-damage|p1a: Dragonite|76/100|[from] Stealth Rock\n|turn|13\n|\n|t:|1695171231\n|move|p2a: Brambleghast|Shadow Sneak|p1a: Dragonite\n|-damage|p1a: Dragonite|28/100\n|-damage|p2a: Brambleghast|20/100|[from] item: Life Orb\n|move|p1a: Dragonite|Dragon Dance|p1a: Dragonite\n|-boost|p1a: Dragonite|atk|1\n|-boost|p1a: Dragonite|spe|1\n|\n|upkeep\n|turn|14\n|\n|t:|1695171238\n|move|p2a: Brambleghast|Shadow Sneak|p1a: Dragonite\n|-damage|p1a: Dragonite|0 fnt\n|faint|p1a: Dragonite\n|-damage|p2a: Brambleghast|10/100|[from] item: Life Orb\n|\n|upkeep\n|\n|t:|1695171244\n|switch|p1a: Grimmsnarl|Grimmsnarl, M|100/100\n|-damage|p1a: Grimmsnarl|88/100|[from] Stealth Rock\n|turn|15\n|\n|t:|1695171248\n|move|p2a: Brambleghast|Power Whip|p1a: Grimmsnarl|[miss]\n|-miss|p2a: Brambleghast|p1a: Grimmsnarl\n|move|p1a: Grimmsnarl|Foul Play|p2a: Brambleghast\n|-supereffective|p2a: Brambleghast\n|-damage|p2a: Brambleghast|0 fnt\n|faint|p2a: Brambleghast\n|\n|upkeep\n|\n|t:|1695171257\n|switch|p2a: Gliscor|Gliscor, F|75/100 tox\n|turn|16\n|\n|t:|1695171267\n|move|p1a: Grimmsnarl|Reflect|p1a: Grimmsnarl\n|-sidestart|p1: Weewoosowew|Reflect\n|move|p2a: Gliscor|Tailwind|p2a: Gliscor\n|-sidestart|p2: hhgjg|move: Tailwind\n|\n|-heal|p2a: Gliscor|87/100 tox|[from] ability: Poison Heal\n|upkeep\n|turn|17\n|\n|t:|1695171278\n|move|p2a: Gliscor|U-turn|p1a: Grimmsnarl\n|-damage|p1a: Grimmsnarl|78/100\n|\n|t:|1695171286\n|switch|p2a: Iron Moth|Iron Moth|82/100|[from] U-turn\n|move|p1a: Grimmsnarl|Spirit Break|p2a: Iron Moth\n|-resisted|p2a: Iron Moth\n|-damage|p2a: Iron Moth|65/100\n|-unboost|p2a: Iron Moth|spa|1\n|\n|upkeep\n|turn|18\n|\n|t:|1695171295\n|move|p2a: Iron Moth|Dazzling Gleam|p1a: Grimmsnarl\n|-supereffective|p1a: Grimmsnarl\n|-damage|p1a: Grimmsnarl|37/100\n|move|p1a: Grimmsnarl|Spirit Break|p2a: Iron Moth\n|-resisted|p2a: Iron Moth\n|-damage|p2a: Iron Moth|50/100\n|-unboost|p2a: Iron Moth|spa|1\n|\n|upkeep\n|turn|19\n|\n|t:|1695171303\n|move|p1a: Grimmsnarl|Light Screen|p1a: Grimmsnarl\n|-sidestart|p1: Weewoosowew|move: Light Screen\n|move|p2a: Iron Moth|Fiery Dance|p1a: Grimmsnarl\n|-damage|p1a: Grimmsnarl|25/100\n|-enditem|p1a: Grimmsnarl|Aguav Berry|[eat]\n|-heal|p1a: Grimmsnarl|58/100|[from] item: Aguav Berry\n|\n|-sideend|p2: hhgjg|move: Tailwind\n|upkeep\n|turn|20\n|\n|t:|1695171310\n|move|p2a: Iron Moth|Fiery Dance|p1a: Grimmsnarl\n|-damage|p1a: Grimmsnarl|45/100\n|-boost|p2a: Iron Moth|spa|1\n|move|p1a: Grimmsnarl|Spirit Break|p2a: Iron Moth\n|-resisted|p2a: Iron Moth\n|-damage|p2a: Iron Moth|33/100\n|-unboost|p2a: Iron Moth|spa|1\n|\n|-sideend|p1: Weewoosowew|Reflect\n|upkeep\n|turn|21\n|\n|t:|1695171321\n|-end|p2a: Iron Moth|Quark Drive|[silent]\n|switch|p2a: Corviknight|Corviknight, F|84/100\n|-ability|p2a: Corviknight|Pressure\n|move|p1a: Grimmsnarl|Spirit Break|p2a: Corviknight\n|-resisted|p2a: Corviknight\n|-damage|p2a: Corviknight|72/100\n|-unboost|p2a: Corviknight|spa|1\n|\n|-heal|p2a: Corviknight|78/100|[from] item: Leftovers\n|upkeep\n|turn|22\n|\n|t:|1695171330\n|move|p2a: Corviknight|Body Press|p1a: Grimmsnarl\n|-damage|p1a: Grimmsnarl|9/100\n|move|p1a: Grimmsnarl|Foul Play|p2a: Corviknight\n|-damage|p2a: Corviknight|61/100\n|\n|-heal|p2a: Corviknight|68/100|[from] item: Leftovers\n|upkeep\n|turn|23\n|\n|t:|1695171339\n|move|p1a: Grimmsnarl|Reflect|p1a: Grimmsnarl\n|-sidestart|p1: Weewoosowew|Reflect\n|move|p2a: Corviknight|U-turn|p1a: Grimmsnarl\n|-damage|p1a: Grimmsnarl|0 fnt\n|faint|p1a: Grimmsnarl\n|\n|t:|1695171347\n|switch|p2a: Gliscor|Gliscor, F|87/100 tox|[from] U-turn\n|\n|-heal|p2a: Gliscor|99/100 tox|[from] ability: Poison Heal\n|-sideend|p1: Weewoosowew|move: Light Screen\n|upkeep\n|\n|t:|1695171352\n|switch|p1a: Munkidori|Munkidori, M|66/100\n|-damage|p1a: Munkidori|54/100|[from] Stealth Rock\n|turn|24\n|\n|t:|1695171358\n|move|p1a: Munkidori|Parting Shot|p2a: Gliscor\n|-unboost|p2a: Gliscor|atk|1\n|-unboost|p2a: Gliscor|spa|1\n|move|p2a: Gliscor|Tailwind|p2a: Gliscor\n|-sidestart|p2: hhgjg|move: Tailwind\n|\n|-heal|p2a: Gliscor|100/100 tox|[from] ability: Poison Heal\n|upkeep\n|turn|25\n|\n|t:|1695171366\n|switch|p2a: Shiftry|Shiftry, M, tera:Dark|91/100\n|-ability|p2a: Shiftry|Wind Rider|boost\n|-boost|p2a: Shiftry|atk|1\n|move|p1a: Munkidori|Calm Mind|p1a: Munkidori\n|-boost|p1a: Munkidori|spa|1\n|-boost|p1a: Munkidori|spd|1\n|\n|upkeep\n|turn|26\n|\n|t:|1695171376\n|move|p2a: Shiftry|Knock Off|p1a: Munkidori\n|-supereffective|p1a: Munkidori\n|-damage|p1a: Munkidori|0 fnt\n|-enditem|p1a: Munkidori|Aguav Berry|[from] move: Knock Off|[of] p2a: Shiftry\n|faint|p1a: Munkidori\n|-damage|p2a: Shiftry|81/100|[from] item: Life Orb\n|\n|win|hhgjg\n|raw|Weewoosowew's rating: 1048 &rarr; <strong>1028</strong><br />(-20 for losing)\n|raw|hhgjg's rating: 1000 &rarr; <strong>1045</strong><br />(+45 for winning)\n|l|\u2606Weewoosowew\n", "uploadtime": 1695171382, "views": 4, "p1id": "weewoosowew", "p2id": "hhgjg", "formatid": "gen9ou", "rating": 1028, "private": 0, "password": ""}