{"id": "gen9ou-1947503577", "p1": "Kejaun", "p2": "ToluDude", "format": "gen9ou", "log": "|j|\u2606Kejaun\n|j|\u2606ToluDude\n|t:|1695167068\n|gametype|singles\n|player|p1|Kejaun|ash|1582\n|player|p2|ToluDude|hoopster|1496\n|teamsize|p1|6\n|teamsize|p2|6\n|gen|9\n|tier|[Gen 9] OU\n|rated|\n|rule|Sleep Clause Mod: Limit one foe put to sleep\n|rule|Species Clause: Limit one of each Pok\u00e9mon\n|rule|OHKO Clause: OHKO moves are banned\n|rule|Evasion Items Clause: Evasion items are banned\n|rule|Evasion Moves Clause: Evasion moves are banned\n|rule|Endless Battle Clause: Forcing endless battles is banned\n|rule|HP Percentage Mod: HP is shown in percentages\n|clearpoke\n|poke|p1|Dragapult, M|\n|poke|p1|Rillaboom, M|\n|poke|p1|Great Tusk|\n|poke|p1|Kingambit, M|\n|poke|p1|Alomomola, F|\n|poke|p1|Zapdos|\n|poke|p2|Ursaluna-Bloodmoon, M|\n|poke|p2|Ninetales-Alola, F|\n|poke|p2|Enamorus, F|\n|poke|p2|Cinderace, F|\n|poke|p2|Kommo-o, F|\n|poke|p2|Kingambit, M|\n|teampreview\n|inactive|Battle timer is ON: inactive players will automatically lose when time's up. (requested by ToluDude)\n|inactive|Kejaun has 120 seconds left.\n|inactive|Kejaun has 90 seconds left.\n|\n|t:|1695167147\n|start\n|switch|p1a: Kingambit|Kingambit, M|100/100\n|switch|p2a: Ninetales|Ninetales-Alola, F|100/100\n|-weather|Snow|[from] ability: Snow Warning|[of] p2a: Ninetales\n|turn|1\n|\n|t:|1695167153\n|move|p2a: Ninetales|Aurora Veil|p2a: Ninetales\n|-sidestart|p2: ToluDude|move: Aurora Veil\n|move|p1a: Kingambit|Iron Head|p2a: Ninetales\n|-supereffective|p2a: Ninetales\n|-damage|p2a: Ninetales|24/100\n|\n|-weather|Snow|[upkeep]\n|upkeep\n|turn|2\n|\n|t:|1695167161\n|-end|p1a: Kingambit|fallenundefined|[silent]\n|switch|p1a: Zapdos|Zapdos|100/100\n|move|p2a: Ninetales|Hypnosis|p1a: Zapdos\n|-status|p1a: Zapdos|slp|[from] move: Hypnosis\n|\n|-weather|Snow|[upkeep]\n|upkeep\n|turn|3\n|\n|t:|1695167178\n|switch|p2a: Ursaluna|Ursaluna-Bloodmoon, M|100/100\n|switch|p1a: Kingambit|Kingambit, M|100/100\n|\n|-weather|Snow|[upkeep]\n|upkeep\n|turn|4\n|\n|t:|1695167195\n|-end|p1a: Kingambit|fallenundefined|[silent]\n|switch|p1a: Zapdos|Zapdos|100/100 slp\n|move|p2a: Ursaluna|Calm Mind|p2a: Ursaluna\n|-boost|p2a: Ursaluna|spa|1\n|-boost|p2a: Ursaluna|spd|1\n|\n|-weather|Snow|[upkeep]\n|upkeep\n|turn|5\n|\n|t:|1695167204\n|switch|p1a: Alomomola|Alomomola, F|100/100\n|move|p2a: Ursaluna|Calm Mind|p2a: Ursaluna\n|-boost|p2a: Ursaluna|spa|1\n|-boost|p2a: Ursaluna|spd|1\n|\n|-weather|none\n|upkeep\n|turn|6\n|\n|t:|1695167211\n|move|p2a: Ursaluna|Blood Moon|p1a: Alomomola\n|-damage|p1a: Alomomola|0 fnt\n|faint|p1a: Alomomola\n|\n|upkeep\n|\n|t:|1695167215\n|switch|p1a: Rillaboom|Rillaboom, M|100/100\n|-fieldstart|move: Grassy Terrain|[from] ability: Grassy Surge|[of] p1a: Rillaboom\n|turn|7\n|\n|t:|1695167240\n|-terastallize|p1a: Rillaboom|Grass\n|-terastallize|p2a: Ursaluna|Fighting\n|move|p2a: Ursaluna|Vacuum Wave|p1a: Rillaboom\n|-damage|p1a: Rillaboom|44/100\n|move|p1a: Rillaboom|Wood Hammer|p2a: Ursaluna\n|-damage|p2a: Ursaluna|60/100\n|-damage|p1a: Rillaboom|30/100|[from] Recoil\n|\n|-heal|p1a: Rillaboom|36/100|[from] Grassy Terrain\n|-heal|p1a: Rillaboom|42/100|[from] item: Leftovers\n|-heal|p2a: Ursaluna|67/100|[from] Grassy Terrain\n|-heal|p2a: Ursaluna|73/100|[from] item: Leftovers\n|upkeep\n|turn|8\n|\n|t:|1695167250\n|move|p2a: Ursaluna|Vacuum Wave|p1a: Rillaboom\n|-damage|p1a: Rillaboom|0 fnt\n|faint|p1a: Rillaboom\n|\n|-heal|p2a: Ursaluna|79/100|[from] Grassy Terrain\n|-heal|p2a: Ursaluna|85/100|[from] item: Leftovers\n|-sideend|p2: ToluDude|move: Aurora Veil\n|upkeep\n|\n|t:|1695167263\n|switch|p1a: Dragapult|Dragapult, M|100/100\n|turn|9\n|\n|t:|1695167273\n|move|p1a: Dragapult|Dragon Darts|p2a: Ursaluna\n|-damage|p2a: Ursaluna|66/100\n|-anim|p1a: Dragapult|Dragon Darts|p2a: Ursaluna\n|-damage|p2a: Ursaluna|48/100\n|move|p2a: Ursaluna|Blood Moon|p1a: Dragapult\n|-damage|p1a: Dragapult|0 fnt\n|faint|p1a: Dragapult\n|\n|-heal|p2a: Ursaluna|54/100|[from] Grassy Terrain\n|-heal|p2a: Ursaluna|60/100|[from] item: Leftovers\n|upkeep\n|\n|t:|1695167284\n|switch|p1a: Zapdos|Zapdos|100/100 slp\n|turn|10\n|\n|t:|1695167289\n|cant|p1a: Zapdos|slp\n|move|p2a: Ursaluna|Calm Mind|p2a: Ursaluna\n|-boost|p2a: Ursaluna|spa|1\n|-boost|p2a: Ursaluna|spd|1\n|\n|-heal|p2a: Ursaluna|66/100|[from] Grassy Terrain\n|-heal|p2a: Ursaluna|72/100|[from] item: Leftovers\n|upkeep\n|turn|11\n|\n|t:|1695167292\n|cant|p1a: Zapdos|slp\n|move|p2a: Ursaluna|Blood Moon|p1a: Zapdos\n|-damage|p1a: Zapdos|0 fnt\n|faint|p1a: Zapdos\n|\n|-heal|p2a: Ursaluna|78/100|[from] Grassy Terrain\n|-heal|p2a: Ursaluna|84/100|[from] item: Leftovers\n|-fieldend|move: Grassy Terrain\n|upkeep\n|\n|t:|1695167295\n|switch|p1a: Great Tusk|Great Tusk|100/100\n|turn|12\n|\n|t:|1695167299\n|move|p1a: Great Tusk|Body Press|p2a: Ursaluna\n|-damage|p2a: Ursaluna|55/100\n|move|p2a: Ursaluna|Earth Power|p1a: Great Tusk\n|-damage|p1a: Great Tusk|0 fnt\n|faint|p1a: Great Tusk\n|-end|p1a: Great Tusk|Protosynthesis|[silent]\n|\n|-heal|p2a: Ursaluna|61/100|[from] item: Leftovers\n|upkeep\n|\n|t:|1695167304\n|switch|p1a: Kingambit|Kingambit, M|100/100\n|-activate|p1a: Kingambit|ability: Supreme Overlord\n|-start|p1a: Kingambit|fallen5|[silent]\n|turn|13\n|\n|t:|1695167307\n|move|p2a: Ursaluna|Vacuum Wave|p1a: Kingambit\n|-supereffective|p1a: Kingambit\n|-damage|p1a: Kingambit|0 fnt\n|faint|p1a: Kingambit\n|-end|p1a: Kingambit|fallen5|[silent]\n|\n|win|ToluDude\n|raw|Kejaun's rating: 1582 &rarr; <strong>1557</strong><br />(-25 for losing)\n|raw|ToluDude's rating: 1496 &rarr; <strong>1521</strong><br />(+25 for winning)\n|l|\u2606Kejaun\n", "uploadtime": 1695167313, "views": 11, "p1id": "kejaun", "p2id": "toludude", "formatid": "gen9ou", "rating": 1521, "private": 0, "password": ""}