{"id": "gen9ou-1947483969", "p1": "Thebe101", "p2": "TokenPKMN", "format": "gen9ou", "log": "|j|\u2606Thebe101\n|j|\u2606TokenPKMN\n|t:|1695165112\n|gametype|singles\n|player|p1|Thebe101|benga|1147\n|player|p2|TokenPKMN|harlequin|1189\n|teamsize|p1|6\n|teamsize|p2|6\n|gen|9\n|tier|[Gen 9] OU\n|rated|\n|rule|Sleep Clause Mod: Limit one foe put to sleep\n|rule|Species Clause: Limit one of each Pok\u00e9mon\n|rule|OHKO Clause: OHKO moves are banned\n|rule|Evasion Items Clause: Evasion items are banned\n|rule|Evasion Moves Clause: Evasion moves are banned\n|rule|Endless Battle Clause: Forcing endless battles is banned\n|rule|HP Percentage Mod: HP is shown in percentages\n|clearpoke\n|poke|p1|Garganacl, M|\n|poke|p1|Cinderace, F|\n|poke|p1|Kommo-o, F|\n|poke|p1|Manaphy|\n|poke|p1|Ninetales-Alola, M|\n|poke|p1|Ogerpon-Hearthflame, F|\n|poke|p2|Samurott-Hisui, F|\n|poke|p2|Kingambit, F|\n|poke|p2|Great Tusk|\n|poke|p2|Sneasler, F|\n|poke|p2|Zapdos|\n|poke|p2|Gholdengo|\n|teampreview\n|inactive|Battle timer is ON: inactive players will automatically lose when time's up. (requested by TokenPKMN)\n|\n|t:|1695165131\n|start\n|switch|p1a: Ogerpon|Ogerpon-Hearthflame, F|100/100\n|switch|p2a: Samurott|Samurott-Hisui, F|100/100\n|-ability|p1a: Ogerpon|Mold Breaker\n|turn|1\n|inactive|TokenPKMN has 120 seconds left.\n|inactive|TokenPKMN has 90 seconds left.\n|\n|t:|1695165196\n|move|p1a: Ogerpon|Swords Dance|p1a: Ogerpon\n|-boost|p1a: Ogerpon|atk|2\n|move|p2a: Samurott|Ceaseless Edge|p1a: Ogerpon\n|-damage|p1a: Ogerpon|38/100\n|-sidestart|p1: Thebe101|Spikes\n|\n|upkeep\n|turn|2\n|inactive|TokenPKMN has 90 seconds left.\n|\n|t:|1695165209\n|move|p1a: Ogerpon|Horn Leech|p2a: Samurott\n|-supereffective|p2a: Samurott\n|-enditem|p2a: Samurott|Focus Sash\n|-damage|p2a: Samurott|1/100\n|-heal|p1a: Ogerpon|92/100|[from] drain|[of] p2a: Samurott\n|move|p2a: Samurott|Flip Turn|p1a: Ogerpon\n|-damage|p1a: Ogerpon|53/100\n|inactive|TokenPKMN has 90 seconds left.\n|\n|t:|1695165229\n|switch|p2a: Zapdos|Zapdos|100/100|[from] Flip Turn\n|\n|upkeep\n|turn|3\n|\n|t:|1695165244\n|move|p1a: Ogerpon|Ivy Cudgel|p2a: Zapdos\n|-damage|p2a: Zapdos|0 fnt\n|faint|p2a: Zapdos\n|\n|upkeep\n|\n|t:|1695165250\n|switch|p2a: Samurott|Samurott-Hisui, F|1/100\n|turn|4\n|\n|t:|1695165259\n|move|p2a: Samurott|Aqua Jet|p1a: Ogerpon\n|-damage|p1a: Ogerpon|27/100\n|move|p1a: Ogerpon|Horn Leech|p2a: Samurott\n|-supereffective|p2a: Samurott\n|-damage|p2a: Samurott|0 fnt\n|-heal|p1a: Ogerpon|27/100|[from] drain|[of] p2a: Samurott\n|faint|p2a: Samurott\n|\n|upkeep\n|inactive|TokenPKMN has 90 seconds left.\n|\n|t:|1695165271\n|switch|p2a: Sneasler|Sneasler, F|100/100\n|turn|5\n|\n|t:|1695165275\n|move|p2a: Sneasler|Acrobatics|p1a: Ogerpon\n|-supereffective|p1a: Ogerpon\n|-damage|p1a: Ogerpon|0 fnt\n|faint|p1a: Ogerpon\n|\n|upkeep\n|\n|t:|1695165287\n|switch|p1a: Garganacl|Garganacl, M|100/100\n|-damage|p1a: Garganacl|88/100|[from] Spikes\n|turn|6\n|inactive|TokenPKMN has 90 seconds left.\n|\n|t:|1695165313\n|-terastallize|p1a: Garganacl|Ghost\n|move|p2a: Sneasler|Close Combat|p1a: Garganacl\n|-immune|p1a: Garganacl\n|move|p1a: Garganacl|Earthquake|p2a: Sneasler\n|-supereffective|p2a: Sneasler\n|-damage|p2a: Sneasler|26/100\n|\n|-heal|p1a: Garganacl|94/100|[from] item: Leftovers\n|upkeep\n|turn|7\n|inactive|TokenPKMN has 90 seconds left.\n|\n|t:|1695165328\n|move|p2a: Sneasler|Dire Claw|p1a: Garganacl\n|-resisted|p1a: Garganacl\n|-damage|p1a: Garganacl|84/100\n|move|p1a: Garganacl|Salt Cure|p2a: Sneasler\n|-resisted|p2a: Sneasler\n|-damage|p2a: Sneasler|14/100\n|-start|p2a: Sneasler|Salt Cure\n|\n|-heal|p1a: Garganacl|90/100|[from] item: Leftovers\n|-damage|p2a: Sneasler|2/100|[from] Salt Cure\n|upkeep\n|turn|8\n|\n|t:|1695165342\n|move|p2a: Sneasler|Dire Claw|p1a: Garganacl\n|-resisted|p1a: Garganacl\n|-damage|p1a: Garganacl|79/100\n|move|p1a: Garganacl|Recover|p1a: Garganacl\n|-heal|p1a: Garganacl|100/100\n|\n|-damage|p2a: Sneasler|0 fnt|[from] Salt Cure\n|faint|p2a: Sneasler\n|upkeep\n|\n|t:|1695165352\n|switch|p2a: Gholdengo|Gholdengo|100/100\n|turn|9\n|\n|t:|1695165358\n|move|p2a: Gholdengo|Shadow Ball|p1a: Garganacl\n|-supereffective|p1a: Garganacl\n|-damage|p1a: Garganacl|59/100\n|move|p1a: Garganacl|Earthquake|p2a: Gholdengo\n|-supereffective|p2a: Gholdengo\n|-damage|p2a: Gholdengo|58/100\n|\n|-heal|p2a: Gholdengo|64/100|[from] item: Leftovers\n|-heal|p1a: Garganacl|65/100|[from] item: Leftovers\n|upkeep\n|turn|10\n|\n|t:|1695165368\n|move|p2a: Gholdengo|Thunder Wave|p1a: Garganacl\n|-immune|p1a: Garganacl|[from] ability: Purifying Salt\n|move|p1a: Garganacl|Salt Cure|p2a: Gholdengo\n|-resisted|p2a: Gholdengo\n|-damage|p2a: Gholdengo|57/100\n|-start|p2a: Gholdengo|Salt Cure\n|\n|-heal|p2a: Gholdengo|63/100|[from] item: Leftovers\n|-heal|p1a: Garganacl|71/100|[from] item: Leftovers\n|-damage|p2a: Gholdengo|38/100|[from] Salt Cure\n|upkeep\n|turn|11\n|\n|t:|1695165379\n|move|p2a: Gholdengo|Recover|p2a: Gholdengo\n|-heal|p2a: Gholdengo|88/100\n|move|p1a: Garganacl|Recover|p1a: Garganacl\n|-heal|p1a: Garganacl|100/100\n|\n|-heal|p2a: Gholdengo|94/100|[from] item: Leftovers\n|-damage|p2a: Gholdengo|70/100|[from] Salt Cure\n|upkeep\n|turn|12\n|\n|t:|1695165393\n|move|p2a: Gholdengo|Shadow Ball|p1a: Garganacl\n|-supereffective|p1a: Garganacl\n|-damage|p1a: Garganacl|56/100\n|move|p1a: Garganacl|Earthquake|p2a: Gholdengo\n|-supereffective|p2a: Gholdengo\n|-damage|p2a: Gholdengo|22/100\n|\n|-heal|p2a: Gholdengo|29/100|[from] item: Leftovers\n|-heal|p1a: Garganacl|62/100|[from] item: Leftovers\n|-damage|p2a: Gholdengo|4/100|[from] Salt Cure\n|upkeep\n|turn|13\n|\n|t:|1695165403\n|move|p2a: Gholdengo|Recover|p2a: Gholdengo\n|-heal|p2a: Gholdengo|54/100\n|move|p1a: Garganacl|Earthquake|p2a: Gholdengo\n|-supereffective|p2a: Gholdengo\n|-damage|p2a: Gholdengo|8/100\n|\n|-heal|p2a: Gholdengo|14/100|[from] item: Leftovers\n|-heal|p1a: Garganacl|68/100|[from] item: Leftovers\n|-damage|p2a: Gholdengo|0 fnt|[from] Salt Cure\n|faint|p2a: Gholdengo\n|upkeep\n|\n|t:|1695165409\n|switch|p2a: Kingambit|Kingambit, F|100/100\n|-activate|p2a: Kingambit|ability: Supreme Overlord\n|-start|p2a: Kingambit|fallen4|[silent]\n|turn|14\n|\n|t:|1695165420\n|move|p2a: Kingambit|Swords Dance|p2a: Kingambit\n|-boost|p2a: Kingambit|atk|2\n|move|p1a: Garganacl|Salt Cure|p2a: Kingambit\n|-resisted|p2a: Kingambit\n|-damage|p2a: Kingambit|96/100\n|-start|p2a: Kingambit|Salt Cure\n|\n|-heal|p1a: Garganacl|75/100|[from] item: Leftovers\n|-damage|p2a: Kingambit|71/100|[from] Salt Cure\n|upkeep\n|turn|15\n|\n|t:|1695165430\n|move|p2a: Kingambit|Sucker Punch||[still]\n|-fail|p2a: Kingambit\n|move|p1a: Garganacl|Curse|p2a: Kingambit\n|-start|p2a: Kingambit|Curse|[of] p1a: Garganacl\n|-damage|p1a: Garganacl|25/100\n|\n|-heal|p1a: Garganacl|31/100|[from] item: Leftovers\n|-damage|p2a: Kingambit|46/100|[from] Curse\n|-damage|p2a: Kingambit|21/100|[from] Salt Cure\n|upkeep\n|turn|16\n|\n|t:|1695165442\n|move|p2a: Kingambit|Sucker Punch||[still]\n|-fail|p2a: Kingambit\n|move|p1a: Garganacl|Recover|p1a: Garganacl\n|-heal|p1a: Garganacl|81/100\n|\n|-heal|p1a: Garganacl|87/100|[from] item: Leftovers\n|-damage|p2a: Kingambit|0 fnt|[from] Curse\n|faint|p2a: Kingambit\n|-end|p2a: Kingambit|fallen4|[silent]\n|upkeep\n|-message|TokenPKMN forfeited.\n|\n|win|Thebe101\n|raw|Thebe101's rating: 1147 &rarr; <strong>1175</strong><br />(+28 for winning)\n|raw|TokenPKMN's rating: 1189 &rarr; <strong>1161</strong><br />(-28 for losing)\n|l|\u2606TokenPKMN\n|c|\u2606Thebe101|LOL\n", "uploadtime": 1695165455, "views": 11, "p1id": "thebe101", "p2id": "tokenpkmn", "formatid": "gen9ou", "rating": 1161, "private": 0, "password": ""}