{"id": "gen9ou-1947557804", "p1": "CNT JesusGP0000", "p2": "legosnut111", "format": "gen9ou", "log": "|j|\u2606CNT JesusGP0000\n|j|\u2606legosnut111\n|t:|1695172369\n|gametype|singles\n|player|p1|CNT JesusGP0000|miriam|1187\n|player|p2|legosnut111|hilbert-wonderlauncher|1244\n|teamsize|p1|6\n|teamsize|p2|6\n|gen|9\n|tier|[Gen 9] OU\n|rated|\n|rule|Sleep Clause Mod: Limit one foe put to sleep\n|rule|Species Clause: Limit one of each Pok\u00e9mon\n|rule|OHKO Clause: OHKO moves are banned\n|rule|Evasion Items Clause: Evasion items are banned\n|rule|Evasion Moves Clause: Evasion moves are banned\n|rule|Endless Battle Clause: Forcing endless battles is banned\n|rule|HP Percentage Mod: HP is shown in percentages\n|clearpoke\n|poke|p1|Ursaluna-Bloodmoon, M|\n|poke|p1|Dragapult, M|\n|poke|p1|Clefable, M|\n|poke|p1|Dondozo, F|\n|poke|p1|Moltres|\n|poke|p1|Kingambit, M|\n|poke|p2|Ogerpon-Hearthflame, F|\n|poke|p2|Snorlax, F|\n|poke|p2|Revavroom, M|\n|poke|p2|Ninetales-Alola, M|\n|poke|p2|Crawdaunt, M|\n|poke|p2|Walking Wake|\n|teampreview\n|\n|t:|1695172377\n|start\n|switch|p1a: Clefable|Clefable, M|100/100\n|switch|p2a: Ninetales|Ninetales-Alola, M|100/100\n|-weather|Snow|[from] ability: Snow Warning|[of] p2a: Ninetales\n|turn|1\n|\n|t:|1695172386\n|move|p2a: Ninetales|Hypnosis|p1a: Clefable\n|-status|p1a: Clefable|slp|[from] move: Hypnosis\n|cant|p1a: Clefable|slp\n|\n|-weather|Snow|[upkeep]\n|upkeep\n|turn|2\n|\n|t:|1695172391\n|move|p2a: Ninetales|Aurora Veil|p2a: Ninetales\n|-sidestart|p2: legosnut111|move: Aurora Veil\n|cant|p1a: Clefable|slp\n|\n|-weather|Snow|[upkeep]\n|upkeep\n|turn|3\n|\n|t:|1695172433\n|switch|p2a: Snorlax|Snorlax, F|100/100\n|cant|p1a: Clefable|slp\n|\n|-weather|Snow|[upkeep]\n|upkeep\n|turn|4\n|\n|t:|1695172442\n|-curestatus|p1a: Clefable|slp|[msg]\n|move|p1a: Clefable|Stealth Rock|p2a: Snorlax\n|-sidestart|p2: legosnut111|move: Stealth Rock\n|move|p2a: Snorlax|Belly Drum|p2a: Snorlax\n|-damage|p2a: Snorlax|50/100\n|-setboost|p2a: Snorlax|atk|6|[from] move: Belly Drum\n|\n|-weather|Snow|[upkeep]\n|upkeep\n|turn|5\n|-enditem|p2a: Snorlax|Custap Berry|[eat]\n|-activate|p2a: Snorlax|item: Custap Berry|[consumed]\n|\n|t:|1695172450\n|switch|p1a: Dondozo|Dondozo, F|100/100\n|move|p2a: Snorlax|Body Slam|p1a: Dondozo\n|-damage|p1a: Dondozo|79/100\n|\n|-weather|none\n|upkeep\n|turn|6\n|\n|t:|1695172464\n|switch|p2a: Ninetales|Ninetales-Alola, M|100/100\n|-damage|p2a: Ninetales|76/100|[from] Stealth Rock\n|-weather|Snow|[from] ability: Snow Warning|[of] p2a: Ninetales\n|move|p1a: Dondozo|Body Press|p2a: Ninetales\n|-damage|p2a: Ninetales|64/100\n|\n|-weather|Snow|[upkeep]\n|upkeep\n|turn|7\n|\n|t:|1695172473\n|switch|p1a: Moltres|Moltres|100/100\n|move|p2a: Ninetales|Encore||[still]\n|-fail|p2a: Ninetales\n|\n|-weather|Snow|[upkeep]\n|upkeep\n|turn|8\n|\n|t:|1695172488\n|move|p2a: Ninetales|Hypnosis|p1a: Moltres\n|-status|p1a: Moltres|slp|[from] move: Hypnosis\n|cant|p1a: Moltres|slp\n|\n|-weather|Snow|[upkeep]\n|upkeep\n|turn|9\n|\n|t:|1695172494\n|switch|p2a: Ogerpon|Ogerpon-Hearthflame, F|100/100\n|-damage|p2a: Ogerpon|76/100|[from] Stealth Rock\n|-ability|p2a: Ogerpon|Mold Breaker\n|-curestatus|p1a: Moltres|slp|[msg]\n|move|p1a: Moltres|Hurricane|p2a: Ogerpon\n|-supereffective|p2a: Ogerpon\n|-damage|p2a: Ogerpon|18/100\n|\n|-weather|Snow|[upkeep]\n|-sideend|p2: legosnut111|move: Aurora Veil\n|upkeep\n|turn|10\n|\n|t:|1695172515\n|switch|p2a: Revavroom|Revavroom, M|100/100\n|-damage|p2a: Revavroom|95/100|[from] Stealth Rock\n|-item|p2a: Revavroom|Air Balloon\n|move|p1a: Moltres|Flamethrower|p2a: Revavroom\n|-supereffective|p2a: Revavroom\n|-damage|p2a: Revavroom|1/100\n|-enditem|p2a: Revavroom|Air Balloon\n|\n|-weather|none\n|upkeep\n|turn|11\n|\n|t:|1695172528\n|move|p2a: Revavroom|Gunk Shot|p1a: Moltres\n|-damage|p1a: Moltres|39/100\n|move|p1a: Moltres|Will-O-Wisp|p2a: Revavroom\n|-status|p2a: Revavroom|brn\n|\n|-damage|p2a: Revavroom|0 fnt|[from] brn\n|faint|p2a: Revavroom\n|upkeep\n|\n|t:|1695172539\n|switch|p2a: Crawdaunt|Crawdaunt, M|100/100\n|-damage|p2a: Crawdaunt|88/100|[from] Stealth Rock\n|turn|12\n|\n|t:|1695172548\n|switch|p1a: Dondozo|Dondozo, F|79/100\n|move|p2a: Crawdaunt|Aqua Jet|p1a: Dondozo\n|-resisted|p1a: Dondozo\n|-damage|p1a: Dondozo|73/100\n|\n|upkeep\n|turn|13\n|\n|t:|1695172556\n|move|p2a: Crawdaunt|Knock Off|p1a: Dondozo\n|-damage|p1a: Dondozo|44/100\n|-enditem|p1a: Dondozo|Heavy-Duty Boots|[from] move: Knock Off|[of] p2a: Crawdaunt\n|move|p1a: Dondozo|Body Press|p2a: Crawdaunt\n|-supereffective|p2a: Crawdaunt\n|-damage|p2a: Crawdaunt|10/100\n|\n|upkeep\n|turn|14\n|\n|t:|1695172572\n|switch|p2a: Walking Wake|Walking Wake|100/100\n|-enditem|p2a: Walking Wake|Booster Energy\n|-activate|p2a: Walking Wake|ability: Protosynthesis|[fromitem]\n|-start|p2a: Walking Wake|protosynthesisspa\n|-damage|p2a: Walking Wake|88/100|[from] Stealth Rock\n|move|p1a: Dondozo|Rest|p1a: Dondozo\n|-status|p1a: Dondozo|slp|[from] move: Rest\n|-heal|p1a: Dondozo|100/100 slp|[silent]\n|\n|upkeep\n|turn|15\n|\n|t:|1695172582\n|move|p2a: Walking Wake|Agility|p2a: Walking Wake\n|-boost|p2a: Walking Wake|spe|2\n|cant|p1a: Dondozo|slp\n|move|p1a: Dondozo|Sleep Talk|p1a: Dondozo\n|move|p1a: Dondozo|Liquidation|p2a: Walking Wake|[from]move: Sleep Talk\n|-resisted|p2a: Walking Wake\n|-damage|p2a: Walking Wake|80/100\n|\n|upkeep\n|turn|16\n|\n|t:|1695172594\n|move|p2a: Walking Wake|Dragon Pulse|p1a: Dondozo\n|-damage|p1a: Dondozo|46/100 slp\n|cant|p1a: Dondozo|slp\n|move|p1a: Dondozo|Sleep Talk|p1a: Dondozo\n|move|p1a: Dondozo|Rest||[from]move: Sleep Talk|[still]\n|-fail|p1a: Dondozo\n|\n|upkeep\n|turn|17\n|\n|t:|1695172607\n|switch|p1a: Clefable|Clefable, M|100/100\n|move|p2a: Walking Wake|Hydro Pump|p1a: Clefable\n|-damage|p1a: Clefable|21/100\n|\n|-heal|p1a: Clefable|27/100|[from] item: Leftovers\n|upkeep\n|turn|18\n|\n|t:|1695172615\n|move|p1a: Clefable|Protect|p1a: Clefable\n|-singleturn|p1a: Clefable|Protect\n|move|p2a: Walking Wake|Dragon Pulse|p1a: Clefable\n|-activate|p1a: Clefable|move: Protect\n|\n|-heal|p1a: Clefable|33/100|[from] item: Leftovers\n|upkeep\n|turn|19\n|\n|t:|1695172624\n|move|p2a: Walking Wake|Flamethrower|p1a: Clefable\n|-damage|p1a: Clefable|0 fnt\n|faint|p1a: Clefable\n|\n|upkeep\n|\n|t:|1695172634\n|switch|p1a: Dragapult|Dragapult, M|100/100\n|turn|20\n|\n|t:|1695172640\n|-terastallize|p2a: Walking Wake|Steel\n|-terastallize|p1a: Dragapult|Fairy\n|move|p2a: Walking Wake|Dragon Pulse|p1a: Dragapult\n|-immune|p1a: Dragapult\n|move|p1a: Dragapult|Dragon Darts|p2a: Walking Wake\n|-resisted|p2a: Walking Wake\n|-damage|p2a: Walking Wake|70/100\n|-anim|p1a: Dragapult|Dragon Darts|p2a: Walking Wake\n|-resisted|p2a: Walking Wake\n|-damage|p2a: Walking Wake|59/100\n|\n|upkeep\n|turn|21\n|\n|t:|1695172652\n|move|p2a: Walking Wake|Hydro Pump|p1a: Dragapult|[miss]\n|-miss|p2a: Walking Wake|p1a: Dragapult\n|move|p1a: Dragapult|Will-O-Wisp|p2a: Walking Wake|[miss]\n|-miss|p1a: Dragapult|p2a: Walking Wake\n|\n|upkeep\n|turn|22\n|\n|t:|1695172658\n|move|p2a: Walking Wake|Hydro Pump|p1a: Dragapult\n|-damage|p1a: Dragapult|0 fnt\n|faint|p1a: Dragapult\n|\n|upkeep\n|\n|t:|1695172664\n|switch|p1a: Ursaluna|Ursaluna-Bloodmoon, M|100/100\n|turn|23\n|\n|t:|1695172667\n|move|p1a: Ursaluna|Vacuum Wave|p2a: Walking Wake\n|-supereffective|p2a: Walking Wake\n|-damage|p2a: Walking Wake|26/100\n|move|p2a: Walking Wake|Hydro Pump|p1a: Ursaluna\n|-supereffective|p1a: Ursaluna\n|-damage|p1a: Ursaluna|0 fnt\n|faint|p1a: Ursaluna\n|\n|upkeep\n|\n|t:|1695172672\n|switch|p1a: Kingambit|Kingambit, M|100/100\n|-activate|p1a: Kingambit|ability: Supreme Overlord\n|-start|p1a: Kingambit|fallen3|[silent]\n|turn|24\n|\n|t:|1695172678\n|move|p1a: Kingambit|Sucker Punch||[still]\n|-fail|p1a: Kingambit\n|move|p2a: Walking Wake|Agility|p2a: Walking Wake\n|-boost|p2a: Walking Wake|spe|2\n|\n|upkeep\n|turn|25\n|\n|t:|1695172683\n|move|p1a: Kingambit|Sucker Punch|p2a: Walking Wake\n|-damage|p2a: Walking Wake|0 fnt\n|faint|p2a: Walking Wake\n|-end|p2a: Walking Wake|Protosynthesis|[silent]\n|\n|upkeep\n|\n|t:|1695172688\n|switch|p2a: Ninetales|Ninetales-Alola, M|64/100\n|-damage|p2a: Ninetales|40/100|[from] Stealth Rock\n|-weather|Snow|[from] ability: Snow Warning|[of] p2a: Ninetales\n|turn|26\n|\n|t:|1695172694\n|move|p2a: Ninetales|Aurora Veil|p2a: Ninetales\n|-sidestart|p2: legosnut111|move: Aurora Veil\n|move|p1a: Kingambit|Iron Head|p2a: Ninetales\n|-supereffective|p2a: Ninetales\n|-damage|p2a: Ninetales|0 fnt\n|faint|p2a: Ninetales\n|\n|-weather|Snow|[upkeep]\n|upkeep\n|\n|t:|1695172702\n|switch|p2a: Snorlax|Snorlax, F|50/100\n|-damage|p2a: Snorlax|38/100|[from] Stealth Rock\n|turn|27\n|\n|t:|1695172710\n|move|p1a: Kingambit|Kowtow Cleave|p2a: Snorlax\n|-damage|p2a: Snorlax|6/100\n|move|p2a: Snorlax|Earthquake|p1a: Kingambit\n|-supereffective|p1a: Kingambit\n|-damage|p1a: Kingambit|51/100\n|\n|-weather|Snow|[upkeep]\n|-heal|p1a: Kingambit|57/100|[from] item: Leftovers\n|upkeep\n|turn|28\n|\n|t:|1695172721\n|move|p1a: Kingambit|Kowtow Cleave|p2a: Snorlax\n|-damage|p2a: Snorlax|0 fnt\n|faint|p2a: Snorlax\n|\n|-weather|Snow|[upkeep]\n|-heal|p1a: Kingambit|63/100|[from] item: Leftovers\n|upkeep\n|\n|t:|1695172728\n|switch|p2a: Ogerpon|Ogerpon-Hearthflame, F|18/100\n|-damage|p2a: Ogerpon|0 fnt|[from] Stealth Rock\n|faint|p2a: Ogerpon\n|\n|t:|1695172732\n|switch|p2a: Crawdaunt|Crawdaunt, M|10/100\n|-damage|p2a: Crawdaunt|0 fnt|[from] Stealth Rock\n|faint|p2a: Crawdaunt\n|\n|win|CNT JesusGP0000\n|raw|CNT JesusGP0000's rating: 1187 &rarr; <strong>1216</strong><br />(+29 for winning)\n|raw|legosnut111's rating: 1244 &rarr; <strong>1215</strong><br />(-29 for losing)\n|c|\u2606CNT JesusGP0000|gg\n", "uploadtime": 1695172740, "views": 3, "p1id": "cntjesusgp0000", "p2id": "legosnut111", "formatid": "gen9ou", "rating": 1215, "private": 0, "password": ""}