{"id": "gen9ou-1947566732", "p1": "JumpingSkiploom", "p2": "Krohnos", "format": "gen9ou", "log": "|j|\u2606JumpingSkiploom\n|j|\u2606Krohnos\n|t:|1695173238\n|gametype|singles\n|player|p1|JumpingSkiploom|falkner|1156\n|player|p2|Krohnos|1|1087\n|teamsize|p1|6\n|teamsize|p2|6\n|gen|9\n|tier|[Gen 9] OU\n|rated|\n|rule|Sleep Clause Mod: Limit one foe put to sleep\n|rule|Species Clause: Limit one of each Pok\u00e9mon\n|rule|OHKO Clause: OHKO moves are banned\n|rule|Evasion Items Clause: Evasion items are banned\n|rule|Evasion Moves Clause: Evasion moves are banned\n|rule|Endless Battle Clause: Forcing endless battles is banned\n|rule|HP Percentage Mod: HP is shown in percentages\n|clearpoke\n|poke|p1|Torterra, M|\n|poke|p1|Ninetales-Alola, F|\n|poke|p1|Mamoswine, F|\n|poke|p1|Slowking-Galar, F|\n|poke|p1|Okidogi, M|\n|poke|p1|Iron Treads|\n|poke|p2|Ursaluna-Bloodmoon, M|\n|poke|p2|Heatran, M|\n|poke|p2|Rotom-Wash|\n|poke|p2|Dragonite, M|\n|poke|p2|Great Tusk|\n|poke|p2|Amoonguss, F|\n|teampreview\n|inactive|Battle timer is ON: inactive players will automatically lose when time's up. (requested by Krohnos)\n|\n|t:|1695173242\n|start\n|switch|p1a: Ine|Ninetales-Alola, F|100/100\n|switch|p2a: Ursaluna|Ursaluna-Bloodmoon, M|100/100\n|-weather|Snow|[from] ability: Snow Warning|[of] p1a: Ine\n|turn|1\n|\n|t:|1695173253\n|move|p1a: Ine|Blizzard|p2a: Ursaluna\n|-supereffective|p2a: Ursaluna\n|-damage|p2a: Ursaluna|5/100\n|move|p2a: Ursaluna|Blood Moon|p1a: Ine\n|-damage|p1a: Ine|3/100\n|\n|-weather|Snow|[upkeep]\n|-heal|p2a: Ursaluna|11/100|[from] item: Leftovers\n|upkeep\n|turn|2\n|\n|t:|1695173269\n|move|p2a: Ursaluna|Vacuum Wave|p1a: Ine\n|-damage|p1a: Ine|0 fnt\n|faint|p1a: Ine\n|\n|-weather|Snow|[upkeep]\n|-heal|p2a: Ursaluna|18/100|[from] item: Leftovers\n|upkeep\n|\n|t:|1695173275\n|switch|p1a: Kid|Okidogi, M|100/100\n|turn|3\n|\n|t:|1695173282\n|move|p2a: Ursaluna|Vacuum Wave|p1a: Kid\n|-resisted|p1a: Kid\n|-damage|p1a: Kid|91/100\n|move|p1a: Kid|Knock Off|p2a: Ursaluna\n|-damage|p2a: Ursaluna|0 fnt\n|-enditem|p2a: Ursaluna|Leftovers|[from] move: Knock Off|[of] p1a: Kid\n|faint|p2a: Ursaluna\n|\n|-weather|Snow|[upkeep]\n|upkeep\n|\n|t:|1695173299\n|switch|p2a: Dragonite|Dragonite, M|100/100\n|turn|4\n|\n|t:|1695173305\n|move|p1a: Kid|Knock Off|p2a: Dragonite\n|-damage|p2a: Dragonite|82/100\n|-status|p2a: Dragonite|tox|[from] ability: Toxic Chain|[of] p1a: Kid\n|-enditem|p2a: Dragonite|Heavy-Duty Boots|[from] move: Knock Off|[of] p1a: Kid\n|move|p2a: Dragonite|Dragon Dance|p2a: Dragonite\n|-boost|p2a: Dragonite|atk|1\n|-boost|p2a: Dragonite|spe|1\n|\n|-weather|Snow|[upkeep]\n|-damage|p2a: Dragonite|76/100 tox|[from] psn\n|upkeep\n|turn|5\n|\n|t:|1695173311\n|switch|p1a: Ron|Iron Treads|100/100\n|-enditem|p1a: Ron|Booster Energy\n|-activate|p1a: Ron|ability: Quark Drive|[fromitem]\n|-start|p1a: Ron|quarkdrivespe\n|move|p2a: Dragonite|Earthquake|p1a: Ron\n|-supereffective|p1a: Ron\n|-damage|p1a: Ron|5/100\n|\n|-weather|none\n|-damage|p2a: Dragonite|64/100 tox|[from] psn\n|upkeep\n|turn|6\n|\n|t:|1695173318\n|move|p2a: Dragonite|Extreme Speed|p1a: Ron\n|-resisted|p1a: Ron\n|-damage|p1a: Ron|0 fnt\n|faint|p1a: Ron\n|-end|p1a: Ron|Quark Drive|[silent]\n|\n|-damage|p2a: Dragonite|46/100 tox|[from] psn\n|upkeep\n|\n|t:|1695173329\n|switch|p1a: Amo|Mamoswine, F|100/100\n|turn|7\n|\n|t:|1695173338\n|move|p2a: Dragonite|Extreme Speed|p1a: Amo\n|-damage|p1a: Amo|45/100\n|move|p1a: Amo|Ice Shard|p2a: Dragonite\n|-supereffective|p2a: Dragonite\n|-damage|p2a: Dragonite|0 fnt\n|faint|p2a: Dragonite\n|\n|upkeep\n|\n|t:|1695173348\n|switch|p2a: Amoonguss|Amoonguss, F|100/100\n|turn|8\n|\n|t:|1695173372\n|move|p1a: Amo|Icicle Crash|p2a: Amoonguss\n|-supereffective|p2a: Amoonguss\n|-damage|p2a: Amoonguss|31/100\n|-enditem|p2a: Amoonguss|Eject Button\n|\n|t:|1695173382\n|switch|p2a: Rotom|Rotom-Wash|100/100\n|\n|upkeep\n|turn|9\n|\n|t:|1695173387\n|switch|p1a: Low|Slowking-Galar, F|100/100\n|move|p2a: Rotom|Hydro Pump|p1a: Low\n|-damage|p1a: Low|71/100\n|\n|-heal|p1a: Low|77/100|[from] item: Leftovers\n|upkeep\n|turn|10\n|\n|t:|1695173404\n|switch|p2a: Amoonguss|Amoonguss, F|64/100\n|move|p1a: Low|Future Sight|p2a: Amoonguss\n|-start|p1a: Low|move: Future Sight\n|\n|-heal|p1a: Low|83/100|[from] item: Leftovers\n|upkeep\n|turn|11\n|\n|t:|1695173412\n|move|p2a: Amoonguss|Spore|p1a: Low\n|-status|p1a: Low|slp|[from] move: Spore\n|cant|p1a: Low|slp\n|\n|-heal|p1a: Low|89/100 slp|[from] item: Leftovers\n|upkeep\n|turn|12\n|\n|t:|1695173420\n|move|p2a: Amoonguss|Giga Drain|p1a: Low\n|-resisted|p1a: Low\n|-damage|p1a: Low|80/100 slp\n|-heal|p2a: Amoonguss|68/100|[from] drain|[of] p1a: Low\n|cant|p1a: Low|slp\n|\n|-end|p2a: Amoonguss|move: Future Sight\n|-supereffective|p2a: Amoonguss\n|-crit|p2a: Amoonguss\n|-damage|p2a: Amoonguss|0 fnt\n|faint|p2a: Amoonguss\n|-heal|p1a: Low|86/100 slp|[from] item: Leftovers\n|upkeep\n|\n|t:|1695173424\n|switch|p2a: Great Tusk|Great Tusk|100/100\n|turn|13\n|\n|t:|1695173434\n|switch|p1a: Ort|Torterra, M|100/100\n|move|p2a: Great Tusk|Bulk Up|p2a: Great Tusk\n|-boost|p2a: Great Tusk|atk|1\n|-boost|p2a: Great Tusk|def|1\n|\n|upkeep\n|turn|14\n|\n|t:|1695173441\n|move|p2a: Great Tusk|Knock Off|p1a: Ort\n|-damage|p1a: Ort|56/100\n|-enditem|p1a: Ort|Loaded Dice|[from] move: Knock Off|[of] p2a: Great Tusk\n|move|p1a: Ort|Shell Smash|p1a: Ort\n|-unboost|p1a: Ort|def|1\n|-unboost|p1a: Ort|spd|1\n|-boost|p1a: Ort|atk|2\n|-boost|p1a: Ort|spa|2\n|-boost|p1a: Ort|spe|2\n|\n|upkeep\n|turn|15\n|\n|t:|1695173453\n|move|p1a: Ort|Bullet Seed|p2a: Great Tusk\n|-supereffective|p2a: Great Tusk\n|-crit|p2a: Great Tusk\n|-damage|p2a: Great Tusk|65/100\n|-supereffective|p2a: Great Tusk\n|-damage|p2a: Great Tusk|47/100\n|-supereffective|p2a: Great Tusk\n|-damage|p2a: Great Tusk|31/100\n|-hitcount|p2a: Great Tusk|3\n|move|p2a: Great Tusk|Bulk Up|p2a: Great Tusk\n|-boost|p2a: Great Tusk|atk|1\n|-boost|p2a: Great Tusk|def|1\n|\n|-heal|p2a: Great Tusk|37/100|[from] item: Leftovers\n|upkeep\n|turn|16\n|\n|t:|1695173461\n|move|p1a: Ort|Bullet Seed|p2a: Great Tusk\n|-supereffective|p2a: Great Tusk\n|-damage|p2a: Great Tusk|25/100\n|-supereffective|p2a: Great Tusk\n|-damage|p2a: Great Tusk|12/100\n|-hitcount|p2a: Great Tusk|2\n|move|p2a: Great Tusk|Rapid Spin|p1a: Ort\n|-damage|p1a: Ort|16/100\n|-boost|p2a: Great Tusk|spe|1\n|\n|-heal|p2a: Great Tusk|18/100|[from] item: Leftovers\n|upkeep\n|turn|17\n|\n|t:|1695173469\n|move|p1a: Ort|Bullet Seed|p2a: Great Tusk\n|-supereffective|p2a: Great Tusk\n|-damage|p2a: Great Tusk|5/100\n|-supereffective|p2a: Great Tusk\n|-damage|p2a: Great Tusk|0 fnt\n|faint|p2a: Great Tusk\n|-end|p2a: Great Tusk|Protosynthesis|[silent]\n|-hitcount|p2: Great Tusk|2\n|\n|upkeep\n|-message|Krohnos forfeited.\n|\n|win|JumpingSkiploom\n|raw|JumpingSkiploom's rating: 1133 &rarr; <strong>1155</strong><br />(+22 for winning)\n|raw|Krohnos's rating: 1087 &rarr; <strong>1067</strong><br />(-20 for losing)\n|l|\u2606Krohnos\n|c|\u2606JumpingSkiploom|gg\n", "uploadtime": 1695173482, "views": 2, "p1id": "jumpingskiploom", "p2id": "krohnos", "formatid": "gen9ou", "rating": 1067, "private": 0, "password": ""}