{"id": "gen9ou-1947488943", "p1": "Buffton", "p2": "Kuzwa", "format": "gen9ou", "log": "|j|\u2606Buffton\n|j|\u2606Kuzwa\n|t:|1695165603\n|gametype|singles\n|player|p1|Buffton|grimsley|1151\n|player|p2|Kuzwa|cheren-gen5bw2|1246\n|teamsize|p1|6\n|teamsize|p2|6\n|gen|9\n|tier|[Gen 9] OU\n|rated|\n|rule|Sleep Clause Mod: Limit one foe put to sleep\n|rule|Species Clause: Limit one of each Pok\u00e9mon\n|rule|OHKO Clause: OHKO moves are banned\n|rule|Evasion Items Clause: Evasion items are banned\n|rule|Evasion Moves Clause: Evasion moves are banned\n|rule|Endless Battle Clause: Forcing endless battles is banned\n|rule|HP Percentage Mod: HP is shown in percentages\n|clearpoke\n|poke|p1|Kingambit, F|\n|poke|p1|Iron Valiant|\n|poke|p1|Cresselia, F|\n|poke|p1|Samurott-Hisui, M|\n|poke|p1|Great Tusk|\n|poke|p1|Sneasler, M|\n|poke|p2|Gallade, M|\n|poke|p2|Quaquaval, M|\n|poke|p2|Clefable, F|\n|poke|p2|Infernape, M|\n|poke|p2|Scizor, M|\n|poke|p2|Meowscarada, M|\n|teampreview\n|\n|t:|1695165610\n|start\n|switch|p1a: Samurott|Samurott-Hisui, M|100/100\n|switch|p2a: Ragnvaldr|Infernape, M|100/100\n|turn|1\n|\n|t:|1695165618\n|move|p2a: Ragnvaldr|Swords Dance|p2a: Ragnvaldr\n|-boost|p2a: Ragnvaldr|atk|2\n|move|p1a: Samurott|Ceaseless Edge|p2a: Ragnvaldr\n|-resisted|p2a: Ragnvaldr\n|-damage|p2a: Ragnvaldr|67/100\n|-sidestart|p2: Kuzwa|Spikes\n|\n|upkeep\n|turn|2\n|\n|t:|1695165626\n|move|p1a: Samurott|Aqua Jet|p2a: Ragnvaldr\n|-supereffective|p2a: Ragnvaldr\n|-damage|p2a: Ragnvaldr|12/100\n|move|p2a: Ragnvaldr|Drain Punch|p1a: Samurott\n|-supereffective|p1a: Samurott\n|-enditem|p1a: Samurott|Focus Sash\n|-damage|p1a: Samurott|1/100\n|-heal|p2a: Ragnvaldr|66/100|[from] drain|[of] p1a: Samurott\n|\n|upkeep\n|turn|3\n|\n|t:|1695165638\n|move|p1a: Samurott|Aqua Jet|p2a: Ragnvaldr\n|-supereffective|p2a: Ragnvaldr\n|-damage|p2a: Ragnvaldr|12/100\n|move|p2a: Ragnvaldr|Fire Punch|p1a: Samurott\n|-resisted|p1a: Samurott\n|-crit|p1a: Samurott\n|-damage|p1a: Samurott|0 fnt\n|faint|p1a: Samurott\n|\n|upkeep\n|\n|t:|1695165647\n|switch|p1a: Kingambit|Kingambit, F|100/100\n|-activate|p1a: Kingambit|ability: Supreme Overlord\n|-start|p1a: Kingambit|fallen1|[silent]\n|turn|4\n|\n|t:|1695165652\n|move|p1a: Kingambit|Sucker Punch|p2a: Ragnvaldr\n|-resisted|p2a: Ragnvaldr\n|-damage|p2a: Ragnvaldr|0 fnt\n|faint|p2a: Ragnvaldr\n|\n|upkeep\n|\n|t:|1695165657\n|switch|p2a: RuPaul|Quaquaval, M|100/100\n|-damage|p2a: RuPaul|88/100|[from] Spikes\n|turn|5\n|\n|t:|1695165663\n|move|p2a: RuPaul|Rapid Spin|p1a: Kingambit\n|-resisted|p1a: Kingambit\n|-damage|p1a: Kingambit|93/100\n|-boost|p2a: RuPaul|spe|1\n|-sideend|p2: Kuzwa|Spikes|[from] move: Rapid Spin|[of] p2a: RuPaul\n|move|p1a: Kingambit|Swords Dance|p1a: Kingambit\n|-boost|p1a: Kingambit|atk|2\n|\n|upkeep\n|turn|6\n|\n|t:|1695165673\n|move|p2a: RuPaul|Close Combat|p1a: Kingambit\n|-supereffective|p1a: Kingambit\n|-damage|p1a: Kingambit|0 fnt\n|-unboost|p2a: RuPaul|def|1\n|-unboost|p2a: RuPaul|spd|1\n|faint|p1a: Kingambit\n|-end|p1a: Kingambit|fallen1|[silent]\n|-ability|p2a: RuPaul|Moxie|boost\n|-boost|p2a: RuPaul|atk|1\n|\n|upkeep\n|\n|t:|1695165688\n|switch|p1a: Cresselia|Cresselia, F|100/100\n|turn|7\n|\n|t:|1695165694\n|move|p2a: RuPaul|Aqua Step|p1a: Cresselia\n|-damage|p1a: Cresselia|66/100\n|-boost|p2a: RuPaul|spe|1\n|move|p1a: Cresselia|Moonblast|p2a: RuPaul\n|-supereffective|p2a: RuPaul\n|-damage|p2a: RuPaul|16/100\n|\n|-heal|p1a: Cresselia|72/100|[from] item: Leftovers\n|upkeep\n|turn|8\n|\n|t:|1695165704\n|move|p2a: RuPaul|U-turn|p1a: Cresselia\n|-supereffective|p1a: Cresselia\n|-damage|p1a: Cresselia|32/100\n|\n|t:|1695165707\n|switch|p2a: Crow Mauler|Scizor, M|100/100|[from] U-turn\n|move|p1a: Cresselia|Moonblast|p2a: Crow Mauler\n|-resisted|p2a: Crow Mauler\n|-damage|p2a: Crow Mauler|89/100\n|\n|-heal|p1a: Cresselia|38/100|[from] item: Leftovers\n|upkeep\n|turn|9\n|\n|t:|1695165717\n|move|p1a: Cresselia|Moonlight|p1a: Cresselia\n|-heal|p1a: Cresselia|88/100\n|move|p2a: Crow Mauler|Swords Dance|p2a: Crow Mauler\n|-boost|p2a: Crow Mauler|atk|2\n|\n|-heal|p1a: Cresselia|94/100|[from] item: Leftovers\n|upkeep\n|turn|10\n|\n|t:|1695165727\n|switch|p1a: Great Tusk|Great Tusk|100/100\n|-enditem|p1a: Great Tusk|Booster Energy\n|-activate|p1a: Great Tusk|ability: Protosynthesis|[fromitem]\n|-start|p1a: Great Tusk|protosynthesisspe\n|move|p2a: Crow Mauler|Fury Cutter|p1a: Great Tusk\n|-resisted|p1a: Great Tusk\n|-damage|p1a: Great Tusk|79/100\n|\n|upkeep\n|turn|11\n|\n|t:|1695165741\n|move|p1a: Great Tusk|Bulk Up|p1a: Great Tusk\n|-boost|p1a: Great Tusk|atk|1\n|-boost|p1a: Great Tusk|def|1\n|move|p2a: Crow Mauler|Dual Wingbeat|p1a: Great Tusk\n|-supereffective|p1a: Great Tusk\n|-damage|p1a: Great Tusk|44/100\n|-supereffective|p1a: Great Tusk\n|-damage|p1a: Great Tusk|8/100\n|-hitcount|p1a: Great Tusk|2\n|\n|upkeep\n|turn|12\n|\n|t:|1695165752\n|move|p2a: Crow Mauler|Bullet Punch|p1a: Great Tusk\n|-damage|p1a: Great Tusk|0 fnt\n|faint|p1a: Great Tusk\n|-end|p1a: Great Tusk|Protosynthesis|[silent]\n|\n|upkeep\n|\n|t:|1695165763\n|switch|p1a: Sneasler|Sneasler, M|100/100\n|-item|p1a: Sneasler|Air Balloon\n|turn|13\n|\n|t:|1695165770\n|move|p2a: Crow Mauler|Bullet Punch|p1a: Sneasler\n|-damage|p1a: Sneasler|0 fnt\n|-enditem|p1a: Sneasler|Air Balloon\n|faint|p1a: Sneasler\n|\n|upkeep\n|-message|Buffton forfeited.\n|\n|win|Kuzwa\n|raw|Buffton's rating: 1151 &rarr; <strong>1133</strong><br />(-18 for losing)\n|raw|Kuzwa's rating: 1246 &rarr; <strong>1264</strong><br />(+18 for winning)\n|l|\u2606Buffton\n", "uploadtime": 1695165784, "views": 1, "p1id": "buffton", "p2id": "kuzwa", "formatid": "gen9ou", "rating": 1133, "private": 0, "password": ""}