{"id": "gen9ou-1947496442", "p1": "kl2006", "p2": "babooneweethwee", "format": "gen9ou", "log": "|j|\u2606kl2006\n|j|\u2606babooneweethwee\n|t:|1695166358\n|gametype|singles\n|player|p1|kl2006|1|1398\n|player|p2|babooneweethwee|depotagent|1425\n|teamsize|p1|6\n|teamsize|p2|6\n|gen|9\n|tier|[Gen 9] OU\n|rated|\n|rule|Sleep Clause Mod: Limit one foe put to sleep\n|rule|Species Clause: Limit one of each Pok\u00e9mon\n|rule|OHKO Clause: OHKO moves are banned\n|rule|Evasion Items Clause: Evasion items are banned\n|rule|Evasion Moves Clause: Evasion moves are banned\n|rule|Endless Battle Clause: Forcing endless battles is banned\n|rule|HP Percentage Mod: HP is shown in percentages\n|clearpoke\n|poke|p1|Gliscor, F|\n|poke|p1|Zamazenta-*|\n|poke|p1|Samurott-Hisui, F|\n|poke|p1|Gholdengo|\n|poke|p1|Dragapult, F|\n|poke|p1|Garchomp, M|\n|poke|p2|Torkoal, F|\n|poke|p2|Roaring Moon|\n|poke|p2|Ogerpon-Hearthflame, F|\n|poke|p2|Walking Wake|\n|poke|p2|Scream Tail|\n|poke|p2|Clodsire, M|\n|teampreview\n|\n|t:|1695166375\n|start\n|switch|p1a: Gliscor|Gliscor, F|100/100\n|switch|p2a: Ogerpon|Ogerpon-Hearthflame, F|100/100\n|-ability|p2a: Ogerpon|Mold Breaker\n|turn|1\n|\n|t:|1695166382\n|switch|p2a: Scream Tail|Scream Tail|100/100\n|move|p1a: Gliscor|Toxic|p2a: Scream Tail\n|-status|p2a: Scream Tail|tox\n|\n|-damage|p2a: Scream Tail|94/100 tox|[from] psn\n|-status|p1a: Gliscor|tox|[from] item: Toxic Orb\n|upkeep\n|turn|2\n|\n|t:|1695166391\n|move|p2a: Scream Tail|Wish|p2a: Scream Tail\n|move|p1a: Gliscor|Stealth Rock|p2a: Scream Tail\n|-sidestart|p2: babooneweethwee|move: Stealth Rock\n|\n|-damage|p2a: Scream Tail|82/100 tox|[from] psn\n|upkeep\n|turn|3\n|\n|t:|1695166395\n|-end|p2a: Scream Tail|Protosynthesis|[silent]\n|switch|p2a: Walking Wake|Walking Wake|100/100\n|-damage|p2a: Walking Wake|88/100|[from] Stealth Rock\n|move|p1a: Gliscor|Earthquake|p2a: Walking Wake\n|-crit|p2a: Walking Wake\n|-damage|p2a: Walking Wake|29/100\n|\n|-heal|p2a: Walking Wake|90/100|[from] move: Wish|[wisher] Scream Tail\n|upkeep\n|turn|4\n|\n|t:|1695166406\n|switch|p1a: Dragapult|Dragapult, F|100/100\n|move|p2a: Walking Wake|Draco Meteor|p1a: Dragapult\n|-supereffective|p1a: Dragapult\n|-damage|p1a: Dragapult|0 fnt\n|-unboost|p2a: Walking Wake|spa|2\n|faint|p1a: Dragapult\n|\n|upkeep\n|\n|t:|1695166411\n|switch|p1a: Samurott|Samurott-Hisui, F|100/100\n|turn|5\n|\n|t:|1695166425\n|-end|p2a: Walking Wake|Protosynthesis|[silent]\n|switch|p2a: Torkoal|Torkoal, F|100/100\n|-damage|p2a: Torkoal|76/100|[from] Stealth Rock\n|-weather|SunnyDay|[from] ability: Drought|[of] p2a: Torkoal\n|move|p1a: Samurott|Ceaseless Edge|p2a: Torkoal\n|-damage|p2a: Torkoal|49/100\n|-sidestart|p2: babooneweethwee|Spikes\n|\n|-weather|SunnyDay|[upkeep]\n|upkeep\n|turn|6\n|\n|t:|1695166431\n|move|p1a: Samurott|Knock Off|p2a: Torkoal\n|-damage|p2a: Torkoal|19/100\n|-enditem|p2a: Torkoal|Heat Rock|[from] move: Knock Off|[of] p1a: Samurott\n|move|p2a: Torkoal|Rapid Spin|p1a: Samurott\n|-damage|p1a: Samurott|90/100\n|-boost|p2a: Torkoal|spe|1\n|-sideend|p2: babooneweethwee|Spikes|[from] move: Rapid Spin|[of] p2a: Torkoal\n|-sideend|p2: babooneweethwee|Stealth Rock|[from] move: Rapid Spin|[of] p2a: Torkoal\n|\n|-weather|SunnyDay|[upkeep]\n|upkeep\n|turn|7\n|\n|t:|1695166437\n|move|p1a: Samurott|Ceaseless Edge|p2a: Torkoal\n|-damage|p2a: Torkoal|0 fnt\n|-sidestart|p2: babooneweethwee|Spikes\n|faint|p2a: Torkoal\n|\n|-weather|SunnyDay|[upkeep]\n|upkeep\n|\n|t:|1695166451\n|switch|p2a: Roaring Moon|Roaring Moon|100/100\n|-damage|p2a: Roaring Moon|88/100|[from] Spikes\n|-activate|p2a: Roaring Moon|ability: Protosynthesis\n|-start|p2a: Roaring Moon|protosynthesisatk\n|turn|8\n|\n|t:|1695166467\n|move|p2a: Roaring Moon|U-turn|p1a: Samurott\n|-supereffective|p1a: Samurott\n|-damage|p1a: Samurott|0 fnt\n|faint|p1a: Samurott\n|\n|t:|1695166478\n|-end|p2a: Roaring Moon|Protosynthesis|[silent]\n|switch|p2a: Walking Wake|Walking Wake|90/100|[from] U-turn\n|-damage|p2a: Walking Wake|78/100|[from] Spikes\n|-activate|p2a: Walking Wake|ability: Protosynthesis\n|-start|p2a: Walking Wake|protosynthesisspa\n|\n|-weather|SunnyDay|[upkeep]\n|upkeep\n|\n|t:|1695166485\n|switch|p1a: Garchomp|Garchomp, M|100/100\n|turn|9\n|\n|t:|1695166493\n|-end|p2a: Walking Wake|Protosynthesis|[silent]\n|switch|p2a: Scream Tail|Scream Tail|82/100 tox\n|-activate|p2a: Scream Tail|ability: Protosynthesis\n|-start|p2a: Scream Tail|protosynthesisdef\n|-terastallize|p1a: Garchomp|Steel\n|move|p1a: Garchomp|Scale Shot|p2a: Scream Tail\n|-immune|p2a: Scream Tail\n|\n|-weather|SunnyDay|[upkeep]\n|-damage|p2a: Scream Tail|76/100 tox|[from] psn\n|upkeep\n|turn|10\n|\n|t:|1695166498\n|move|p1a: Garchomp|Iron Head|p2a: Scream Tail\n|-supereffective|p2a: Scream Tail\n|-damage|p2a: Scream Tail|34/100 tox\n|move|p2a: Scream Tail|Encore|p1a: Garchomp\n|-start|p1a: Garchomp|Encore\n|\n|-weather|SunnyDay|[upkeep]\n|-damage|p2a: Scream Tail|22/100 tox|[from] psn\n|upkeep\n|turn|11\n|\n|t:|1695166503\n|switch|p1a: Gliscor|Gliscor, F|100/100 tox\n|-end|p2a: Scream Tail|Protosynthesis|[silent]\n|switch|p2a: Walking Wake|Walking Wake|78/100\n|-damage|p2a: Walking Wake|66/100|[from] Spikes\n|-activate|p2a: Walking Wake|ability: Protosynthesis\n|-start|p2a: Walking Wake|protosynthesisspa\n|\n|-weather|SunnyDay|[upkeep]\n|upkeep\n|turn|12\n|\n|t:|1695166509\n|move|p2a: Walking Wake|Hydro Steam|p1a: Gliscor\n|-supereffective|p1a: Gliscor\n|-damage|p1a: Gliscor|0 fnt\n|faint|p1a: Gliscor\n|\n|-weather|none\n|-end|p2a: Walking Wake|Protosynthesis\n|upkeep\n|-message|kl2006 forfeited.\n|\n|win|babooneweethwee\n|raw|kl2006's rating: 1398 &rarr; <strong>1380</strong><br />(-18 for losing)\n|raw|babooneweethwee's rating: 1425 &rarr; <strong>1443</strong><br />(+18 for winning)\n|l|\u2606kl2006\n", "uploadtime": 1695166521, "views": 1, "p1id": "kl2006", "p2id": "babooneweethwee", "formatid": "gen9ou", "rating": 1380, "private": 0, "password": ""}