{"id": "gen9ou-1947489883", "p1": "Sprocket0835", "p2": "NelsonIs7202", "format": "gen9ou", "log": "|j|\u2606Sprocket0835\n|j|\u2606NelsonIs7202\n|t:|1695165697\n|gametype|singles\n|player|p1|Sprocket0835|hilbert|1332\n|player|p2|NelsonIs7202|dawn|1320\n|teamsize|p1|6\n|teamsize|p2|6\n|gen|9\n|tier|[Gen 9] OU\n|rated|\n|rule|Sleep Clause Mod: Limit one foe put to sleep\n|rule|Species Clause: Limit one of each Pok\u00e9mon\n|rule|OHKO Clause: OHKO moves are banned\n|rule|Evasion Items Clause: Evasion items are banned\n|rule|Evasion Moves Clause: Evasion moves are banned\n|rule|Endless Battle Clause: Forcing endless battles is banned\n|rule|HP Percentage Mod: HP is shown in percentages\n|clearpoke\n|poke|p1|Ninetales-Alola, M|\n|poke|p1|Torterra, M|\n|poke|p1|Iron Moth|\n|poke|p1|Goodra-Hisui, F|\n|poke|p1|Samurott-Hisui, M|\n|poke|p1|Ursaluna-Bloodmoon, M|\n|poke|p2|Ninetales, M|\n|poke|p2|Walking Wake|\n|poke|p2|Gliscor, F|\n|poke|p2|Lilligant-Hisui, F|\n|poke|p2|Hoopa-Unbound|\n|poke|p2|Glimmora, F|\n|teampreview\n|inactive|Battle timer is ON: inactive players will automatically lose when time's up. (requested by NelsonIs7202)\n|\n|t:|1695165724\n|start\n|switch|p1a: Samurott|Samurott-Hisui, M|100/100\n|switch|p2a: Ninetales|Ninetales, M|100/100\n|-weather|SunnyDay|[from] ability: Drought|[of] p2a: Ninetales\n|turn|1\n|\n|t:|1695165732\n|move|p2a: Ninetales|Solar Beam||[still]\n|-prepare|p2a: Ninetales|Solar Beam\n|-anim|p2a: Ninetales|Solar Beam|p1a: Samurott\n|-supereffective|p1a: Samurott\n|-damage|p1a: Samurott|0 fnt\n|faint|p1a: Samurott\n|\n|-weather|SunnyDay|[upkeep]\n|upkeep\n|inactive|Sprocket0835 has 120 seconds left.\n|inactive|Sprocket0835 has 90 seconds left.\n|\n|t:|1695165801\n|switch|p1a: Goodra|Goodra-Hisui, F|100/100\n|turn|2\n|inactive|Sprocket0835 has 90 seconds left.\n|\n|t:|1695165809\n|switch|p2a: Gliscor|Gliscor, F|100/100\n|move|p1a: Goodra|Draco Meteor|p2a: Gliscor\n|-damage|p2a: Gliscor|16/100\n|-unboost|p1a: Goodra|spa|2\n|\n|-weather|SunnyDay|[upkeep]\n|-status|p2a: Gliscor|tox|[from] item: Toxic Orb\n|upkeep\n|turn|3\n|\n|t:|1695165818\n|move|p2a: Gliscor|Earthquake|p1a: Goodra\n|-supereffective|p1a: Goodra\n|-damage|p1a: Goodra|35/100\n|move|p1a: Goodra|Fire Blast|p2a: Gliscor\n|-damage|p2a: Gliscor|0 fnt\n|faint|p2a: Gliscor\n|\n|-weather|SunnyDay|[upkeep]\n|upkeep\n|\n|t:|1695165833\n|switch|p2a: Hoopa|Hoopa-Unbound|100/100\n|turn|4\n|\n|t:|1695165845\n|move|p2a: Hoopa|Dark Pulse|p1a: Goodra\n|-damage|p1a: Goodra|1/100\n|cant|p1a: Goodra|flinch\n|\n|-weather|SunnyDay|[upkeep]\n|upkeep\n|turn|5\n|\n|t:|1695165858\n|move|p2a: Hoopa|Dark Pulse|p1a: Goodra\n|-damage|p1a: Goodra|0 fnt\n|faint|p1a: Goodra\n|\n|-weather|none\n|upkeep\n|\n|t:|1695165874\n|switch|p1a: Ursaluna|Ursaluna-Bloodmoon, M|100/100\n|turn|6\n|\n|t:|1695165876\n|move|p2a: Hoopa|Dark Pulse|p1a: Ursaluna\n|-damage|p1a: Ursaluna|37/100\n|move|p1a: Ursaluna|Calm Mind|p1a: Ursaluna\n|-boost|p1a: Ursaluna|spa|1\n|-boost|p1a: Ursaluna|spd|1\n|\n|-heal|p1a: Ursaluna|43/100|[from] item: Leftovers\n|upkeep\n|turn|7\n|\n|t:|1695165884\n|-terastallize|p1a: Ursaluna|Fighting\n|move|p1a: Ursaluna|Vacuum Wave|p2a: Hoopa\n|-damage|p2a: Hoopa|75/100\n|move|p2a: Hoopa|Dark Pulse|p1a: Ursaluna\n|-resisted|p1a: Ursaluna\n|-damage|p1a: Ursaluna|22/100\n|\n|-heal|p1a: Ursaluna|28/100|[from] item: Leftovers\n|upkeep\n|turn|8\n|inactive|Sprocket0835 has 120 seconds left.\n|\n|t:|1695165891\n|move|p2a: Hoopa|Dark Pulse|p1a: Ursaluna\n|-resisted|p1a: Ursaluna\n|-damage|p1a: Ursaluna|8/100\n|move|p1a: Ursaluna|Blood Moon|p2a: Hoopa\n|-damage|p2a: Hoopa|0 fnt\n|faint|p2a: Hoopa\n|\n|-heal|p1a: Ursaluna|14/100|[from] item: Leftovers\n|upkeep\n|\n|t:|1695165904\n|switch|p2a: Ninetales|Ninetales, M|100/100\n|-weather|SunnyDay|[from] ability: Drought|[of] p2a: Ninetales\n|turn|9\n|\n|t:|1695165916\n|switch|p1a: Ninetales|Ninetales-Alola, M|100/100\n|-weather|Snow|[from] ability: Snow Warning|[of] p1a: Ninetales\n|move|p2a: Ninetales|Weather Ball|p1a: Ninetales\n|-resisted|p1a: Ninetales\n|-damage|p1a: Ninetales|86/100\n|\n|-weather|Snow|[upkeep]\n|upkeep\n|turn|10\n|\n|t:|1695165935\n|switch|p2a: Glimmora|Glimmora, F|100/100\n|move|p1a: Ninetales|Aurora Veil|p1a: Ninetales\n|-sidestart|p1: Sprocket0835|move: Aurora Veil\n|\n|-weather|Snow|[upkeep]\n|upkeep\n|turn|11\n|\n|t:|1695165948\n|move|p1a: Ninetales|Freeze-Dry|p2a: Glimmora\n|-damage|p2a: Glimmora|72/100\n|move|p2a: Glimmora|Mortal Spin|p1a: Ninetales\n|-supereffective|p1a: Ninetales\n|-damage|p1a: Ninetales|82/100\n|-status|p1a: Ninetales|psn\n|\n|-weather|Snow|[upkeep]\n|-damage|p1a: Ninetales|70/100 psn|[from] psn\n|upkeep\n|turn|12\n|\n|t:|1695165957\n|move|p1a: Ninetales|Encore|p2a: Glimmora\n|-start|p2a: Glimmora|Encore\n|move|p2a: Glimmora|Mortal Spin|p1a: Ninetales\n|-supereffective|p1a: Ninetales\n|-damage|p1a: Ninetales|65/100 psn\n|\n|-weather|Snow|[upkeep]\n|-damage|p1a: Ninetales|53/100 psn|[from] psn\n|upkeep\n|turn|13\n|\n|t:|1695165961\n|switch|p1a: Iron Moth|Iron Moth|100/100\n|-enditem|p1a: Iron Moth|Booster Energy\n|-activate|p1a: Iron Moth|ability: Quark Drive|[fromitem]\n|-start|p1a: Iron Moth|quarkdrivespe\n|move|p2a: Glimmora|Mortal Spin|p1a: Iron Moth\n|-resisted|p1a: Iron Moth\n|-damage|p1a: Iron Moth|99/100\n|\n|-weather|none\n|upkeep\n|turn|14\n|\n|t:|1695165972\n|switch|p2a: Ninetales|Ninetales, M|100/100\n|-weather|SunnyDay|[from] ability: Drought|[of] p2a: Ninetales\n|move|p1a: Iron Moth|Toxic Spikes|p2a: Ninetales\n|-sidestart|p2: NelsonIs7202|move: Toxic Spikes\n|\n|-weather|SunnyDay|[upkeep]\n|upkeep\n|turn|15\n|\n|t:|1695165980\n|move|p1a: Iron Moth|Sludge Wave|p2a: Ninetales\n|-damage|p2a: Ninetales|42/100\n|move|p2a: Ninetales|Weather Ball|p1a: Iron Moth\n|-resisted|p1a: Iron Moth\n|-damage|p1a: Iron Moth|84/100\n|\n|-weather|SunnyDay|[upkeep]\n|upkeep\n|turn|16\n|\n|t:|1695165986\n|move|p1a: Iron Moth|Fiery Dance|p2a: Ninetales\n|-resisted|p2a: Ninetales\n|-damage|p2a: Ninetales|6/100\n|-boost|p1a: Iron Moth|spa|1\n|move|p2a: Ninetales|Weather Ball|p1a: Iron Moth\n|-resisted|p1a: Iron Moth\n|-damage|p1a: Iron Moth|69/100\n|\n|-weather|SunnyDay|[upkeep]\n|upkeep\n|turn|17\n|\n|t:|1695165994\n|move|p1a: Iron Moth|Fiery Dance|p2a: Ninetales\n|-resisted|p2a: Ninetales\n|-damage|p2a: Ninetales|0 fnt\n|faint|p2a: Ninetales\n|\n|-weather|SunnyDay|[upkeep]\n|-sideend|p1: Sprocket0835|move: Aurora Veil\n|upkeep\n|\n|t:|1695165997\n|switch|p2a: Walking Wake|Walking Wake|100/100\n|-status|p2a: Walking Wake|psn\n|-activate|p2a: Walking Wake|ability: Protosynthesis\n|-start|p2a: Walking Wake|protosynthesisspe\n|turn|18\n|\n|t:|1695166004\n|move|p1a: Iron Moth|Dazzling Gleam|p2a: Walking Wake\n|-supereffective|p2a: Walking Wake\n|-damage|p2a: Walking Wake|8/100 psn\n|move|p2a: Walking Wake|Hydro Steam|p1a: Iron Moth\n|-supereffective|p1a: Iron Moth\n|-damage|p1a: Iron Moth|0 fnt\n|faint|p1a: Iron Moth\n|-end|p1a: Iron Moth|Quark Drive|[silent]\n|\n|-weather|none\n|-end|p2a: Walking Wake|Protosynthesis\n|-damage|p2a: Walking Wake|0 fnt|[from] psn\n|faint|p2a: Walking Wake\n|-end|p2a: Walking Wake|Protosynthesis|[silent]\n|upkeep\n|\n|t:|1695166021\n|switch|p1a: Ninetales|Ninetales-Alola, M|53/100 psn\n|switch|p2a: Lilligant|Lilligant-Hisui, F|100/100\n|-weather|Snow|[from] ability: Snow Warning|[of] p1a: Ninetales\n|turn|19\n|\n|t:|1695166029\n|-terastallize|p2a: Lilligant|Fairy\n|move|p1a: Ninetales|Aurora Veil|p1a: Ninetales\n|-sidestart|p1: Sprocket0835|move: Aurora Veil\n|move|p2a: Lilligant|Victory Dance|p2a: Lilligant\n|-boost|p2a: Lilligant|atk|1\n|-boost|p2a: Lilligant|def|1\n|-boost|p2a: Lilligant|spe|1\n|\n|-weather|Snow|[upkeep]\n|-damage|p1a: Ninetales|41/100 psn|[from] psn\n|upkeep\n|turn|20\n|\n|t:|1695166044\n|move|p2a: Lilligant|Leaf Blade|p1a: Ninetales\n|-damage|p1a: Ninetales|15/100 psn\n|move|p1a: Ninetales|Encore|p2a: Lilligant\n|-start|p2a: Lilligant|Encore\n|\n|-weather|Snow|[upkeep]\n|-damage|p1a: Ninetales|2/100 psn|[from] psn\n|upkeep\n|turn|21\n|\n|t:|1695166049\n|move|p2a: Lilligant|Leaf Blade|p1a: Ninetales\n|-damage|p1a: Ninetales|0 fnt\n|faint|p1a: Ninetales\n|\n|-weather|Snow|[upkeep]\n|upkeep\n|\n|t:|1695166050\n|switch|p1a: Torterra|Torterra, M|100/100\n|turn|22\n|\n|t:|1695166057\n|move|p2a: Lilligant|Leaf Blade|p1a: Torterra\n|-damage|p1a: Torterra|66/100\n|move|p1a: Torterra|Shell Smash|p1a: Torterra\n|-unboost|p1a: Torterra|def|1\n|-unboost|p1a: Torterra|spd|1\n|-boost|p1a: Torterra|atk|2\n|-boost|p1a: Torterra|spa|2\n|-boost|p1a: Torterra|spe|2\n|\n|-weather|Snow|[upkeep]\n|upkeep\n|turn|23\n|\n|t:|1695166066\n|move|p1a: Torterra|Bullet Seed|p2a: Lilligant\n|-damage|p2a: Lilligant|79/100\n|-damage|p2a: Lilligant|56/100\n|-crit|p2a: Lilligant\n|-damage|p2a: Lilligant|8/100\n|-damage|p2a: Lilligant|0 fnt\n|faint|p2a: Lilligant\n|-hitcount|p2: Lilligant|4\n|\n|-weather|none\n|upkeep\n|-message|NelsonIs7202 forfeited.\n|\n|win|Sprocket0835\n|raw|Sprocket0835's rating: 1332 &rarr; <strong>1351</strong><br />(+19 for winning)\n|raw|NelsonIs7202's rating: 1320 &rarr; <strong>1301</strong><br />(-19 for losing)\n", "uploadtime": 1695166078, "views": 5, "p1id": "sprocket0835", "p2id": "nelsonis7202", "formatid": "gen9ou", "rating": 1301, "private": 0, "password": ""}