{"id": "gen9ou-1947567578", "p1": "adpg.alt", "p2": "CNT JuanS13", "format": "gen9ou", "log": "|j|\u2606adpg.alt\n|j|\u2606CNT JuanS13\n|t:|1695173323\n|gametype|singles\n|player|p1|adpg.alt|hilbert-wonderlauncher|1284\n|player|p2|CNT JuanS13|iono|1345\n|teamsize|p1|6\n|teamsize|p2|6\n|gen|9\n|tier|[Gen 9] OU\n|rated|\n|rule|Sleep Clause Mod: Limit one foe put to sleep\n|rule|Species Clause: Limit one of each Pok\u00e9mon\n|rule|OHKO Clause: OHKO moves are banned\n|rule|Evasion Items Clause: Evasion items are banned\n|rule|Evasion Moves Clause: Evasion moves are banned\n|rule|Endless Battle Clause: Forcing endless battles is banned\n|rule|HP Percentage Mod: HP is shown in percentages\n|clearpoke\n|poke|p1|Weavile, F|\n|poke|p1|Samurott-Hisui, F|\n|poke|p1|Cinderace, F|\n|poke|p1|Walking Wake|\n|poke|p1|Iron Valiant|\n|poke|p1|Gholdengo|\n|poke|p2|Ursaluna-Bloodmoon, M|\n|poke|p2|Ninetales-Alola, M|\n|poke|p2|Dondozo, M|\n|poke|p2|Kingambit, M|\n|poke|p2|Great Tusk|\n|poke|p2|Munkidori, M|\n|teampreview\n|\n|t:|1695173333\n|start\n|switch|p1a: Samurott|Samurott-Hisui, F|100/100\n|switch|p2a: Ninetales|Ninetales-Alola, M|100/100\n|-weather|Snow|[from] ability: Snow Warning|[of] p2a: Ninetales\n|turn|1\n|\n|t:|1695173340\n|move|p2a: Ninetales|Aurora Veil|p2a: Ninetales\n|-sidestart|p2: CNT JuanS13|move: Aurora Veil\n|move|p1a: Samurott|Ceaseless Edge|p2a: Ninetales\n|-resisted|p2a: Ninetales\n|-damage|p2a: Ninetales|89/100\n|-sidestart|p2: CNT JuanS13|Spikes\n|\n|-weather|Snow|[upkeep]\n|upkeep\n|turn|2\n|\n|t:|1695173349\n|move|p2a: Ninetales|Moonblast|p1a: Samurott\n|-supereffective|p1a: Samurott\n|-enditem|p1a: Samurott|Focus Sash\n|-damage|p1a: Samurott|1/100\n|move|p1a: Samurott|Ceaseless Edge|p2a: Ninetales|[miss]\n|-miss|p1a: Samurott|p2a: Ninetales\n|\n|-weather|Snow|[upkeep]\n|upkeep\n|turn|3\n|\n|t:|1695173359\n|switch|p1a: Gholdengo|Gholdengo|100/100\n|move|p2a: Ninetales|Moonblast|p1a: Gholdengo\n|-resisted|p1a: Gholdengo\n|-damage|p1a: Gholdengo|78/100\n|-unboost|p1a: Gholdengo|spa|1\n|\n|-weather|Snow|[upkeep]\n|upkeep\n|turn|4\n|\n|t:|1695173369\n|switch|p2a: Kingambit|Kingambit, M|100/100\n|-damage|p2a: Kingambit|88/100|[from] Spikes\n|move|p1a: Gholdengo|Trick|p2a: Kingambit\n|-activate|p1a: Gholdengo|move: Trick|[of] p2a: Kingambit\n|-item|p2a: Kingambit|Choice Scarf|[from] move: Trick\n|-item|p1a: Gholdengo|Leftovers|[from] move: Trick\n|\n|-weather|Snow|[upkeep]\n|-heal|p1a: Gholdengo|84/100|[from] item: Leftovers\n|upkeep\n|turn|5\n|\n|t:|1695173385\n|switch|p1a: Samurott|Samurott-Hisui, F|1/100\n|move|p2a: Kingambit|Kowtow Cleave|p1a: Samurott\n|-resisted|p1a: Samurott\n|-damage|p1a: Samurott|0 fnt\n|faint|p1a: Samurott\n|\n|-weather|none\n|upkeep\n|\n|t:|1695173400\n|switch|p1a: Cinderace|Cinderace, F|100/100\n|turn|6\n|\n|t:|1695173410\n|-end|p2a: Kingambit|fallenundefined|[silent]\n|switch|p2a: Dondozo|Dondozo, M|100/100\n|-damage|p2a: Dondozo|88/100|[from] Spikes\n|move|p1a: Cinderace|Pyro Ball|p2a: Dondozo\n|-resisted|p2a: Dondozo\n|-damage|p2a: Dondozo|79/100\n|\n|-heal|p2a: Dondozo|85/100|[from] item: Leftovers\n|upkeep\n|turn|7\n|\n|t:|1695173420\n|switch|p1a: Gholdengo|Gholdengo|84/100\n|move|p2a: Dondozo|Liquidation|p1a: Gholdengo\n|-damage|p1a: Gholdengo|49/100\n|\n|-heal|p1a: Gholdengo|55/100|[from] item: Leftovers\n|-heal|p2a: Dondozo|91/100|[from] item: Leftovers\n|upkeep\n|turn|8\n|\n|t:|1695173426\n|move|p1a: Gholdengo|Shadow Ball|p2a: Dondozo\n|-damage|p2a: Dondozo|69/100\n|-unboost|p2a: Dondozo|spd|1\n|move|p2a: Dondozo|Liquidation|p1a: Gholdengo\n|-damage|p1a: Gholdengo|20/100\n|\n|-heal|p1a: Gholdengo|26/100|[from] item: Leftovers\n|-heal|p2a: Dondozo|75/100|[from] item: Leftovers\n|-sideend|p2: CNT JuanS13|move: Aurora Veil\n|upkeep\n|turn|9\n|\n|t:|1695173438\n|switch|p2a: Kingambit|Kingambit, M|88/100\n|-damage|p2a: Kingambit|76/100|[from] Spikes\n|-terastallize|p1a: Gholdengo|Ghost\n|move|p1a: Gholdengo|Shadow Ball|p2a: Kingambit\n|-resisted|p2a: Kingambit\n|-crit|p2a: Kingambit\n|-damage|p2a: Kingambit|36/100\n|\n|-heal|p1a: Gholdengo|32/100|[from] item: Leftovers\n|upkeep\n|turn|10\n|\n|t:|1695173452\n|move|p1a: Gholdengo|Shadow Ball|p2a: Kingambit\n|-resisted|p2a: Kingambit\n|-damage|p2a: Kingambit|7/100\n|move|p2a: Kingambit|Kowtow Cleave|p1a: Gholdengo\n|-supereffective|p1a: Gholdengo\n|-damage|p1a: Gholdengo|0 fnt\n|faint|p1a: Gholdengo\n|\n|upkeep\n|\n|t:|1695173464\n|switch|p1a: Iron Valiant|Iron Valiant|100/100\n|-enditem|p1a: Iron Valiant|Booster Energy\n|-activate|p1a: Iron Valiant|ability: Quark Drive|[fromitem]\n|-start|p1a: Iron Valiant|quarkdrivespe\n|turn|11\n|\n|t:|1695173477\n|-end|p2a: Kingambit|fallenundefined|[silent]\n|switch|p2a: Ninetales|Ninetales-Alola, M|89/100\n|-damage|p2a: Ninetales|77/100|[from] Spikes\n|-weather|Snow|[from] ability: Snow Warning|[of] p2a: Ninetales\n|move|p1a: Iron Valiant|Calm Mind|p1a: Iron Valiant\n|-boost|p1a: Iron Valiant|spa|1\n|-boost|p1a: Iron Valiant|spd|1\n|\n|-weather|Snow|[upkeep]\n|upkeep\n|turn|12\n|\n|t:|1695173486\n|move|p1a: Iron Valiant|Moonblast|p2a: Ninetales\n|-damage|p2a: Ninetales|0 fnt\n|faint|p2a: Ninetales\n|\n|-weather|Snow|[upkeep]\n|upkeep\n|\n|t:|1695173489\n|switch|p2a: Munkidori|Munkidori, M|100/100\n|-damage|p2a: Munkidori|88/100|[from] Spikes\n|turn|13\n|\n|t:|1695173504\n|-end|p1a: Iron Valiant|Quark Drive|[silent]\n|switch|p1a: Weavile|Weavile, F|100/100\n|move|p2a: Munkidori|Psyshock|p1a: Weavile\n|-immune|p1a: Weavile\n|\n|-weather|Snow|[upkeep]\n|upkeep\n|turn|14\n|\n|t:|1695173512\n|switch|p2a: Kingambit|Kingambit, M|7/100\n|-damage|p2a: Kingambit|0 fnt|[from] Spikes\n|faint|p2a: Kingambit\n|-end|p2a: Kingambit|fallenundefined|[silent]\n|move|p1a: Weavile|Knock Off|p2: Kingambit|[notarget]\n|-fail|p1a: Weavile\n|\n|-weather|Snow|[upkeep]\n|upkeep\n|\n|t:|1695173523\n|switch|p2a: Dondozo|Dondozo, M|75/100\n|-damage|p2a: Dondozo|63/100|[from] Spikes\n|turn|15\n|\n|t:|1695173529\n|move|p1a: Weavile|Knock Off|p2a: Dondozo\n|-damage|p2a: Dondozo|43/100\n|-enditem|p2a: Dondozo|Leftovers|[from] move: Knock Off|[of] p1a: Weavile\n|move|p2a: Dondozo|Curse|p2a: Dondozo\n|-unboost|p2a: Dondozo|spe|1\n|-boost|p2a: Dondozo|atk|1\n|-boost|p2a: Dondozo|def|1\n|\n|-weather|none\n|upkeep\n|turn|16\n|\n|t:|1695173535\n|switch|p1a: Walking Wake|Walking Wake|100/100\n|move|p2a: Dondozo|Rest|p2a: Dondozo\n|-status|p2a: Dondozo|slp|[from] move: Rest\n|-heal|p2a: Dondozo|100/100 slp|[silent]\n|\n|upkeep\n|turn|17\n|\n|t:|1695173542\n|move|p1a: Walking Wake|Draco Meteor|p2a: Dondozo\n|-damage|p2a: Dondozo|3/100 slp\n|-unboost|p1a: Walking Wake|spa|2\n|cant|p2a: Dondozo|slp\n|move|p2a: Dondozo|Sleep Talk|p2a: Dondozo\n|move|p2a: Dondozo|Liquidation|p1a: Walking Wake|[from]move: Sleep Talk\n|-resisted|p1a: Walking Wake\n|-damage|p1a: Walking Wake|89/100\n|\n|upkeep\n|turn|18\n|\n|t:|1695173554\n|move|p1a: Walking Wake|Draco Meteor|p2a: Dondozo\n|-damage|p2a: Dondozo|0 fnt\n|-unboost|p1a: Walking Wake|spa|2\n|faint|p2a: Dondozo\n|\n|upkeep\n|\n|t:|1695173563\n|switch|p2a: Ursaluna|Ursaluna-Bloodmoon, M|100/100\n|-damage|p2a: Ursaluna|88/100|[from] Spikes\n|turn|19\n|\n|t:|1695173574\n|-end|p1a: Walking Wake|Protosynthesis|[silent]\n|switch|p1a: Iron Valiant|Iron Valiant|100/100\n|move|p2a: Ursaluna|Calm Mind|p2a: Ursaluna\n|-boost|p2a: Ursaluna|spa|1\n|-boost|p2a: Ursaluna|spd|1\n|\n|-heal|p2a: Ursaluna|94/100|[from] item: Leftovers\n|upkeep\n|turn|20\n|\n|t:|1695173583\n|move|p1a: Iron Valiant|Moonblast|p2a: Ursaluna\n|-damage|p2a: Ursaluna|60/100\n|move|p2a: Ursaluna|Blood Moon|p1a: Iron Valiant\n|-damage|p1a: Iron Valiant|0 fnt\n|faint|p1a: Iron Valiant\n|-end|p1a: Iron Valiant|Quark Drive|[silent]\n|\n|-heal|p2a: Ursaluna|67/100|[from] item: Leftovers\n|upkeep\n|\n|t:|1695173593\n|switch|p1a: Weavile|Weavile, F|100/100\n|turn|21\n|\n|t:|1695173633\n|-terastallize|p2a: Ursaluna|Normal\n|move|p1a: Weavile|Ice Spinner|p2a: Ursaluna\n|-damage|p2a: Ursaluna|38/100\n|move|p2a: Ursaluna|Moonlight|p2a: Ursaluna\n|-heal|p2a: Ursaluna|88/100\n|\n|-heal|p2a: Ursaluna|94/100|[from] item: Leftovers\n|upkeep\n|turn|22\n|\n|t:|1695173642\n|move|p1a: Weavile|Swords Dance|p1a: Weavile\n|-boost|p1a: Weavile|atk|2\n|move|p2a: Ursaluna|Moonlight|p2a: Ursaluna\n|-heal|p2a: Ursaluna|100/100\n|\n|upkeep\n|turn|23\n|\n|t:|1695173646\n|move|p1a: Weavile|Knock Off|p2a: Ursaluna\n|-damage|p2a: Ursaluna|33/100\n|-enditem|p2a: Ursaluna|Leftovers|[from] move: Knock Off|[of] p1a: Weavile\n|move|p2a: Ursaluna|Blood Moon|p1a: Weavile\n|-damage|p1a: Weavile|0 fnt\n|faint|p1a: Weavile\n|\n|upkeep\n|\n|t:|1695173655\n|switch|p1a: Cinderace|Cinderace, F|100/100\n|turn|24\n|\n|t:|1695173681\n|move|p1a: Cinderace|Pyro Ball|p2a: Ursaluna\n|-crit|p2a: Ursaluna\n|-damage|p2a: Ursaluna|0 fnt\n|faint|p2a: Ursaluna\n|\n|upkeep\n|\n|t:|1695173682\n|switch|p2a: Great Tusk|Great Tusk|100/100\n|-damage|p2a: Great Tusk|88/100|[from] Spikes\n|turn|25\n|\n|t:|1695173693\n|switch|p1a: Walking Wake|Walking Wake|89/100\n|move|p2a: Great Tusk|Earthquake|p1a: Walking Wake\n|-damage|p1a: Walking Wake|40/100\n|\n|-heal|p2a: Great Tusk|94/100|[from] item: Leftovers\n|upkeep\n|turn|26\n|\n|t:|1695173700\n|move|p1a: Walking Wake|Hydro Pump|p2a: Great Tusk\n|-supereffective|p2a: Great Tusk\n|-damage|p2a: Great Tusk|0 fnt\n|faint|p2a: Great Tusk\n|-end|p2a: Great Tusk|Protosynthesis|[silent]\n|\n|upkeep\n|\n|t:|1695173703\n|switch|p2a: Munkidori|Munkidori, M|88/100\n|-damage|p2a: Munkidori|76/100|[from] Spikes\n|turn|27\n|\n|t:|1695173712\n|move|p1a: Walking Wake|Hydro Pump|p2a: Munkidori\n|-damage|p2a: Munkidori|0 fnt\n|faint|p2a: Munkidori\n|\n|win|adpg.alt\n|raw|adpg.alt's rating: 1284 &rarr; <strong>1313</strong><br />(+29 for winning)\n|raw|CNT JuanS13's rating: 1345 &rarr; <strong>1322</strong><br />(-23 for losing)\n|l|\u2606CNT JuanS13\n", "uploadtime": 1695173720, "views": 3, "p1id": "adpgalt", "p2id": "cntjuans13", "formatid": "gen9ou", "rating": 1313, "private": 0, "password": ""}