{"id": "gen9ou-1947575896", "p1": "lefael", "p2": "chaperonrouge33", "format": "gen9ou", "log": "|j|\u2606lefael\n|j|\u2606chaperonrouge33\n|t:|1695174120\n|gametype|singles\n|player|p1|lefael|tate|1092\n|player|p2|chaperonrouge33|picnicker|1103\n|teamsize|p1|6\n|teamsize|p2|6\n|gen|9\n|tier|[Gen 9] OU\n|rated|\n|rule|Sleep Clause Mod: Limit one foe put to sleep\n|rule|Species Clause: Limit one of each Pok\u00e9mon\n|rule|OHKO Clause: OHKO moves are banned\n|rule|Evasion Items Clause: Evasion items are banned\n|rule|Evasion Moves Clause: Evasion moves are banned\n|rule|Endless Battle Clause: Forcing endless battles is banned\n|rule|HP Percentage Mod: HP is shown in percentages\n|clearpoke\n|poke|p1|Mimikyu, M|\n|poke|p1|Donphan, M|\n|poke|p1|Eelektross, M|\n|poke|p1|Dragapult, F|\n|poke|p1|Ninetales, M|\n|poke|p1|Mienshao, F|\n|poke|p2|Ogerpon-Hearthflame, F|\n|poke|p2|Ninetales, F|\n|poke|p2|Great Tusk|\n|poke|p2|Walking Wake|\n|poke|p2|Dragonite, F|\n|poke|p2|Iron Moth|\n|teampreview\n|inactive|Battle timer is ON: inactive players will automatically lose when time's up. (requested by chaperonrouge33)\n|\n|t:|1695174143\n|start\n|switch|p1a: Hayao|Mienshao, F|100/100\n|switch|p2a: Walking Wake|Walking Wake|100/100\n|turn|1\n|\n|t:|1695174153\n|move|p2a: Walking Wake|Hydro Steam|p1a: Hayao\n|-damage|p1a: Hayao|0 fnt\n|faint|p1a: Hayao\n|\n|upkeep\n|\n|t:|1695174159\n|switch|p1a: Dragapult|Dragapult, F|100/100\n|turn|2\n|\n|t:|1695174166\n|-end|p2a: Walking Wake|Protosynthesis|[silent]\n|switch|p2a: Ninetales|Ninetales, F|100/100\n|-weather|SunnyDay|[from] ability: Drought|[of] p2a: Ninetales\n|move|p1a: Dragapult|Dragon Darts|p2a: Ninetales\n|-damage|p2a: Ninetales|64/100\n|-anim|p1a: Dragapult|Dragon Darts|p2a: Ninetales\n|-damage|p2a: Ninetales|33/100\n|\n|-weather|SunnyDay|[upkeep]\n|upkeep\n|turn|3\n|\n|t:|1695174184\n|switch|p2a: Great Tusk|Great Tusk|100/100\n|-activate|p2a: Great Tusk|ability: Protosynthesis\n|-start|p2a: Great Tusk|protosynthesisdef\n|move|p1a: Dragapult|Dragon Darts|p2a: Great Tusk\n|-damage|p2a: Great Tusk|88/100\n|-anim|p1a: Dragapult|Dragon Darts|p2a: Great Tusk\n|-damage|p2a: Great Tusk|75/100\n|\n|-weather|SunnyDay|[upkeep]\n|-heal|p2a: Great Tusk|82/100|[from] item: Leftovers\n|upkeep\n|turn|4\n|\n|t:|1695174197\n|switch|p1a: Eelektross|Eelektross, M|100/100\n|move|p2a: Great Tusk|Stealth Rock|p1a: Eelektross\n|-sidestart|p1: lefael|move: Stealth Rock\n|\n|-weather|SunnyDay|[upkeep]\n|-heal|p2a: Great Tusk|88/100|[from] item: Leftovers\n|upkeep\n|turn|5\n|\n|t:|1695174213\n|-end|p2a: Great Tusk|Protosynthesis|[silent]\n|switch|p2a: Iron Moth|Iron Moth|100/100\n|-enditem|p2a: Iron Moth|Booster Energy\n|-activate|p2a: Iron Moth|ability: Quark Drive|[fromitem]\n|-start|p2a: Iron Moth|quarkdrivespa\n|move|p1a: Eelektross|Giga Drain|p2a: Iron Moth\n|-resisted|p2a: Iron Moth\n|-damage|p2a: Iron Moth|94/100\n|\n|-weather|SunnyDay|[upkeep]\n|upkeep\n|turn|6\n|\n|t:|1695174223\n|move|p2a: Iron Moth|Agility|p2a: Iron Moth\n|-boost|p2a: Iron Moth|spe|2\n|move|p1a: Eelektross|Discharge|p2a: Iron Moth\n|-damage|p2a: Iron Moth|52/100\n|\n|-weather|SunnyDay|[upkeep]\n|upkeep\n|turn|7\n|\n|t:|1695174233\n|move|p2a: Iron Moth|Fiery Dance|p1a: Eelektross\n|-damage|p1a: Eelektross|42/100\n|move|p1a: Eelektross|Discharge|p2a: Iron Moth\n|-damage|p2a: Iron Moth|9/100\n|\n|-weather|SunnyDay|[upkeep]\n|upkeep\n|turn|8\n|\n|t:|1695174241\n|move|p2a: Iron Moth|Fiery Dance|p1a: Eelektross\n|-damage|p1a: Eelektross|0 fnt\n|faint|p1a: Eelektross\n|\n|-weather|SunnyDay|[upkeep]\n|upkeep\n|\n|t:|1695174252\n|switch|p1a: Mimikyu|Mimikyu, M|100/100\n|-damage|p1a: Mimikyu|88/100|[from] Stealth Rock\n|turn|9\n|\n|t:|1695174257\n|move|p1a: Mimikyu|Shadow Sneak|p2a: Iron Moth\n|-damage|p2a: Iron Moth|0 fnt\n|faint|p2a: Iron Moth\n|-end|p2a: Iron Moth|Quark Drive|[silent]\n|\n|-weather|none\n|upkeep\n|\n|t:|1695174264\n|switch|p2a: Great Tusk|Great Tusk|88/100\n|turn|10\n|\n|t:|1695174269\n|move|p1a: Mimikyu|Swords Dance|p1a: Mimikyu\n|-boost|p1a: Mimikyu|atk|2\n|move|p2a: Great Tusk|Ice Spinner|p1a: Mimikyu\n|-activate|p1a: Mimikyu|ability: Disguise\n|-damage|p1a: Mimikyu|88/100\n|detailschange|p1a: Mimikyu|Mimikyu-Busted, M\n|-damage|p1a: Mimikyu|76/100|[from] pokemon: Mimikyu-Busted\n|\n|-heal|p2a: Great Tusk|94/100|[from] item: Leftovers\n|upkeep\n|turn|11\n|\n|t:|1695174280\n|move|p1a: Mimikyu|Play Rough|p2a: Great Tusk\n|-supereffective|p2a: Great Tusk\n|-damage|p2a: Great Tusk|18/100\n|move|p2a: Great Tusk|Earthquake|p1a: Mimikyu\n|-damage|p1a: Mimikyu|1/100\n|\n|-heal|p2a: Great Tusk|24/100|[from] item: Leftovers\n|upkeep\n|turn|12\n|\n|t:|1695174295\n|move|p1a: Mimikyu|Shadow Claw|p2a: Great Tusk\n|-damage|p2a: Great Tusk|0 fnt\n|faint|p2a: Great Tusk\n|-end|p2a: Great Tusk|Protosynthesis|[silent]\n|\n|upkeep\n|\n|t:|1695174301\n|switch|p2a: Ninetales|Ninetales, F|33/100\n|-weather|SunnyDay|[from] ability: Drought|[of] p2a: Ninetales\n|turn|13\n|\n|t:|1695174306\n|move|p1a: Mimikyu|Shadow Sneak|p2a: Ninetales\n|-damage|p2a: Ninetales|0 fnt\n|faint|p2a: Ninetales\n|\n|-weather|SunnyDay|[upkeep]\n|upkeep\n|\n|t:|1695174312\n|switch|p2a: Walking Wake|Walking Wake|100/100\n|-activate|p2a: Walking Wake|ability: Protosynthesis\n|-start|p2a: Walking Wake|protosynthesisspe\n|turn|14\n|\n|t:|1695174318\n|move|p1a: Mimikyu|Shadow Sneak|p2a: Walking Wake\n|-damage|p2a: Walking Wake|65/100\n|move|p2a: Walking Wake|Hydro Steam|p1a: Mimikyu\n|-crit|p1a: Mimikyu\n|-damage|p1a: Mimikyu|0 fnt\n|faint|p1a: Mimikyu\n|\n|-weather|SunnyDay|[upkeep]\n|upkeep\n|\n|t:|1695174331\n|switch|p1a: Dragapult|Dragapult, F|100/100\n|-damage|p1a: Dragapult|88/100|[from] Stealth Rock\n|turn|15\n|\n|t:|1695174336\n|-terastallize|p2a: Walking Wake|Water\n|move|p2a: Walking Wake|Hydro Steam|p1a: Dragapult\n|-resisted|p1a: Dragapult\n|-damage|p1a: Dragapult|13/100\n|move|p1a: Dragapult|Dragon Darts|p2a: Walking Wake\n|-crit|p2a: Walking Wake\n|-damage|p2a: Walking Wake|24/100\n|-anim|p1a: Dragapult|Dragon Darts|p2a: Walking Wake\n|-crit|p2a: Walking Wake\n|-damage|p2a: Walking Wake|0 fnt\n|faint|p2a: Walking Wake\n|-end|p2a: Walking Wake|Protosynthesis|[silent]\n|\n|-weather|SunnyDay|[upkeep]\n|upkeep\n|\n|t:|1695174349\n|switch|p2a: Ogerpon|Ogerpon-Hearthflame, F|100/100\n|-ability|p2a: Ogerpon|Mold Breaker\n|turn|16\n|\n|t:|1695174360\n|move|p1a: Dragapult|U-turn|p2a: Ogerpon\n|-damage|p2a: Ogerpon|66/100\n|\n|t:|1695174366\n|switch|p1a: Igni|Ninetales, M|100/100|[from] U-turn\n|-damage|p1a: Igni|75/100|[from] Stealth Rock\n|move|p2a: Ogerpon|Ivy Cudgel|p1a: Igni\n|-resisted|p1a: Igni\n|-damage|p1a: Igni|11/100\n|\n|-weather|SunnyDay|[upkeep]\n|upkeep\n|turn|17\n|\n|t:|1695174377\n|move|p2a: Ogerpon|Horn Leech|p1a: Igni\n|-resisted|p1a: Igni\n|-damage|p1a: Igni|0 fnt\n|-heal|p2a: Ogerpon|71/100|[from] drain|[of] p1a: Igni\n|faint|p1a: Igni\n|\n|-weather|SunnyDay|[upkeep]\n|upkeep\n|\n|t:|1695174381\n|switch|p1a: Dragapult|Dragapult, F|13/100\n|-damage|p1a: Dragapult|0 fnt|[from] Stealth Rock\n|faint|p1a: Dragapult\n|\n|t:|1695174390\n|switch|p1a: Donphan|Donphan, M|100/100\n|-damage|p1a: Donphan|94/100|[from] Stealth Rock\n|turn|18\n|\n|t:|1695174395\n|move|p2a: Ogerpon|Ivy Cudgel|p1a: Donphan\n|-damage|p1a: Donphan|23/100\n|move|p1a: Donphan|Earthquake|p2a: Ogerpon\n|-damage|p2a: Ogerpon|0 fnt\n|faint|p2a: Ogerpon\n|\n|-weather|SunnyDay|[upkeep]\n|-heal|p1a: Donphan|29/100|[from] item: Leftovers\n|upkeep\n|\n|t:|1695174404\n|switch|p2a: Dragonite|Dragonite, F|100/100\n|turn|19\n|\n|t:|1695174414\n|move|p1a: Donphan|Ice Shard|p2a: Dragonite\n|-supereffective|p2a: Dragonite\n|-damage|p2a: Dragonite|73/100\n|move|p2a: Dragonite|Earthquake|p1a: Donphan\n|-damage|p1a: Donphan|0 fnt\n|faint|p1a: Donphan\n|\n|win|chaperonrouge33\n|raw|lefael's rating: 1092 &rarr; <strong>1069</strong><br />(-23 for losing)\n|raw|chaperonrouge33's rating: 1103 &rarr; <strong>1127</strong><br />(+24 for winning)\n|l|\u2606lefael\n", "uploadtime": 1695174424, "views": 2, "p1id": "lefael", "p2id": "chaperonrouge33", "formatid": "gen9ou", "rating": 1069, "private": 0, "password": ""}