{"id": "gen9ou-1947479233", "p1": "babooneweethwee", "p2": "Substantial flow", "format": "gen9ou", "log": "|j|\u2606babooneweethwee\n|j|\u2606Substantial flow\n|t:|1695164643\n|gametype|singles\n|player|p1|babooneweethwee|depotagent|1429\n|player|p2|Substantial flow|dancer|1383\n|teamsize|p1|6\n|teamsize|p2|6\n|gen|9\n|tier|[Gen 9] OU\n|rated|\n|rule|Sleep Clause Mod: Limit one foe put to sleep\n|rule|Species Clause: Limit one of each Pok\u00e9mon\n|rule|OHKO Clause: OHKO moves are banned\n|rule|Evasion Items Clause: Evasion items are banned\n|rule|Evasion Moves Clause: Evasion moves are banned\n|rule|Endless Battle Clause: Forcing endless battles is banned\n|rule|HP Percentage Mod: HP is shown in percentages\n|clearpoke\n|poke|p1|Torkoal, M|\n|poke|p1|Roaring Moon|\n|poke|p1|Ogerpon-Hearthflame, F|\n|poke|p1|Walking Wake|\n|poke|p1|Scream Tail|\n|poke|p1|Clodsire, M|\n|poke|p2|Okidogi, M|\n|poke|p2|Typhlosion-Hisui, F|\n|poke|p2|Garganacl, M|\n|poke|p2|Gliscor, M|\n|poke|p2|Slowking, M|\n|poke|p2|Jolteon, F|\n|teampreview\n|inactive|Battle timer is ON: inactive players will automatically lose when time's up. (requested by Substantial flow)\n|inactive|babooneweethwee has 120 seconds left.\n|\n|t:|1695164679\n|start\n|switch|p1a: Roaring Moon|Roaring Moon|100/100\n|switch|p2a: Garganacl|Garganacl, M|100/100\n|turn|1\n|\n|t:|1695164693\n|-terastallize|p1a: Roaring Moon|Dark\n|move|p1a: Roaring Moon|Knock Off|p2a: Garganacl\n|-damage|p2a: Garganacl|45/100\n|-enditem|p2a: Garganacl|Leftovers|[from] move: Knock Off|[of] p1a: Roaring Moon\n|move|p2a: Garganacl|Salt Cure|p1a: Roaring Moon\n|-damage|p1a: Roaring Moon|83/100\n|-start|p1a: Roaring Moon|Salt Cure\n|\n|-damage|p1a: Roaring Moon|71/100|[from] Salt Cure\n|upkeep\n|turn|2\n|\n|t:|1695164707\n|-end|p1a: Roaring Moon|Protosynthesis|[silent]\n|switch|p1a: Walking Wake|Walking Wake|100/100\n|move|p2a: Garganacl|Stealth Rock|p1a: Walking Wake\n|-sidestart|p1: babooneweethwee|move: Stealth Rock\n|\n|upkeep\n|turn|3\n|\n|t:|1695164712\n|switch|p2a: Slowking|Slowking, M|100/100\n|move|p1a: Walking Wake|Draco Meteor|p2a: Slowking\n|-damage|p2a: Slowking|39/100\n|-unboost|p1a: Walking Wake|spa|2\n|\n|upkeep\n|turn|4\n|\n|t:|1695164721\n|-end|p1a: Walking Wake|Protosynthesis|[silent]\n|switch|p1a: Clodsire|Clodsire, M|100/100\n|-damage|p1a: Clodsire|94/100|[from] Stealth Rock\n|switch|p2a: Gliscor|Gliscor, M|100/100\n|\n|-heal|p1a: Clodsire|100/100|[from] item: Leftovers\n|-status|p2a: Gliscor|tox|[from] item: Toxic Orb\n|upkeep\n|turn|5\n|\n|t:|1695164726\n|switch|p1a: Scream Tail|Scream Tail|100/100\n|move|p2a: Gliscor|Swords Dance|p2a: Gliscor\n|-boost|p2a: Gliscor|atk|2\n|\n|upkeep\n|turn|6\n|\n|t:|1695164731\n|move|p1a: Scream Tail|Encore|p2a: Gliscor\n|-start|p2a: Gliscor|Encore\n|move|p2a: Gliscor|Swords Dance|p2a: Gliscor\n|-boost|p2a: Gliscor|atk|2\n|\n|upkeep\n|turn|7\n|\n|t:|1695164737\n|-end|p1a: Scream Tail|Protosynthesis|[silent]\n|switch|p1a: Walking Wake|Walking Wake|100/100\n|-damage|p1a: Walking Wake|88/100|[from] Stealth Rock\n|switch|p2a: Okidogi|Okidogi, M|100/100\n|\n|upkeep\n|turn|8\n|\n|t:|1695164744\n|switch|p2a: Slowking|Slowking, M|73/100\n|move|p1a: Walking Wake|Flip Turn|p2a: Slowking\n|-resisted|p2a: Slowking\n|-damage|p2a: Slowking|64/100\n|\n|t:|1695164747\n|-end|p1a: Walking Wake|Protosynthesis|[silent]\n|switch|p1a: Roaring Moon|Roaring Moon, tera:Dark|71/100|[from] Flip Turn\n|-damage|p1a: Roaring Moon|59/100|[from] Stealth Rock\n|\n|upkeep\n|turn|9\n|\n|t:|1695164754\n|switch|p2a: Gliscor|Gliscor, M|100/100 tox\n|move|p1a: Roaring Moon|Knock Off|p2a: Gliscor\n|-damage|p2a: Gliscor|15/100 tox\n|-enditem|p2a: Gliscor|Toxic Orb|[from] move: Knock Off|[of] p1a: Roaring Moon\n|\n|-heal|p2a: Gliscor|27/100 tox|[from] ability: Poison Heal\n|upkeep\n|turn|10\n|\n|t:|1695164759\n|move|p2a: Gliscor|Protect|p2a: Gliscor\n|-singleturn|p2a: Gliscor|Protect\n|move|p1a: Roaring Moon|Knock Off|p2a: Gliscor\n|-activate|p2a: Gliscor|move: Protect\n|\n|-heal|p2a: Gliscor|39/100 tox|[from] ability: Poison Heal\n|upkeep\n|turn|11\n|\n|t:|1695164768\n|switch|p2a: Garganacl|Garganacl, M|45/100\n|move|p1a: Roaring Moon|Knock Off|p2a: Garganacl\n|-damage|p2a: Garganacl|2/100\n|\n|upkeep\n|turn|12\n|\n|t:|1695164772\n|move|p1a: Roaring Moon|Knock Off|p2a: Garganacl\n|-damage|p2a: Garganacl|0 fnt\n|faint|p2a: Garganacl\n|\n|upkeep\n|\n|t:|1695164779\n|switch|p2a: Okidogi|Okidogi, M|100/100\n|turn|13\n|\n|t:|1695164787\n|-end|p1a: Roaring Moon|Protosynthesis|[silent]\n|switch|p1a: Torkoal|Torkoal, M|100/100\n|-damage|p1a: Torkoal|76/100|[from] Stealth Rock\n|-weather|SunnyDay|[from] ability: Drought|[of] p1a: Torkoal\n|move|p2a: Okidogi|Poison Jab|p1a: Torkoal\n|-damage|p1a: Torkoal|38/100\n|-status|p1a: Torkoal|psn\n|\n|-weather|SunnyDay|[upkeep]\n|-damage|p1a: Torkoal|26/100 psn|[from] psn\n|upkeep\n|turn|14\n|\n|t:|1695164792\n|switch|p1a: Clodsire|Clodsire, M|100/100\n|-damage|p1a: Clodsire|94/100|[from] Stealth Rock\n|move|p2a: Okidogi|Poison Jab|p1a: Clodsire\n|-resisted|p1a: Clodsire\n|-damage|p1a: Clodsire|76/100\n|\n|-weather|SunnyDay|[upkeep]\n|-heal|p1a: Clodsire|83/100|[from] item: Leftovers\n|upkeep\n|turn|15\n|\n|t:|1695164805\n|switch|p2a: Gliscor|Gliscor, M|39/100 tox\n|switch|p1a: Roaring Moon|Roaring Moon, tera:Dark|59/100\n|-damage|p1a: Roaring Moon|46/100|[from] Stealth Rock\n|-activate|p1a: Roaring Moon|ability: Protosynthesis\n|-start|p1a: Roaring Moon|protosynthesisatk\n|\n|-weather|SunnyDay|[upkeep]\n|-heal|p2a: Gliscor|52/100 tox|[from] ability: Poison Heal\n|upkeep\n|turn|16\n|\n|t:|1695164811\n|move|p2a: Gliscor|Protect|p2a: Gliscor\n|-singleturn|p2a: Gliscor|Protect\n|move|p1a: Roaring Moon|Knock Off|p2a: Gliscor\n|-activate|p2a: Gliscor|move: Protect\n|\n|-weather|SunnyDay|[upkeep]\n|-heal|p2a: Gliscor|64/100 tox|[from] ability: Poison Heal\n|upkeep\n|turn|17\n|\n|t:|1695164827\n|move|p1a: Roaring Moon|Knock Off|p2a: Gliscor\n|-damage|p2a: Gliscor|0 fnt\n|faint|p2a: Gliscor\n|\n|-weather|SunnyDay|[upkeep]\n|upkeep\n|\n|t:|1695164833\n|switch|p2a: Typhlosion|Typhlosion-Hisui, F|100/100\n|-item|p1a: Roaring Moon|Choice Band|[from] ability: Frisk|[of] p2a: Typhlosion|[identify]\n|turn|18\n|\n|t:|1695164859\n|-end|p1a: Roaring Moon|Protosynthesis|[silent]\n|switch|p1a: Walking Wake|Walking Wake|88/100\n|-damage|p1a: Walking Wake|76/100|[from] Stealth Rock\n|-activate|p1a: Walking Wake|ability: Protosynthesis\n|-start|p1a: Walking Wake|protosynthesisspa\n|-terastallize|p2a: Typhlosion|Fire\n|move|p2a: Typhlosion|Eruption|p1a: Walking Wake\n|-resisted|p1a: Walking Wake\n|-damage|p1a: Walking Wake|29/100\n|\n|-weather|SunnyDay|[upkeep]\n|upkeep\n|turn|19\n|\n|t:|1695164874\n|move|p2a: Typhlosion|Eruption|p1a: Walking Wake\n|-resisted|p1a: Walking Wake\n|-damage|p1a: Walking Wake|0 fnt\n|faint|p1a: Walking Wake\n|-end|p1a: Walking Wake|Protosynthesis|[silent]\n|\n|-weather|SunnyDay|[upkeep]\n|upkeep\n|inactive|babooneweethwee has 120 seconds left.\n|inactive|babooneweethwee has 90 seconds left.\n|\n|t:|1695164923\n|switch|p1a: Roaring Moon|Roaring Moon, tera:Dark|46/100\n|-damage|p1a: Roaring Moon|34/100|[from] Stealth Rock\n|-activate|p1a: Roaring Moon|ability: Protosynthesis\n|-start|p1a: Roaring Moon|protosynthesisatk\n|turn|20\n|\n|t:|1695164949\n|move|p2a: Typhlosion|Eruption|p1a: Roaring Moon\n|-damage|p1a: Roaring Moon|0 fnt\n|faint|p1a: Roaring Moon\n|-end|p1a: Roaring Moon|Protosynthesis|[silent]\n|\n|-weather|none\n|upkeep\n|inactive|babooneweethwee has 90 seconds left.\n|\n|t:|1695164967\n|switch|p1a: Clodsire|Clodsire, M|83/100\n|-damage|p1a: Clodsire|76/100|[from] Stealth Rock\n|turn|21\n|inactive|Substantial flow has 120 seconds left.\n|inactive|Substantial flow has 90 seconds left.\n|\n|t:|1695165017\n|move|p2a: Typhlosion|Eruption|p1a: Clodsire\n|-damage|p1a: Clodsire|22/100\n|move|p1a: Clodsire|Earthquake|p2a: Typhlosion\n|-supereffective|p2a: Typhlosion\n|-damage|p2a: Typhlosion|16/100\n|\n|-heal|p1a: Clodsire|29/100|[from] item: Leftovers\n|upkeep\n|turn|22\n|\n|t:|1695165024\n|switch|p2a: Okidogi|Okidogi, M|100/100\n|move|p1a: Clodsire|Recover|p1a: Clodsire\n|-heal|p1a: Clodsire|79/100\n|\n|-heal|p1a: Clodsire|85/100|[from] item: Leftovers\n|upkeep\n|turn|23\n|\n|t:|1695165029\n|switch|p1a: Torkoal|Torkoal, M|26/100 psn\n|-damage|p1a: Torkoal|1/100 psn|[from] Stealth Rock\n|-weather|SunnyDay|[from] ability: Drought|[of] p1a: Torkoal\n|move|p2a: Okidogi|Ice Punch|p1a: Torkoal\n|-resisted|p1a: Torkoal\n|-damage|p1a: Torkoal|0 fnt\n|faint|p1a: Torkoal\n|\n|-weather|SunnyDay|[upkeep]\n|upkeep\n|\n|t:|1695165039\n|switch|p1a: Scream Tail|Scream Tail|100/100\n|-activate|p1a: Scream Tail|ability: Protosynthesis\n|-start|p1a: Scream Tail|protosynthesisdef\n|turn|24\n|\n|t:|1695165052\n|-end|p1a: Scream Tail|Protosynthesis|[silent]\n|switch|p1a: Ogerpon|Ogerpon-Hearthflame, F|100/100\n|-damage|p1a: Ogerpon|76/100|[from] Stealth Rock\n|-ability|p1a: Ogerpon|Mold Breaker\n|switch|p2a: Slowking|Slowking, M|97/100\n|\n|-weather|SunnyDay|[upkeep]\n|upkeep\n|turn|25\n|inactive|Substantial flow has 120 seconds left.\n|\n|t:|1695165059\n|move|p1a: Ogerpon|Horn Leech|p2a: Slowking\n|-supereffective|p2a: Slowking\n|-damage|p2a: Slowking|5/100\n|-heal|p1a: Ogerpon|100/100|[from] drain|[of] p2a: Slowking\n|move|p2a: Slowking|Chilly Reception|p2a: Slowking\n|-weather|Snow\n|inactive|Substantial flow has 120 seconds left.\n|\n|t:|1695165072\n|switch|p2a: Typhlosion|Typhlosion-Hisui, F, tera:Fire|16/100|[from] Chilly Reception\n|-item|p1a: Ogerpon|Hearthflame Mask|[from] ability: Frisk|[of] p2a: Typhlosion|[identify]\n|\n|-weather|Snow|[upkeep]\n|upkeep\n|turn|26\n|inactive|babooneweethwee has 120 seconds left.\n|\n|t:|1695165092\n|switch|p1a: Clodsire|Clodsire, M|85/100\n|-damage|p1a: Clodsire|79/100|[from] Stealth Rock\n|move|p2a: Typhlosion|Lava Plume|p1a: Clodsire\n|-damage|p1a: Clodsire|52/100\n|-status|p1a: Clodsire|brn\n|\n|-weather|Snow|[upkeep]\n|-heal|p1a: Clodsire|59/100 brn|[from] item: Leftovers\n|-damage|p1a: Clodsire|52/100 brn|[from] brn\n|upkeep\n|turn|27\n|inactive|Substantial flow has 120 seconds left.\n|\n|t:|1695165116\n|switch|p2a: Jolteon|Jolteon, F|100/100\n|move|p1a: Clodsire|Recover|p1a: Clodsire\n|-heal|p1a: Clodsire|100/100 brn\n|\n|-weather|Snow|[upkeep]\n|-damage|p1a: Clodsire|94/100 brn|[from] brn\n|-status|p2a: Jolteon|brn|[from] item: Flame Orb\n|upkeep\n|turn|28\n|\n|t:|1695165123\n|move|p2a: Jolteon|Charge|p2a: Jolteon\n|-boost|p2a: Jolteon|spd|1\n|-start|p2a: Jolteon|Charge\n|move|p1a: Clodsire|Earthquake|p2a: Jolteon\n|-supereffective|p2a: Jolteon\n|-damage|p2a: Jolteon|53/100 brn\n|\n|-weather|Snow|[upkeep]\n|-heal|p1a: Clodsire|100/100 brn|[from] item: Leftovers\n|-damage|p2a: Jolteon|47/100 brn|[from] brn\n|-damage|p1a: Clodsire|94/100 brn|[from] brn\n|upkeep\n|turn|29\n|\n|t:|1695165129\n|move|p2a: Jolteon|Weather Ball|p1a: Clodsire\n|-supereffective|p1a: Clodsire\n|-damage|p1a: Clodsire|61/100 brn\n|move|p1a: Clodsire|Spikes|p2a: Jolteon\n|-sidestart|p2: Substantial flow|Spikes\n|\n|-weather|none\n|-heal|p1a: Clodsire|67/100 brn|[from] item: Leftovers\n|-damage|p2a: Jolteon|41/100 brn|[from] brn\n|-damage|p1a: Clodsire|61/100 brn|[from] brn\n|upkeep\n|turn|30\n|\n|t:|1695165139\n|move|p2a: Jolteon|Shadow Ball|p1a: Clodsire\n|-damage|p1a: Clodsire|48/100 brn\n|move|p1a: Clodsire|Recover|p1a: Clodsire\n|-heal|p1a: Clodsire|98/100 brn\n|\n|-heal|p1a: Clodsire|100/100 brn|[from] item: Leftovers\n|-damage|p2a: Jolteon|35/100 brn|[from] brn\n|-damage|p1a: Clodsire|94/100 brn|[from] brn\n|upkeep\n|turn|31\n|\n|t:|1695165146\n|switch|p2a: Okidogi|Okidogi, M|100/100\n|-damage|p2a: Okidogi|88/100|[from] Spikes\n|move|p1a: Clodsire|Spikes|p2a: Okidogi\n|-sidestart|p2: Substantial flow|Spikes\n|\n|-heal|p1a: Clodsire|100/100 brn|[from] item: Leftovers\n|-damage|p1a: Clodsire|94/100 brn|[from] brn\n|upkeep\n|turn|32\n|inactive|babooneweethwee has 120 seconds left.\n|\n|t:|1695165178\n|switch|p1a: Scream Tail|Scream Tail|100/100\n|move|p2a: Okidogi|Knock Off|p1a: Scream Tail\n|-damage|p1a: Scream Tail|67/100\n|-enditem|p1a: Scream Tail|Heavy-Duty Boots|[from] move: Knock Off|[of] p2a: Okidogi\n|\n|upkeep\n|turn|33\n|inactive|Substantial flow has 120 seconds left.\n|\n|t:|1695165208\n|move|p1a: Scream Tail|Wish|p1a: Scream Tail\n|move|p2a: Okidogi|Knock Off|p1a: Scream Tail\n|-damage|p1a: Scream Tail|45/100\n|\n|upkeep\n|turn|34\n|\n|t:|1695165216\n|move|p1a: Scream Tail|Protect|p1a: Scream Tail\n|-singleturn|p1a: Scream Tail|Protect\n|move|p2a: Okidogi|Knock Off|p1a: Scream Tail\n|-activate|p1a: Scream Tail|move: Protect\n|\n|-heal|p1a: Scream Tail|94/100|[from] move: Wish|[wisher] Scream Tail\n|upkeep\n|turn|35\n|\n|t:|1695165228\n|move|p1a: Scream Tail|Dazzling Gleam|p2a: Okidogi\n|-damage|p2a: Okidogi|64/100\n|move|p2a: Okidogi|Knock Off|p1a: Scream Tail\n|-crit|p1a: Scream Tail\n|-damage|p1a: Scream Tail|61/100\n|\n|upkeep\n|turn|36\n|\n|t:|1695165233\n|move|p1a: Scream Tail|Wish|p1a: Scream Tail\n|move|p2a: Okidogi|Knock Off|p1a: Scream Tail\n|-damage|p1a: Scream Tail|38/100\n|\n|upkeep\n|turn|37\n|\n|t:|1695165236\n|move|p1a: Scream Tail|Dazzling Gleam|p2a: Okidogi\n|-crit|p2a: Okidogi\n|-damage|p2a: Okidogi|31/100\n|move|p2a: Okidogi|Knock Off|p1a: Scream Tail\n|-damage|p1a: Scream Tail|14/100\n|\n|-heal|p1a: Scream Tail|64/100|[from] move: Wish|[wisher] Scream Tail\n|upkeep\n|turn|38\n|\n|t:|1695165246\n|move|p1a: Scream Tail|Wish|p1a: Scream Tail\n|move|p2a: Okidogi|Knock Off|p1a: Scream Tail\n|-crit|p1a: Scream Tail\n|-damage|p1a: Scream Tail|29/100\n|-status|p1a: Scream Tail|tox|[from] ability: Toxic Chain|[of] p2a: Okidogi\n|\n|-damage|p1a: Scream Tail|23/100 tox|[from] psn\n|upkeep\n|turn|39\n|inactive|Substantial flow has 120 seconds left.\n|\n|t:|1695165298\n|switch|p2a: Slowking|Slowking, M|39/100\n|move|p1a: Scream Tail|Protect||[still]\n|-fail|p1a: Scream Tail\n|\n|-heal|p1a: Scream Tail|73/100 tox|[from] move: Wish|[wisher] Scream Tail\n|-damage|p1a: Scream Tail|60/100 tox|[from] psn\n|upkeep\n|turn|40\n|\n|t:|1695165305\n|move|p1a: Scream Tail|Wish|p1a: Scream Tail\n|move|p2a: Slowking|Chilly Reception|p2a: Slowking\n|-weather|Snow\n|\n|t:|1695165314\n|switch|p2a: Typhlosion|Typhlosion-Hisui, F, tera:Fire|16/100|[from] Chilly Reception\n|-damage|p2a: Typhlosion|0 fnt|[from] Spikes\n|faint|p2a: Typhlosion\n|\n|-weather|Snow|[upkeep]\n|-damage|p1a: Scream Tail|42/100 tox|[from] psn\n|upkeep\n|\n|t:|1695165318\n|switch|p2a: Slowking|Slowking, M|72/100\n|turn|41\n|\n|t:|1695165331\n|move|p1a: Scream Tail|Protect|p1a: Scream Tail\n|-singleturn|p1a: Scream Tail|Protect\n|move|p2a: Slowking|Chilly Reception|p2a: Slowking\n|\n|t:|1695165350\n|switch|p2a: Jolteon|Jolteon, F|35/100 brn|[from] Chilly Reception\n|-damage|p2a: Jolteon|19/100 brn|[from] Spikes\n|\n|-weather|Snow|[upkeep]\n|-heal|p1a: Scream Tail|92/100 tox|[from] move: Wish|[wisher] Scream Tail\n|-damage|p1a: Scream Tail|68/100 tox|[from] psn\n|-damage|p2a: Jolteon|13/100 brn|[from] brn\n|upkeep\n|turn|42\n|\n|t:|1695165361\n|-end|p1a: Scream Tail|Protosynthesis|[silent]\n|switch|p1a: Clodsire|Clodsire, M|94/100 brn\n|-damage|p1a: Clodsire|88/100 brn|[from] Stealth Rock\n|move|p2a: Jolteon|Thunderbolt|p1a: Clodsire\n|-immune|p1a: Clodsire\n|\n|-weather|Snow|[upkeep]\n|-heal|p1a: Clodsire|94/100 brn|[from] item: Leftovers\n|-damage|p2a: Jolteon|7/100 brn|[from] brn\n|-damage|p1a: Clodsire|88/100 brn|[from] brn\n|upkeep\n|turn|43\n|\n|t:|1695165388\n|move|p2a: Jolteon|Weather Ball|p1a: Clodsire\n|-supereffective|p1a: Clodsire\n|-damage|p1a: Clodsire|55/100 brn\n|move|p1a: Clodsire|Spikes|p2a: Jolteon\n|-sidestart|p2: Substantial flow|Spikes\n|\n|-weather|Snow|[upkeep]\n|-heal|p1a: Clodsire|61/100 brn|[from] item: Leftovers\n|-damage|p2a: Jolteon|1/100 brn|[from] brn\n|-damage|p1a: Clodsire|55/100 brn|[from] brn\n|upkeep\n|turn|44\n|\n|t:|1695165393\n|move|p2a: Jolteon|Weather Ball|p1a: Clodsire\n|-supereffective|p1a: Clodsire\n|-damage|p1a: Clodsire|19/100 brn\n|move|p1a: Clodsire|Recover|p1a: Clodsire\n|-heal|p1a: Clodsire|69/100 brn\n|\n|-weather|none\n|-heal|p1a: Clodsire|76/100 brn|[from] item: Leftovers\n|-damage|p2a: Jolteon|0 fnt|[from] brn\n|faint|p2a: Jolteon\n|-damage|p1a: Clodsire|69/100 brn|[from] brn\n|upkeep\n|-message|Substantial flow forfeited.\n|\n|win|babooneweethwee\n|raw|babooneweethwee's rating: 1429 &rarr; <strong>1445</strong><br />(+16 for winning)\n|raw|Substantial flow's rating: 1367 &rarr; <strong>1351</strong><br />(-16 for losing)\n", "uploadtime": 1695165408, "views": 3, "p1id": "babooneweethwee", "p2id": "substantialflow", "formatid": "gen9ou", "rating": 1351, "private": 0, "password": ""}