{"id": "gen9ou-1947493986", "p1": "mathismathin", "p2": "tetroAK", "format": "gen9ou", "log": "|j|\u2606mathismathin\n|j|\u2606tetroAK\n|t:|1695166111\n|gametype|singles\n|player|p1|mathismathin|102|1677\n|player|p2|tetroAK|boarder|1685\n|teamsize|p1|6\n|teamsize|p2|6\n|gen|9\n|tier|[Gen 9] OU\n|rated|\n|rule|Sleep Clause Mod: Limit one foe put to sleep\n|rule|Species Clause: Limit one of each Pok\u00e9mon\n|rule|OHKO Clause: OHKO moves are banned\n|rule|Evasion Items Clause: Evasion items are banned\n|rule|Evasion Moves Clause: Evasion moves are banned\n|rule|Endless Battle Clause: Forcing endless battles is banned\n|rule|HP Percentage Mod: HP is shown in percentages\n|clearpoke\n|poke|p1|Weavile, M|\n|poke|p1|Landorus-Therian, M|\n|poke|p1|Dragapult, F|\n|poke|p1|Fezandipiti, M|\n|poke|p1|Weezing-Galar, F|\n|poke|p1|Great Tusk|\n|poke|p2|Scream Tail|\n|poke|p2|Cinderace, F|\n|poke|p2|Clodsire, M|\n|poke|p2|Gliscor, F|\n|poke|p2|Ursaluna-Bloodmoon, M|\n|poke|p2|Kingambit, M|\n|teampreview\n|inactive|Battle timer is ON: inactive players will automatically lose when time's up. (requested by tetroAK)\n|\n|t:|1695166119\n|start\n|switch|p1a: Landorus|Landorus-Therian, M|100/100\n|switch|p2a: Ursaluna|Ursaluna-Bloodmoon, M|100/100\n|-ability|p1a: Landorus|Intimidate|boost\n|-unboost|p2a: Ursaluna|atk|1\n|turn|1\n|\n|t:|1695166123\n|-terastallize|p2a: Ursaluna|Normal\n|move|p1a: Landorus|Stealth Rock|p2a: Ursaluna\n|-sidestart|p2: tetroAK|move: Stealth Rock\n|move|p2a: Ursaluna|Blood Moon|p1a: Landorus\n|-damage|p1a: Landorus|0 fnt\n|faint|p1a: Landorus\n|\n|upkeep\n|\n|t:|1695166127\n|switch|p1a: Weavile|Weavile, M|100/100\n|turn|2\n|j| Jeremy Piven\n|\n|t:|1695166133\n|move|p2a: Ursaluna|Vacuum Wave|p1a: Weavile\n|-supereffective|p1a: Weavile\n|-damage|p1a: Weavile|7/100\n|move|p1a: Weavile|Low Kick|p2a: Ursaluna\n|-supereffective|p2a: Ursaluna\n|-damage|p2a: Ursaluna|15/100\n|\n|-heal|p2a: Ursaluna|21/100|[from] item: Leftovers\n|upkeep\n|turn|3\n|\n|t:|1695166139\n|switch|p1a: Fezandipiti|Fezandipiti, M|100/100\n|move|p2a: Ursaluna|Vacuum Wave|p1a: Fezandipiti\n|-resisted|p1a: Fezandipiti\n|-damage|p1a: Fezandipiti|98/100\n|\n|-heal|p1a: Fezandipiti|100/100|[from] item: Leftovers\n|-heal|p2a: Ursaluna|27/100|[from] item: Leftovers\n|upkeep\n|turn|4\n|\n|t:|1695166144\n|switch|p2a: Gliscor|Gliscor, F|100/100\n|-damage|p2a: Gliscor|88/100|[from] Stealth Rock\n|move|p1a: Fezandipiti|Moonblast|p2a: Gliscor\n|-damage|p2a: Gliscor|56/100\n|-unboost|p2a: Gliscor|spa|1\n|\n|-status|p2a: Gliscor|tox|[from] item: Toxic Orb\n|upkeep\n|turn|5\n|\n|t:|1695166149\n|switch|p1a: Dragapult|Dragapult, F|100/100\n|move|p2a: Gliscor|Protect||[still]\n|-fail|p2a: Gliscor\n|\n|-heal|p2a: Gliscor|68/100 tox|[from] ability: Poison Heal\n|upkeep\n|turn|6\n|\n|t:|1695166154\n|move|p2a: Gliscor|Protect|p2a: Gliscor\n|-singleturn|p2a: Gliscor|Protect\n|move|p1a: Dragapult|Hex|p2a: Gliscor\n|-activate|p2a: Gliscor|move: Protect\n|\n|-heal|p2a: Gliscor|81/100 tox|[from] ability: Poison Heal\n|upkeep\n|turn|7\n|\n|t:|1695166158\n|switch|p1a: Fezandipiti|Fezandipiti, M|100/100\n|switch|p2a: Clodsire|Clodsire, M|100/100\n|-damage|p2a: Clodsire|94/100|[from] Stealth Rock\n|\n|-heal|p2a: Clodsire|100/100|[from] item: Leftovers\n|upkeep\n|turn|8\n|\n|t:|1695166162\n|move|p1a: Fezandipiti|U-turn|p2a: Clodsire\n|-resisted|p2a: Clodsire\n|-damage|p2a: Clodsire|93/100\n|\n|t:|1695166163\n|switch|p1a: Weezing|Weezing-Galar, F|100/100|[from] U-turn\n|-ability|p1a: Weezing|Neutralizing Gas\n|move|p2a: Clodsire|Earthquake|p1a: Weezing\n|-supereffective|p1a: Weezing\n|-damage|p1a: Weezing|65/100\n|\n|-heal|p1a: Weezing|71/100|[from] item: Leftovers\n|-heal|p2a: Clodsire|99/100|[from] item: Leftovers\n|upkeep\n|turn|9\n|\n|t:|1695166171\n|move|p1a: Weezing|Will-O-Wisp|p2a: Clodsire\n|-status|p2a: Clodsire|brn\n|move|p2a: Clodsire|Spikes|p1a: Weezing\n|-sidestart|p1: mathismathin|Spikes\n|\n|-heal|p1a: Weezing|77/100|[from] item: Leftovers\n|-heal|p2a: Clodsire|100/100 brn|[from] item: Leftovers\n|-damage|p2a: Clodsire|94/100 brn|[from] brn\n|upkeep\n|turn|10\n|j| Little Cuack\n|\n|t:|1695166183\n|move|p1a: Weezing|Strange Steam|p2a: Clodsire\n|-resisted|p2a: Clodsire\n|-damage|p2a: Clodsire|87/100 brn\n|move|p2a: Clodsire|Spikes|p1a: Weezing\n|-sidestart|p1: mathismathin|Spikes\n|\n|-heal|p1a: Weezing|83/100|[from] item: Leftovers\n|-heal|p2a: Clodsire|93/100 brn|[from] item: Leftovers\n|-damage|p2a: Clodsire|87/100 brn|[from] brn\n|upkeep\n|turn|11\n|j| jrocklock\n|\n|t:|1695166199\n|move|p1a: Weezing|Strange Steam|p2a: Clodsire\n|-resisted|p2a: Clodsire\n|-damage|p2a: Clodsire|79/100 brn\n|move|p2a: Clodsire|Toxic|p1a: Weezing\n|-immune|p1a: Weezing\n|\n|-heal|p1a: Weezing|89/100|[from] item: Leftovers\n|-heal|p2a: Clodsire|85/100 brn|[from] item: Leftovers\n|-damage|p2a: Clodsire|79/100 brn|[from] brn\n|upkeep\n|turn|12\n|inactive|mathismathin has 120 seconds left.\n|\n|t:|1695166235\n|move|p1a: Weezing|Strange Steam|p2a: Clodsire\n|-resisted|p2a: Clodsire\n|-damage|p2a: Clodsire|72/100 brn\n|move|p2a: Clodsire|Spikes|p1a: Weezing\n|-sidestart|p1: mathismathin|Spikes\n|\n|-heal|p1a: Weezing|95/100|[from] item: Leftovers\n|-heal|p2a: Clodsire|79/100 brn|[from] item: Leftovers\n|-damage|p2a: Clodsire|72/100 brn|[from] brn\n|upkeep\n|turn|13\n|\n|t:|1695166244\n|move|p1a: Weezing|Defog|p2a: Clodsire\n|-unboost|p2a: Clodsire|evasion|1\n|-sideend|p2: tetroAK|Stealth Rock|[from] move: Defog|[of] p1a: Weezing\n|-sideend|p1: mathismathin|Spikes|[from] move: Defog|[of] p1a: Weezing\n|move|p2a: Clodsire|Earthquake|p1a: Weezing\n|-supereffective|p1a: Weezing\n|-damage|p1a: Weezing|77/100\n|\n|-heal|p1a: Weezing|83/100|[from] item: Leftovers\n|-heal|p2a: Clodsire|79/100 brn|[from] item: Leftovers\n|-damage|p2a: Clodsire|72/100 brn|[from] brn\n|upkeep\n|turn|14\n|\n|t:|1695166252\n|-end|p1a: Weezing|ability: Neutralizing Gas\n|switch|p1a: Weavile|Weavile, M|7/100\n|switch|p2a: Gliscor|Gliscor, F|81/100 tox\n|\n|-heal|p2a: Gliscor|93/100 tox|[from] ability: Poison Heal\n|upkeep\n|turn|15\n|j| TKMOZ\n|\n|t:|1695166263\n|move|p2a: Gliscor|Protect|p2a: Gliscor\n|-singleturn|p2a: Gliscor|Protect\n|move|p1a: Weavile|Icicle Crash|p2a: Gliscor\n|-activate|p2a: Gliscor|move: Protect\n|\n|-heal|p2a: Gliscor|100/100 tox|[from] ability: Poison Heal\n|upkeep\n|turn|16\n|j| coolio5000\n|\n|t:|1695166279\n|switch|p2a: Scream Tail|Scream Tail|100/100\n|move|p1a: Weavile|Icicle Crash|p2a: Scream Tail\n|-damage|p2a: Scream Tail|53/100\n|\n|-heal|p2a: Scream Tail|59/100|[from] item: Leftovers\n|upkeep\n|turn|17\n|\n|t:|1695166287\n|switch|p1a: Fezandipiti|Fezandipiti, M|100/100\n|move|p2a: Scream Tail|Protect||[still]\n|-fail|p2a: Scream Tail\n|\n|-heal|p2a: Scream Tail|65/100|[from] item: Leftovers\n|upkeep\n|turn|18\n|\n|t:|1695166312\n|move|p2a: Scream Tail|Protect|p2a: Scream Tail\n|-singleturn|p2a: Scream Tail|Protect\n|move|p1a: Fezandipiti|U-turn|p2a: Scream Tail\n|-activate|p2a: Scream Tail|move: Protect\n|\n|-heal|p2a: Scream Tail|71/100|[from] item: Leftovers\n|upkeep\n|turn|19\n|\n|t:|1695166318\n|-end|p2a: Scream Tail|Protosynthesis|[silent]\n|switch|p2a: Kingambit|Kingambit, M|100/100\n|move|p1a: Fezandipiti|U-turn|p2a: Kingambit\n|-damage|p2a: Kingambit|90/100\n|\n|t:|1695166331\n|switch|p1a: Great Tusk|Great Tusk|100/100|[from] U-turn\n|\n|-heal|p2a: Kingambit|96/100|[from] item: Leftovers\n|upkeep\n|turn|20\n|\n|t:|1695166343\n|-end|p2a: Kingambit|fallenundefined|[silent]\n|switch|p2a: Gliscor|Gliscor, F|100/100 tox\n|move|p1a: Great Tusk|Bulk Up|p1a: Great Tusk\n|-boost|p1a: Great Tusk|atk|1\n|-boost|p1a: Great Tusk|def|1\n|\n|upkeep\n|turn|21\n|\n|t:|1695166366\n|move|p2a: Gliscor|Toxic|p1a: Great Tusk\n|-status|p1a: Great Tusk|tox\n|move|p1a: Great Tusk|Ice Spinner|p2a: Gliscor\n|-supereffective|p2a: Gliscor\n|-damage|p2a: Gliscor|18/100 tox\n|\n|-heal|p2a: Gliscor|30/100 tox|[from] ability: Poison Heal\n|-damage|p1a: Great Tusk|94/100 tox|[from] psn\n|upkeep\n|turn|22\n|\n|t:|1695166374\n|switch|p2a: Scream Tail|Scream Tail|71/100\n|-end|p1a: Great Tusk|Protosynthesis|[silent]\n|switch|p1a: Dragapult|Dragapult, F|100/100\n|\n|-heal|p2a: Scream Tail|77/100|[from] item: Leftovers\n|upkeep\n|turn|23\n|\n|t:|1695166379\n|move|p2a: Scream Tail|Protect|p2a: Scream Tail\n|-singleturn|p2a: Scream Tail|Protect\n|move|p1a: Dragapult|Shadow Ball|p2a: Scream Tail\n|-activate|p2a: Scream Tail|move: Protect\n|\n|-heal|p2a: Scream Tail|84/100|[from] item: Leftovers\n|upkeep\n|turn|24\n|\n|t:|1695166382\n|switch|p1a: Weavile|Weavile, M|7/100\n|-end|p2a: Scream Tail|Protosynthesis|[silent]\n|switch|p2a: Clodsire|Clodsire, M|72/100 brn\n|\n|-heal|p2a: Clodsire|79/100 brn|[from] item: Leftovers\n|-damage|p2a: Clodsire|72/100 brn|[from] brn\n|upkeep\n|turn|25\n|\n|t:|1695166393\n|switch|p2a: Cinderace|Cinderace, F|100/100\n|move|p1a: Weavile|Knock Off|p2a: Cinderace\n|-damage|p2a: Cinderace|0 fnt\n|-enditem|p2a: Cinderace|Heavy-Duty Boots|[from] move: Knock Off|[of] p1a: Weavile\n|faint|p2a: Cinderace\n|\n|upkeep\n|\n|t:|1695166395\n|switch|p2a: Ursaluna|Ursaluna-Bloodmoon, M, tera:Normal|27/100\n|turn|26\n|\n|t:|1695166402\n|switch|p1a: Fezandipiti|Fezandipiti, M|100/100\n|move|p2a: Ursaluna|Blood Moon|p1a: Fezandipiti\n|-damage|p1a: Fezandipiti|38/100\n|\n|-heal|p1a: Fezandipiti|44/100|[from] item: Leftovers\n|-heal|p2a: Ursaluna|34/100|[from] item: Leftovers\n|upkeep\n|turn|27\n|\n|t:|1695166418\n|move|p1a: Fezandipiti|Roost|p1a: Fezandipiti\n|-heal|p1a: Fezandipiti|94/100\n|-singleturn|p1a: Fezandipiti|move: Roost\n|move|p2a: Ursaluna|Calm Mind|p2a: Ursaluna\n|-boost|p2a: Ursaluna|spa|1\n|-boost|p2a: Ursaluna|spd|1\n|\n|-heal|p1a: Fezandipiti|100/100|[from] item: Leftovers\n|-heal|p2a: Ursaluna|40/100|[from] item: Leftovers\n|upkeep\n|turn|28\n|\n|t:|1695166430\n|move|p1a: Fezandipiti|Moonblast|p2a: Ursaluna\n|-damage|p2a: Ursaluna|22/100\n|-unboost|p2a: Ursaluna|spa|1\n|move|p2a: Ursaluna|Blood Moon|p1a: Fezandipiti\n|-damage|p1a: Fezandipiti|36/100\n|\n|-heal|p1a: Fezandipiti|42/100|[from] item: Leftovers\n|-heal|p2a: Ursaluna|28/100|[from] item: Leftovers\n|upkeep\n|turn|29\n|\n|t:|1695166441\n|move|p1a: Fezandipiti|Moonblast|p2a: Ursaluna\n|-damage|p2a: Ursaluna|11/100\n|-unboost|p2a: Ursaluna|spa|1\n|move|p2a: Ursaluna|Earth Power|p1a: Fezandipiti\n|-supereffective|p1a: Fezandipiti\n|-damage|p1a: Fezandipiti|4/100\n|\n|-heal|p1a: Fezandipiti|10/100|[from] item: Leftovers\n|-heal|p2a: Ursaluna|17/100|[from] item: Leftovers\n|upkeep\n|turn|30\n|j| swampertlead\n|c|\u2606tetroAK|!data moonblast\n|raw|<ul class=\"utilichart\"><li class=\"result\"><span class=\"col movenamecol\"><a href=\"https://dex.pokemonshowdown.com/moves/moonblast\">Moonblast</a></span> <span class=\"col typecol\"><img src=\"//play.pokemonshowdown.com/sprites/types/Fairy.png\" alt=\"Fairy\" width=\"32\" height=\"14\"><img src=\"//play.pokemonshowdown.com/sprites/categories/Special.png\" alt=\"Special\" width=\"32\" height=\"14\"></span> <span class=\"col labelcol\"><em>Power</em><br>95</span> <span class=\"col widelabelcol\"><em>Accuracy</em><br>100%</span> <span class=\"col pplabelcol\"><em>PP</em><br>24</span> <span class=\"col movedesccol\">30% chance to lower the target's Sp. Atk by 1.</span> </li><li style=\"clear:both\"></li></ul>\n\n|inactive|mathismathin has 120 seconds left.\n|\n|t:|1695166472\n|move|p1a: Fezandipiti|Roost|p1a: Fezandipiti\n|-heal|p1a: Fezandipiti|60/100\n|-singleturn|p1a: Fezandipiti|move: Roost\n|move|p2a: Ursaluna|Calm Mind|p2a: Ursaluna\n|-boost|p2a: Ursaluna|spa|1\n|-boost|p2a: Ursaluna|spd|1\n|\n|-heal|p1a: Fezandipiti|67/100|[from] item: Leftovers\n|-heal|p2a: Ursaluna|23/100|[from] item: Leftovers\n|upkeep\n|turn|31\n|\n|t:|1695166479\n|move|p1a: Fezandipiti|Moonblast|p2a: Ursaluna\n|-damage|p2a: Ursaluna|9/100\n|move|p2a: Ursaluna|Earth Power|p1a: Fezandipiti\n|-supereffective|p1a: Fezandipiti\n|-damage|p1a: Fezandipiti|11/100\n|\n|-heal|p1a: Fezandipiti|17/100|[from] item: Leftovers\n|-heal|p2a: Ursaluna|15/100|[from] item: Leftovers\n|upkeep\n|turn|32\n|\n|t:|1695166486\n|move|p1a: Fezandipiti|Moonblast|p2a: Ursaluna\n|-damage|p2a: Ursaluna|0 fnt\n|faint|p2a: Ursaluna\n|\n|-heal|p1a: Fezandipiti|23/100|[from] item: Leftovers\n|upkeep\n|\n|t:|1695166491\n|switch|p2a: Gliscor|Gliscor, F|30/100 tox\n|turn|33\n|\n|t:|1695166503\n|switch|p1a: Weezing|Weezing-Galar, F|83/100\n|-ability|p1a: Weezing|Neutralizing Gas\n|move|p2a: Gliscor|Earthquake|p1a: Weezing\n|-supereffective|p1a: Weezing\n|-damage|p1a: Weezing|43/100\n|\n|-heal|p1a: Weezing|49/100|[from] item: Leftovers\n|-damage|p2a: Gliscor|24/100 tox|[from] psn\n|upkeep\n|turn|34\n|\n|t:|1695166514\n|move|p2a: Gliscor|Earthquake|p1a: Weezing\n|-supereffective|p1a: Weezing\n|-damage|p1a: Weezing|2/100\n|move|p1a: Weezing|Strange Steam|p2a: Gliscor\n|-damage|p2a: Gliscor|0 fnt\n|faint|p2a: Gliscor\n|\n|-heal|p1a: Weezing|8/100|[from] item: Leftovers\n|upkeep\n|\n|t:|1695166526\n|switch|p2a: Clodsire|Clodsire, M|72/100 brn\n|turn|35\n|\n|t:|1695166529\n|move|p1a: Weezing|Pain Split|p2a: Clodsire\n|-sethp|p2a: Clodsire|39/100 brn|[from] move: Pain Split|[silent]\n|-sethp|p1a: Weezing|54/100|[from] move: Pain Split\n|move|p2a: Clodsire|Earthquake|p1a: Weezing\n|-supereffective|p1a: Weezing\n|-damage|p1a: Weezing|36/100\n|\n|-heal|p1a: Weezing|42/100|[from] item: Leftovers\n|-heal|p2a: Clodsire|45/100 brn|[from] item: Leftovers\n|-damage|p2a: Clodsire|39/100 brn|[from] brn\n|upkeep\n|turn|36\n|\n|t:|1695166536\n|-end|p1a: Weezing|ability: Neutralizing Gas\n|switch|p1a: Great Tusk|Great Tusk|94/100 tox\n|move|p2a: Clodsire|Earthquake|p1a: Great Tusk\n|-crit|p1a: Great Tusk\n|-damage|p1a: Great Tusk|84/100 tox\n|\n|-heal|p1a: Great Tusk|90/100 tox|[from] item: Leftovers\n|-heal|p2a: Clodsire|45/100 brn|[from] item: Leftovers\n|-damage|p1a: Great Tusk|84/100 tox|[from] psn\n|-damage|p2a: Clodsire|39/100 brn|[from] brn\n|upkeep\n|turn|37\n|\n|t:|1695166542\n|-end|p1a: Great Tusk|Protosynthesis|[silent]\n|switch|p1a: Weezing|Weezing-Galar, F|42/100\n|-ability|p1a: Weezing|Neutralizing Gas\n|move|p2a: Clodsire|Recover|p2a: Clodsire\n|-heal|p2a: Clodsire|89/100 brn\n|\n|-heal|p1a: Weezing|48/100|[from] item: Leftovers\n|-heal|p2a: Clodsire|95/100 brn|[from] item: Leftovers\n|-damage|p2a: Clodsire|89/100 brn|[from] brn\n|upkeep\n|turn|38\n|\n|t:|1695166546\n|move|p1a: Weezing|Pain Split|p2a: Clodsire\n|-sethp|p2a: Clodsire|62/100 brn|[from] move: Pain Split|[silent]\n|-sethp|p1a: Weezing|86/100|[from] move: Pain Split\n|move|p2a: Clodsire|Spikes|p1a: Weezing\n|-sidestart|p1: mathismathin|Spikes\n|\n|-heal|p1a: Weezing|92/100|[from] item: Leftovers\n|-heal|p2a: Clodsire|68/100 brn|[from] item: Leftovers\n|-damage|p2a: Clodsire|62/100 brn|[from] brn\n|upkeep\n|turn|39\n|\n|t:|1695166550\n|move|p1a: Weezing|Pain Split|p2a: Clodsire\n|-sethp|p2a: Clodsire|64/100 brn|[from] move: Pain Split|[silent]\n|-sethp|p1a: Weezing|89/100|[from] move: Pain Split\n|move|p2a: Clodsire|Spikes|p1a: Weezing\n|-sidestart|p1: mathismathin|Spikes\n|\n|-heal|p1a: Weezing|95/100|[from] item: Leftovers\n|-heal|p2a: Clodsire|70/100 brn|[from] item: Leftovers\n|-damage|p2a: Clodsire|64/100 brn|[from] brn\n|upkeep\n|turn|40\n|\n|t:|1695166555\n|switch|p2a: Kingambit|Kingambit, M|96/100\n|move|p1a: Weezing|Strange Steam|p2a: Kingambit\n|-damage|p2a: Kingambit|70/100\n|\n|-heal|p1a: Weezing|100/100|[from] item: Leftovers\n|-heal|p2a: Kingambit|76/100|[from] item: Leftovers\n|upkeep\n|turn|41\n|\n|t:|1695166557\n|move|p1a: Weezing|Will-O-Wisp|p2a: Kingambit\n|-status|p2a: Kingambit|brn\n|move|p2a: Kingambit|Iron Head|p1a: Weezing\n|-supereffective|p1a: Weezing\n|-damage|p1a: Weezing|68/100\n|\n|-heal|p1a: Weezing|74/100|[from] item: Leftovers\n|-heal|p2a: Kingambit|82/100 brn|[from] item: Leftovers\n|-damage|p2a: Kingambit|76/100 brn|[from] brn\n|upkeep\n|turn|42\n|\n|t:|1695166560\n|move|p1a: Weezing|Strange Steam|p2a: Kingambit\n|-damage|p2a: Kingambit|49/100 brn\n|move|p2a: Kingambit|Swords Dance|p2a: Kingambit\n|-boost|p2a: Kingambit|atk|2\n|\n|-heal|p1a: Weezing|80/100|[from] item: Leftovers\n|-heal|p2a: Kingambit|55/100 brn|[from] item: Leftovers\n|-damage|p2a: Kingambit|49/100 brn|[from] brn\n|upkeep\n|turn|43\n|\n|t:|1695166563\n|move|p1a: Weezing|Strange Steam|p2a: Kingambit\n|-damage|p2a: Kingambit|24/100 brn\n|-start|p2a: Kingambit|confusion\n|-activate|p2a: Kingambit|confusion\n|-damage|p2a: Kingambit|2/100 brn|[from] confusion\n|\n|-heal|p1a: Weezing|86/100|[from] item: Leftovers\n|-heal|p2a: Kingambit|8/100 brn|[from] item: Leftovers\n|-damage|p2a: Kingambit|2/100 brn|[from] brn\n|upkeep\n|turn|44\n|\n|t:|1695166566\n|move|p1a: Weezing|Strange Steam|p2a: Kingambit\n|-damage|p2a: Kingambit|0 fnt\n|faint|p2a: Kingambit\n|-end|p2a: Kingambit|fallenundefined|[silent]\n|\n|-heal|p1a: Weezing|92/100|[from] item: Leftovers\n|upkeep\n|-message|tetroAK forfeited.\n|\n|win|mathismathin\n|raw|mathismathin's rating: 1677 &rarr; <strong>1697</strong><br />(+20 for winning)\n|raw|tetroAK's rating: 1685 &rarr; <strong>1665</strong><br />(-20 for losing)\n|l|\u2606tetroAK\n", "uploadtime": 1695166573, "views": 1, "p1id": "mathismathin", "p2id": "tetroak", "formatid": "gen9ou", "rating": 1665, "private": 0, "password": ""}