{"id": "gen9ou-1947569168", "p1": "S0l0w3", "p2": "sneaslerguy", "format": "gen9ou", "log": "|j|\u2606S0l0w3\n|j|\u2606sneaslerguy\n|t:|1695173471\n|gametype|singles\n|player|p1|S0l0w3|hoopster|1075\n|player|p2|sneaslerguy|turo|1053\n|teamsize|p1|6\n|teamsize|p2|6\n|gen|9\n|tier|[Gen 9] OU\n|rated|\n|rule|Sleep Clause Mod: Limit one foe put to sleep\n|rule|Species Clause: Limit one of each Pok\u00e9mon\n|rule|OHKO Clause: OHKO moves are banned\n|rule|Evasion Items Clause: Evasion items are banned\n|rule|Evasion Moves Clause: Evasion moves are banned\n|rule|Endless Battle Clause: Forcing endless battles is banned\n|rule|HP Percentage Mod: HP is shown in percentages\n|clearpoke\n|poke|p1|Dachsbun, F|\n|poke|p1|Kleavor, M|\n|poke|p1|Frosmoth, F|\n|poke|p1|Ariados, F|\n|poke|p1|Yanmega, M|\n|poke|p1|Vikavolt, M|\n|poke|p2|Okidogi, M|\n|poke|p2|Dragapult, F|\n|poke|p2|Ursaluna-Bloodmoon, M|\n|poke|p2|Kommo-o, F|\n|poke|p2|Kingambit, F|\n|poke|p2|Ogerpon-Hearthflame, F|\n|teampreview\n|inactive|Battle timer is ON: inactive players will automatically lose when time's up. (requested by sneaslerguy)\n|\n|t:|1695173480\n|start\n|switch|p1a: Kleavor|Kleavor, M, shiny|100/100\n|switch|p2a: Ogerpon|Ogerpon-Hearthflame, F, shiny|100/100\n|-ability|p2a: Ogerpon|Mold Breaker\n|turn|1\n|c|\u2606sneaslerguy|bouta end this man\u2019s whole career\n|\n|t:|1695173495\n|move|p1a: Kleavor|Stone Axe|p2a: Ogerpon\n|-supereffective|p2a: Ogerpon\n|-damage|p2a: Ogerpon|0 fnt\n|-sidestart|p2: sneaslerguy|move: Stealth Rock\n|faint|p2a: Ogerpon\n|\n|upkeep\n|c|\u2606sneaslerguy|nvm\n|c|\u2606S0l0w3|(:\n|\n|t:|1695173505\n|switch|p2a: Dragapult|Dragapult, F|100/100\n|-damage|p2a: Dragapult|88/100|[from] Stealth Rock\n|turn|2\n|c|\u2606sneaslerguy|bug teems can be pretty good sometimes\n|c|\u2606sneaslerguy|teams\n|\n|t:|1695173519\n|switch|p1a: Dachsbun|Dachsbun, F, shiny|100/100\n|move|p2a: Dragapult|Dragon Darts|p1a: Dachsbun\n|-immune|p1a: Dachsbun\n|\n|upkeep\n|turn|3\n|\n|t:|1695173529\n|switch|p2a: Ursaluna|Ursaluna-Bloodmoon, M, shiny|100/100\n|-damage|p2a: Ursaluna|94/100|[from] Stealth Rock\n|move|p1a: Dachsbun|Yawn|p2a: Ursaluna\n|-start|p2a: Ursaluna|move: Yawn|[of] p1a: Dachsbun\n|\n|-heal|p2a: Ursaluna|100/100|[from] item: Leftovers\n|upkeep\n|turn|4\n|\n|t:|1695173541\n|switch|p2a: offbrand oreos|Okidogi, M, shiny|100/100\n|-damage|p2a: offbrand oreos|94/100|[from] Stealth Rock\n|move|p1a: Dachsbun|Body Press|p2a: offbrand oreos\n|-resisted|p2a: offbrand oreos\n|-damage|p2a: offbrand oreos|83/100\n|\n|-heal|p2a: offbrand oreos|89/100|[from] item: Leftovers\n|upkeep\n|turn|5\n|\n|t:|1695173554\n|-terastallize|p1a: Dachsbun|Steel\n|move|p1a: Dachsbun|Yawn|p2a: offbrand oreos\n|-start|p2a: offbrand oreos|move: Yawn|[of] p1a: Dachsbun\n|move|p2a: offbrand oreos|Poison Jab|p1a: Dachsbun\n|-immune|p1a: Dachsbun\n|\n|-heal|p2a: offbrand oreos|95/100|[from] item: Leftovers\n|upkeep\n|turn|6\n|c|\u2606sneaslerguy|good prediction\n|\n|t:|1695173570\n|move|p1a: Dachsbun|Body Press|p2a: offbrand oreos\n|-resisted|p2a: offbrand oreos\n|-damage|p2a: offbrand oreos|84/100\n|move|p2a: offbrand oreos|Drain Punch|p1a: Dachsbun\n|-supereffective|p1a: Dachsbun\n|-damage|p1a: Dachsbun|25/100\n|-heal|p2a: offbrand oreos|100/100|[from] drain|[of] p1a: Dachsbun\n|-damage|p2a: offbrand oreos|84/100|[from] item: Rocky Helmet|[of] p1a: Dachsbun\n|\n|-heal|p2a: offbrand oreos|90/100|[from] item: Leftovers\n|-end|p2a: offbrand oreos|move: Yawn|[silent]\n|-status|p2a: offbrand oreos|slp\n|upkeep\n|turn|7\n|\n|t:|1695173588\n|switch|p1a: Kleavor|Kleavor, M, shiny|100/100\n|-terastallize|p2a: offbrand oreos|Water\n|cant|p2a: offbrand oreos|slp\n|\n|-heal|p2a: offbrand oreos|97/100 slp|[from] item: Leftovers\n|upkeep\n|turn|8\n|\n|t:|1695173596\n|move|p1a: Kleavor|X-Scissor|p2a: offbrand oreos\n|-crit|p2a: offbrand oreos\n|-damage|p2a: offbrand oreos|12/100 slp\n|cant|p2a: offbrand oreos|slp\n|\n|-heal|p2a: offbrand oreos|18/100 slp|[from] item: Leftovers\n|upkeep\n|turn|9\n|c|\u2606sneaslerguy|kleavor is always a good sweeper\n|c|\u2606sneaslerguy|until it isn\u2019t\n|\n|t:|1695173615\n|switch|p2a: Ursaluna|Ursaluna-Bloodmoon, M, shiny|100/100\n|-damage|p2a: Ursaluna|94/100|[from] Stealth Rock\n|move|p1a: Kleavor|X-Scissor|p2a: Ursaluna\n|-damage|p2a: Ursaluna|63/100\n|\n|-heal|p2a: Ursaluna|69/100|[from] item: Leftovers\n|upkeep\n|turn|10\n|\n|t:|1695173634\n|switch|p1a: Vikavolt|Vikavolt, M, shiny|100/100\n|move|p2a: Ursaluna|Blood Moon|p1a: Vikavolt\n|-damage|p1a: Vikavolt|53/100\n|\n|-heal|p2a: Ursaluna|75/100|[from] item: Leftovers\n|upkeep\n|turn|11\n|\n|t:|1695173641\n|move|p2a: Ursaluna|Protect|p2a: Ursaluna\n|-singleturn|p2a: Ursaluna|Protect\n|move|p1a: Vikavolt|Energy Ball|p2a: Ursaluna\n|-activate|p2a: Ursaluna|move: Protect\n|\n|-heal|p2a: Ursaluna|81/100|[from] item: Leftovers\n|upkeep\n|turn|12\n|\n|t:|1695173657\n|switch|p2a: Kommo-o|Kommo-o, F|100/100\n|-damage|p2a: Kommo-o|94/100|[from] Stealth Rock\n|move|p1a: Vikavolt|Energy Ball|p2a: Kommo-o\n|-resisted|p2a: Kommo-o\n|-damage|p2a: Kommo-o|73/100\n|\n|upkeep\n|turn|13\n|\n|t:|1695173674\n|move|p2a: Kommo-o|Clanging Scales|p1a: Vikavolt\n|-damage|p1a: Vikavolt|24/100\n|-unboost|p2a: Kommo-o|def|1\n|move|p1a: Vikavolt|Discharge|p2a: Kommo-o\n|-resisted|p2a: Kommo-o\n|-damage|p2a: Kommo-o|46/100\n|\n|upkeep\n|turn|14\n|c|\u2606sneaslerguy|levitate is gonna be a problem\n|\n|t:|1695173684\n|move|p2a: Kommo-o|Clanging Scales|p1a: Vikavolt\n|-damage|p1a: Vikavolt|0 fnt\n|faint|p1a: Vikavolt\n|-unboost|p2a: Kommo-o|def|1\n|\n|upkeep\n|c|\u2606sneaslerguy|yanmega next i believe\n|\n|t:|1695173703\n|switch|p1a: Ariados|Ariados, F, shiny|100/100\n|turn|15\n|\n|t:|1695173708\n|move|p2a: Kommo-o|Earthquake|p1a: Ariados\n|-damage|p1a: Ariados|54/100\n|move|p1a: Ariados|Focus Energy|p1a: Ariados\n|-start|p1a: Ariados|move: Focus Energy\n|\n|upkeep\n|turn|16\n|c|\u2606sneaslerguy|interestring choice\n|\n|t:|1695173726\n|move|p2a: Kommo-o|Earthquake|p1a: Ariados\n|-damage|p1a: Ariados|8/100\n|move|p1a: Ariados|Cross Poison|p2a: Kommo-o\n|-crit|p2a: Kommo-o\n|-damage|p2a: Kommo-o|0 fnt\n|faint|p2a: Kommo-o\n|\n|upkeep\n|c|\u2606sneaslerguy|see what i did there\n|\n|t:|1695173734\n|switch|p2a: Dragapult|Dragapult, F|88/100\n|-damage|p2a: Dragapult|76/100|[from] Stealth Rock\n|turn|17\n|\n|t:|1695173741\n|move|p1a: Ariados|Sucker Punch|p2a: Dragapult\n|-supereffective|p2a: Dragapult\n|-crit|p2a: Dragapult\n|-damage|p2a: Dragapult|0 fnt\n|faint|p2a: Dragapult\n|\n|upkeep\n|\n|t:|1695173749\n|switch|p2a: offbrand oreos|Okidogi, M, shiny, tera:Water|18/100 slp\n|-damage|p2a: offbrand oreos|5/100 slp|[from] Stealth Rock\n|turn|18\n|\n|t:|1695173755\n|-curestatus|p2a: offbrand oreos|slp|[msg]\n|move|p2a: offbrand oreos|Knock Off|p1a: Ariados\n|-damage|p1a: Ariados|0 fnt\n|-enditem|p1a: Ariados|Scope Lens|[from] move: Knock Off|[of] p2a: offbrand oreos\n|faint|p1a: Ariados\n|\n|-heal|p2a: offbrand oreos|12/100|[from] item: Leftovers\n|upkeep\n|\n|t:|1695173765\n|switch|p1a: Yanmega|Yanmega, M, shiny|100/100\n|turn|19\n|c|\u2606sneaslerguy|HOOOH THAT WAS SO LUCKY\n|\n|t:|1695173772\n|move|p1a: Yanmega|Air Slash|p2a: offbrand oreos\n|-damage|p2a: offbrand oreos|0 fnt\n|faint|p2a: offbrand oreos\n|\n|upkeep\n|c|\u2606sneaslerguy|there goes okidogi\n|\n|t:|1695173777\n|switch|p2a: Ursaluna|Ursaluna-Bloodmoon, M, shiny|81/100\n|-damage|p2a: Ursaluna|75/100|[from] Stealth Rock\n|turn|20\n|\n|t:|1695173782\n|move|p1a: Yanmega|Air Slash|p2a: Ursaluna\n|-damage|p2a: Ursaluna|19/100\n|cant|p2a: Ursaluna|flinch\n|\n|-heal|p2a: Ursaluna|25/100|[from] item: Leftovers\n|upkeep\n|turn|21\n|\n|t:|1695173788\n|move|p2a: Ursaluna|Protect|p2a: Ursaluna\n|-singleturn|p2a: Ursaluna|Protect\n|move|p1a: Yanmega|Air Slash|p2a: Ursaluna\n|-activate|p2a: Ursaluna|move: Protect\n|\n|-heal|p2a: Ursaluna|31/100|[from] item: Leftovers\n|upkeep\n|turn|22\n|\n|t:|1695173795\n|switch|p2a: Kingambit|Kingambit, F, shiny|100/100\n|-damage|p2a: Kingambit|94/100|[from] Stealth Rock\n|-activate|p2a: Kingambit|ability: Supreme Overlord\n|-start|p2a: Kingambit|fallen4|[silent]\n|-item|p2a: Kingambit|Air Balloon\n|move|p1a: Yanmega|Air Slash|p2a: Kingambit\n|-resisted|p2a: Kingambit\n|-damage|p2a: Kingambit|30/100\n|-enditem|p2a: Kingambit|Air Balloon\n|\n|upkeep\n|turn|23\n|c|\u2606S0l0w3|GGs\n|c|\u2606sneaslerguy|gg\n|\n|t:|1695173809\n|move|p2a: Kingambit|Sucker Punch|p1a: Yanmega\n|-damage|p1a: Yanmega|26/100\n|move|p1a: Yanmega|Air Slash|p2a: Kingambit\n|-resisted|p2a: Kingambit\n|-damage|p2a: Kingambit|0 fnt\n|faint|p2a: Kingambit\n|-end|p2a: Kingambit|fallen4|[silent]\n|\n|upkeep\n|l|\u2606sneaslerguy\n|inactive|sneaslerguy disconnected and has a minute to reconnect!\n|player|p2|\n|inactive|sneaslerguy has 30 seconds to reconnect!\n|c|\u2606S0l0w3|the salt, my mans couldnt forfeit lol\n|inactive|sneaslerguy has 20 seconds to reconnect!\n|inactive|sneaslerguy has 15 seconds to reconnect!\n|inactive|sneaslerguy has 10 seconds to reconnect!\n|inactive|sneaslerguy has 5 seconds to reconnect!\n|-message|sneaslerguy lost due to inactivity.\n|\n|win|S0l0w3\n|raw|S0l0w3's rating: 1075 &rarr; <strong>1102</strong><br />(+27 for winning)\n|raw|sneaslerguy's rating: 1053 &rarr; <strong>1036</strong><br />(-17 for losing)\n", "uploadtime": 1695173880, "views": 4, "p1id": "s0l0w3", "p2id": "sneaslerguy", "formatid": "gen9ou", "rating": 1036, "private": 0, "password": ""}