{"id": "gen9ou-1947583514", "p1": "jkavier", "p2": "Gimmicko", "format": "gen9ou", "log": "|j|\u2606jkavier\n|j|\u2606Gimmicko\n|t:|1695174863\n|gametype|singles\n|player|p1|jkavier|juan|1174\n|player|p2|Gimmicko|170|1082\n|teamsize|p1|6\n|teamsize|p2|6\n|gen|9\n|tier|[Gen 9] OU\n|rated|\n|rule|Sleep Clause Mod: Limit one foe put to sleep\n|rule|Species Clause: Limit one of each Pok\u00e9mon\n|rule|OHKO Clause: OHKO moves are banned\n|rule|Evasion Items Clause: Evasion items are banned\n|rule|Evasion Moves Clause: Evasion moves are banned\n|rule|Endless Battle Clause: Forcing endless battles is banned\n|rule|HP Percentage Mod: HP is shown in percentages\n|clearpoke\n|poke|p1|Infernape, M|\n|poke|p1|Meowscarada, F|\n|poke|p1|Corviknight, F|\n|poke|p1|Clefable, F|\n|poke|p1|Dragapult, M|\n|poke|p1|Ursaluna-Bloodmoon, M|\n|poke|p2|Noctowl, F|\n|poke|p2|Yanmega, F|\n|poke|p2|Chimecho, F|\n|poke|p2|Victreebel, F|\n|poke|p2|Gliscor, F|\n|poke|p2|Ninetales-Alola, F|\n|teampreview\n|inactive|Battle timer is ON: inactive players will automatically lose when time's up. (requested by Gimmicko)\n|\n|t:|1695174871\n|start\n|switch|p1a: Infernape|Infernape, M|100/100\n|switch|p2a: Ninetales|Ninetales-Alola, F|100/100\n|-weather|Snow|[from] ability: Snow Warning|[of] p2a: Ninetales\n|turn|1\n|\n|t:|1695174878\n|-terastallize|p2a: Ninetales|Water\n|move|p2a: Ninetales|Chilling Water|p1a: Infernape\n|-supereffective|p1a: Infernape\n|-damage|p1a: Infernape|36/100\n|-unboost|p1a: Infernape|atk|1\n|move|p1a: Infernape|Flare Blitz|p2a: Ninetales\n|-resisted|p2a: Ninetales\n|-damage|p2a: Ninetales|66/100\n|-damage|p1a: Infernape|25/100|[from] Recoil\n|-damage|p1a: Infernape|15/100|[from] item: Life Orb\n|\n|-weather|Snow|[upkeep]\n|upkeep\n|turn|2\n|\n|t:|1695174896\n|move|p2a: Ninetales|Aurora Veil|p2a: Ninetales\n|-sidestart|p2: Gimmicko|move: Aurora Veil\n|move|p1a: Infernape|U-turn|p2a: Ninetales\n|-damage|p2a: Ninetales|52/100\n|-damage|p1a: Infernape|5/100|[from] item: Life Orb\n|\n|t:|1695174903\n|switch|p1a: Meowscarada|Meowscarada, F|100/100|[from] U-turn\n|\n|-weather|Snow|[upkeep]\n|upkeep\n|turn|3\n|\n|t:|1695174910\n|switch|p2a: Victreebel|Victreebel, F|100/100\n|move|p1a: Meowscarada|Flower Trick|p2a: Victreebel\n|-start|p1a: Meowscarada|typechange|Grass|[from] ability: Protean\n|-resisted|p2a: Victreebel\n|-crit|p2a: Victreebel\n|-damage|p2a: Victreebel|82/100\n|\n|-weather|Snow|[upkeep]\n|upkeep\n|turn|4\n|\n|t:|1695174919\n|move|p1a: Meowscarada|U-turn|p2a: Victreebel\n|-crit|p2a: Victreebel\n|-damage|p2a: Victreebel|32/100\n|\n|t:|1695174922\n|switch|p1a: Corviknight|Corviknight, F|100/100|[from] U-turn\n|move|p2a: Victreebel|Sleep Powder|p1a: Corviknight\n|-status|p1a: Corviknight|slp|[from] move: Sleep Powder\n|\n|-weather|Snow|[upkeep]\n|upkeep\n|turn|5\n|\n|t:|1695174929\n|switch|p2a: Noctowl|Noctowl, F, shiny|100/100\n|cant|p1a: Corviknight|slp\n|\n|-weather|none\n|upkeep\n|turn|6\n|\n|t:|1695174934\n|move|p2a: Noctowl|Heat Wave|p1a: Corviknight\n|-supereffective|p1a: Corviknight\n|-damage|p1a: Corviknight|48/100 slp\n|cant|p1a: Corviknight|slp\n|\n|upkeep\n|turn|7\n|\n|t:|1695174941\n|move|p2a: Noctowl|Nasty Plot|p2a: Noctowl\n|-boost|p2a: Noctowl|spa|2\n|cant|p1a: Corviknight|slp\n|\n|upkeep\n|turn|8\n|\n|t:|1695174946\n|move|p2a: Noctowl|Heat Wave|p1a: Corviknight\n|-supereffective|p1a: Corviknight\n|-damage|p1a: Corviknight|0 fnt\n|faint|p1a: Corviknight\n|\n|upkeep\n|\n|t:|1695174950\n|switch|p1a: Dragapult|Dragapult, M, shiny|100/100\n|turn|9\n|\n|t:|1695174958\n|move|p1a: Dragapult|Thunder|p2a: Noctowl|[miss]\n|-miss|p1a: Dragapult|p2a: Noctowl\n|move|p2a: Noctowl|Air Slash|p1a: Dragapult\n|-damage|p1a: Dragapult|20/100\n|\n|-sideend|p2: Gimmicko|move: Aurora Veil\n|upkeep\n|turn|10\n|\n|t:|1695174964\n|move|p1a: Dragapult|Thunder|p2a: Noctowl\n|-supereffective|p2a: Noctowl\n|-damage|p2a: Noctowl|17/100\n|move|p2a: Noctowl|Air Slash|p1a: Dragapult\n|-damage|p1a: Dragapult|0 fnt\n|faint|p1a: Dragapult\n|\n|-heal|p2a: Noctowl|23/100|[from] item: Leftovers\n|upkeep\n|\n|t:|1695174969\n|switch|p1a: Meowscarada|Meowscarada, F|100/100\n|turn|11\n|\n|t:|1695174977\n|switch|p2a: Victreebel|Victreebel, F|32/100\n|move|p1a: Meowscarada|U-turn|p2a: Victreebel\n|-start|p1a: Meowscarada|typechange|Bug|[from] ability: Protean\n|-damage|p2a: Victreebel|0 fnt\n|faint|p2a: Victreebel\n|\n|t:|1695174982\n|switch|p1a: Infernape|Infernape, M|5/100|[from] U-turn\n|\n|upkeep\n|\n|t:|1695174990\n|switch|p2a: Ninetales|Ninetales-Alola, F, tera:Water|52/100\n|-weather|Snow|[from] ability: Snow Warning|[of] p2a: Ninetales\n|turn|12\n|\n|t:|1695174997\n|move|p2a: Ninetales|Aurora Veil|p2a: Ninetales\n|-sidestart|p2: Gimmicko|move: Aurora Veil\n|move|p1a: Infernape|Close Combat|p2a: Ninetales\n|-crit|p2a: Ninetales\n|-damage|p2a: Ninetales|0 fnt\n|-unboost|p1a: Infernape|def|1\n|-unboost|p1a: Infernape|spd|1\n|faint|p2a: Ninetales\n|-damage|p1a: Infernape|0 fnt|[from] item: Life Orb\n|faint|p1a: Infernape\n|\n|-weather|Snow|[upkeep]\n|upkeep\n|\n|t:|1695175013\n|switch|p2a: Yanmega|Yanmega, F, shiny|100/100\n|switch|p1a: Clefable|Clefable, F|100/100\n|turn|13\n|\n|t:|1695175019\n|move|p2a: Yanmega|Tailwind|p2a: Yanmega\n|-sidestart|p2: Gimmicko|move: Tailwind\n|move|p1a: Clefable|Flamethrower|p2a: Yanmega\n|-supereffective|p2a: Yanmega\n|-damage|p2a: Yanmega|67/100\n|\n|-weather|Snow|[upkeep]\n|upkeep\n|turn|14\n|\n|t:|1695175027\n|switch|p2a: Gliscor|Gliscor, F|100/100\n|move|p1a: Clefable|Flamethrower|p2a: Gliscor\n|-damage|p2a: Gliscor|87/100\n|\n|-weather|Snow|[upkeep]\n|-status|p2a: Gliscor|tox|[from] item: Toxic Orb\n|upkeep\n|turn|15\n|\n|t:|1695175037\n|move|p2a: Gliscor|Swords Dance|p2a: Gliscor\n|-boost|p2a: Gliscor|atk|2\n|move|p1a: Clefable|Moonblast|p2a: Gliscor\n|-damage|p2a: Gliscor|62/100 tox\n|-unboost|p2a: Gliscor|spa|1\n|\n|-weather|Snow|[upkeep]\n|-heal|p2a: Gliscor|75/100 tox|[from] ability: Poison Heal\n|upkeep\n|turn|16\n|\n|t:|1695175045\n|move|p2a: Gliscor|Earthquake|p1a: Clefable\n|-damage|p1a: Clefable|9/100\n|move|p1a: Clefable|Moonblast|p2a: Gliscor\n|-damage|p2a: Gliscor|51/100 tox\n|\n|-weather|none\n|-heal|p1a: Clefable|15/100|[from] item: Leftovers\n|-heal|p2a: Gliscor|64/100 tox|[from] ability: Poison Heal\n|-sideend|p2: Gimmicko|move: Tailwind\n|upkeep\n|turn|17\n|\n|t:|1695175059\n|move|p2a: Gliscor|Earthquake|p1a: Clefable\n|-damage|p1a: Clefable|0 fnt\n|faint|p1a: Clefable\n|\n|-heal|p2a: Gliscor|76/100 tox|[from] ability: Poison Heal\n|upkeep\n|\n|t:|1695175065\n|switch|p1a: Ursaluna|Ursaluna-Bloodmoon, M|100/100\n|turn|18\n|\n|t:|1695175071\n|move|p2a: Gliscor|Earthquake|p1a: Ursaluna\n|-damage|p1a: Ursaluna|44/100\n|move|p1a: Ursaluna|Blood Moon|p2a: Gliscor\n|-damage|p2a: Gliscor|15/100 tox\n|\n|-heal|p1a: Ursaluna|50/100|[from] item: Leftovers\n|-heal|p2a: Gliscor|27/100 tox|[from] ability: Poison Heal\n|upkeep\n|turn|19\n|\n|t:|1695175079\n|move|p2a: Gliscor|Earthquake|p1a: Ursaluna\n|-damage|p1a: Ursaluna|0 fnt\n|faint|p1a: Ursaluna\n|\n|-heal|p2a: Gliscor|40/100 tox|[from] ability: Poison Heal\n|-sideend|p2: Gimmicko|move: Aurora Veil\n|upkeep\n|\n|t:|1695175081\n|switch|p1a: Meowscarada|Meowscarada, F|100/100\n|turn|20\n|\n|t:|1695175088\n|-terastallize|p1a: Meowscarada|Grass\n|move|p1a: Meowscarada|Flower Trick|p2a: Gliscor\n|-crit|p2a: Gliscor\n|-damage|p2a: Gliscor|0 fnt\n|faint|p2a: Gliscor\n|\n|upkeep\n|\n|t:|1695175095\n|switch|p2a: Chimecho|Chimecho, F|100/100\n|turn|21\n|\n|t:|1695175099\n|move|p1a: Meowscarada|Knock Off|p2a: Chimecho\n|-supereffective|p2a: Chimecho\n|-enditem|p2a: Chimecho|Focus Sash\n|-damage|p2a: Chimecho|1/100\n|move|p2a: Chimecho|Thunder Wave|p1a: Meowscarada\n|-status|p1a: Meowscarada|par\n|\n|upkeep\n|turn|22\n|\n|t:|1695175106\n|move|p1a: Meowscarada|Knock Off|p2a: Chimecho\n|-supereffective|p2a: Chimecho\n|-damage|p2a: Chimecho|0 fnt\n|faint|p2a: Chimecho\n|\n|upkeep\n|\n|t:|1695175113\n|switch|p2a: Yanmega|Yanmega, F, shiny|67/100\n|turn|23\n|\n|t:|1695175115\n|move|p2a: Yanmega|Bug Buzz|p1a: Meowscarada\n|-supereffective|p1a: Meowscarada\n|-damage|p1a: Meowscarada|0 fnt\n|faint|p1a: Meowscarada\n|\n|win|Gimmicko\n|raw|jkavier's rating: 1174 &rarr; <strong>1143</strong><br />(-31 for losing)\n|raw|Gimmicko's rating: 1082 &rarr; <strong>1117</strong><br />(+35 for winning)\n|l|\u2606jkavier\n|c|\u2606Gimmicko|GG\n", "uploadtime": 1695175134, "views": 4, "p1id": "jkavier", "p2id": "gimmicko", "formatid": "gen9ou", "rating": 1117, "private": 0, "password": ""}