{"id": "gen9ou-1947511689", "p1": "Gambit in the back", "p2": "grunkleconn", "format": "gen9ou", "log": "|j|\u2606Gambit in the back\n|j|\u2606grunkleconn\n|t:|1695167861\n|gametype|singles\n|player|p1|Gambit in the back|preschoolerf|1176\n|player|p2|grunkleconn|102|1225\n|teamsize|p1|6\n|teamsize|p2|6\n|gen|9\n|tier|[Gen 9] OU\n|rated|\n|rule|Sleep Clause Mod: Limit one foe put to sleep\n|rule|Species Clause: Limit one of each Pok\u00e9mon\n|rule|OHKO Clause: OHKO moves are banned\n|rule|Evasion Items Clause: Evasion items are banned\n|rule|Evasion Moves Clause: Evasion moves are banned\n|rule|Endless Battle Clause: Forcing endless battles is banned\n|rule|HP Percentage Mod: HP is shown in percentages\n|clearpoke\n|poke|p1|Glimmora, M|\n|poke|p1|Iron Valiant|\n|poke|p1|Haxorus, F|\n|poke|p1|Kingambit, F|\n|poke|p1|Zamazenta-*|\n|poke|p1|Roaring Moon|\n|poke|p2|Ogerpon-Hearthflame, F|\n|poke|p2|Mamoswine, M|\n|poke|p2|Dragapult, M|\n|poke|p2|Empoleon, F|\n|poke|p2|Mandibuzz, F|\n|poke|p2|Clefable, F|\n|teampreview\n|\n|t:|1695167867\n|start\n|switch|p1a: Glimmora|Glimmora, M|100/100\n|switch|p2a: Clefable|Clefable, F|100/100\n|turn|1\n|\n|t:|1695167878\n|switch|p2a: Empoleon|Empoleon, F|100/100\n|-item|p2a: Empoleon|Air Balloon\n|move|p1a: Glimmora|Stealth Rock|p2a: Empoleon\n|-sidestart|p2: grunkleconn|move: Stealth Rock\n|\n|upkeep\n|turn|2\n|\n|t:|1695167884\n|move|p1a: Glimmora|Energy Ball|p2a: Empoleon\n|-damage|p2a: Empoleon|65/100\n|-enditem|p2a: Empoleon|Air Balloon\n|move|p2a: Empoleon|Agility|p2a: Empoleon\n|-boost|p2a: Empoleon|spe|2\n|\n|upkeep\n|turn|3\n|\n|t:|1695167887\n|move|p2a: Empoleon|Surf|p1a: Glimmora\n|-supereffective|p1a: Glimmora\n|-enditem|p1a: Glimmora|Focus Sash\n|-damage|p1a: Glimmora|1/100\n|move|p1a: Glimmora|Earth Power|p2a: Empoleon\n|-supereffective|p2a: Empoleon\n|-damage|p2a: Empoleon|0 fnt\n|faint|p2a: Empoleon\n|\n|upkeep\n|\n|t:|1695167895\n|switch|p2a: Dragapult|Dragapult, M|100/100\n|-damage|p2a: Dragapult|88/100|[from] Stealth Rock\n|turn|4\n|\n|t:|1695167900\n|move|p2a: Dragapult|U-turn|p1a: Glimmora\n|-resisted|p1a: Glimmora\n|-damage|p1a: Glimmora|0 fnt\n|-activate|p1a: Glimmora|ability: Toxic Debris\n|-sidestart|p2: grunkleconn|move: Toxic Spikes\n|faint|p1a: Glimmora\n|\n|t:|1695167903\n|switch|p2a: Mandibuzz|Mandibuzz, F|100/100|[from] U-turn\n|\n|upkeep\n|\n|t:|1695167915\n|switch|p1a: Iron Valiant|Iron Valiant|100/100\n|-enditem|p1a: Iron Valiant|Booster Energy\n|-activate|p1a: Iron Valiant|ability: Quark Drive|[fromitem]\n|-start|p1a: Iron Valiant|quarkdrivespe\n|turn|5\n|\n|t:|1695167930\n|move|p1a: Iron Valiant|Calm Mind|p1a: Iron Valiant\n|-boost|p1a: Iron Valiant|spa|1\n|-boost|p1a: Iron Valiant|spd|1\n|move|p2a: Mandibuzz|Defog|p1a: Iron Valiant\n|-unboost|p1a: Iron Valiant|evasion|1\n|-sideend|p2: grunkleconn|Toxic Spikes|[from] move: Defog|[of] p2a: Mandibuzz\n|-sideend|p2: grunkleconn|Stealth Rock|[from] move: Defog|[of] p2a: Mandibuzz\n|\n|upkeep\n|turn|6\n|\n|t:|1695167936\n|move|p1a: Iron Valiant|Substitute|p1a: Iron Valiant\n|-start|p1a: Iron Valiant|Substitute\n|-damage|p1a: Iron Valiant|76/100\n|move|p2a: Mandibuzz|U-turn|p1a: Iron Valiant\n|-resisted|p1a: Iron Valiant\n|-activate|p1a: Iron Valiant|move: Substitute|[damage]\n|\n|t:|1695167938\n|switch|p2a: Clefable|Clefable, F|100/100|[from] U-turn\n|\n|upkeep\n|turn|7\n|\n|t:|1695167944\n|move|p1a: Iron Valiant|Moonblast|p2a: Clefable\n|-crit|p2a: Clefable\n|-damage|p2a: Clefable|50/100\n|move|p2a: Clefable|Moonblast|p1a: Iron Valiant\n|-supereffective|p1a: Iron Valiant\n|-end|p1a: Iron Valiant|Substitute\n|\n|upkeep\n|turn|8\n|\n|t:|1695167947\n|move|p1a: Iron Valiant|Moonblast|p2a: Clefable\n|-crit|p2a: Clefable\n|-damage|p2a: Clefable|2/100\n|move|p2a: Clefable|Moonlight|p2a: Clefable\n|-heal|p2a: Clefable|52/100\n|\n|upkeep\n|turn|9\n|\n|t:|1695167950\n|move|p1a: Iron Valiant|Moonblast|p2a: Clefable\n|-damage|p2a: Clefable|19/100\n|move|p2a: Clefable|Moonlight|p2a: Clefable\n|-heal|p2a: Clefable|69/100\n|\n|upkeep\n|turn|10\n|\n|t:|1695167954\n|move|p1a: Iron Valiant|Moonblast|p2a: Clefable\n|-damage|p2a: Clefable|37/100\n|move|p2a: Clefable|Moonlight|p2a: Clefable\n|-heal|p2a: Clefable|87/100\n|\n|upkeep\n|turn|11\n|\n|t:|1695167959\n|move|p1a: Iron Valiant|Moonblast|p2a: Clefable\n|-damage|p2a: Clefable|58/100\n|move|p2a: Clefable|Thunder Wave|p1a: Iron Valiant\n|-status|p1a: Iron Valiant|par\n|\n|upkeep\n|turn|12\n|\n|t:|1695167963\n|move|p1a: Iron Valiant|Moonblast|p2a: Clefable\n|-damage|p2a: Clefable|26/100\n|move|p2a: Clefable|Moonblast|p1a: Iron Valiant\n|-supereffective|p1a: Iron Valiant\n|-damage|p1a: Iron Valiant|0 fnt\n|faint|p1a: Iron Valiant\n|-end|p1a: Iron Valiant|Quark Drive|[silent]\n|\n|upkeep\n|\n|t:|1695167972\n|switch|p1a: Kingambit|Kingambit, F|100/100\n|-activate|p1a: Kingambit|ability: Supreme Overlord\n|-start|p1a: Kingambit|fallen2|[silent]\n|turn|13\n|\n|t:|1695167977\n|switch|p2a: Mandibuzz|Mandibuzz, F|100/100\n|move|p1a: Kingambit|Iron Head|p2a: Mandibuzz\n|-damage|p2a: Mandibuzz|70/100\n|\n|upkeep\n|turn|14\n|\n|t:|1695167981\n|move|p2a: Mandibuzz|Foul Play|p1a: Kingambit\n|-resisted|p1a: Kingambit\n|-damage|p1a: Kingambit|76/100\n|move|p1a: Kingambit|Swords Dance|p1a: Kingambit\n|-boost|p1a: Kingambit|atk|2\n|\n|upkeep\n|turn|15\n|\n|t:|1695167986\n|move|p2a: Mandibuzz|Foul Play|p1a: Kingambit\n|-resisted|p1a: Kingambit\n|-damage|p1a: Kingambit|30/100\n|move|p1a: Kingambit|Iron Head|p2a: Mandibuzz\n|-damage|p2a: Mandibuzz|3/100\n|\n|upkeep\n|turn|16\n|\n|t:|1695167991\n|move|p2a: Mandibuzz|Roost|p2a: Mandibuzz\n|-heal|p2a: Mandibuzz|53/100\n|-singleturn|p2a: Mandibuzz|move: Roost\n|move|p1a: Kingambit|Kowtow Cleave|p2a: Mandibuzz\n|-resisted|p2a: Mandibuzz\n|-damage|p2a: Mandibuzz|15/100\n|\n|upkeep\n|turn|17\n|\n|t:|1695167995\n|move|p1a: Kingambit|Sucker Punch|p2a: Mandibuzz\n|-resisted|p2a: Mandibuzz\n|-damage|p2a: Mandibuzz|0 fnt\n|faint|p2a: Mandibuzz\n|\n|upkeep\n|\n|t:|1695167999\n|switch|p2a: Ogerpon|Ogerpon-Hearthflame, F|100/100\n|-ability|p2a: Ogerpon|Mold Breaker\n|turn|18\n|\n|t:|1695168003\n|move|p1a: Kingambit|Sucker Punch||[still]\n|-fail|p1a: Kingambit\n|move|p2a: Ogerpon|Substitute|p2a: Ogerpon\n|-start|p2a: Ogerpon|Substitute\n|-damage|p2a: Ogerpon|76/100\n|\n|upkeep\n|turn|19\n|\n|t:|1695168007\n|move|p1a: Kingambit|Sucker Punch|p2a: Ogerpon\n|-end|p2a: Ogerpon|Substitute\n|move|p2a: Ogerpon|Ivy Cudgel|p1a: Kingambit\n|-supereffective|p1a: Kingambit\n|-damage|p1a: Kingambit|0 fnt\n|faint|p1a: Kingambit\n|-end|p1a: Kingambit|fallen2|[silent]\n|\n|upkeep\n|\n|t:|1695168014\n|switch|p1a: Haxorus|Haxorus, F|100/100\n|-ability|p1a: Haxorus|Mold Breaker\n|turn|20\n|\n|t:|1695168018\n|move|p2a: Ogerpon|Substitute|p2a: Ogerpon\n|-start|p2a: Ogerpon|Substitute\n|-damage|p2a: Ogerpon|51/100\n|move|p1a: Haxorus|Swords Dance|p1a: Haxorus\n|-boost|p1a: Haxorus|atk|2\n|\n|upkeep\n|turn|21\n|\n|t:|1695168027\n|move|p2a: Ogerpon|Swords Dance|p2a: Ogerpon\n|-boost|p2a: Ogerpon|atk|2\n|move|p1a: Haxorus|Scale Shot|p2a: Ogerpon\n|-end|p2a: Ogerpon|Substitute\n|-damage|p2a: Ogerpon|15/100\n|-damage|p2a: Ogerpon|0 fnt\n|faint|p2a: Ogerpon\n|-hitcount|p2: Ogerpon|3\n|-unboost|p1a: Haxorus|def|1\n|-boost|p1a: Haxorus|spe|1\n|\n|upkeep\n|\n|t:|1695168036\n|switch|p2a: Mamoswine|Mamoswine, M|100/100\n|turn|22\n|\n|t:|1695168047\n|-terastallize|p1a: Haxorus|Ice\n|-terastallize|p2a: Mamoswine|Ice\n|move|p2a: Mamoswine|Ice Shard|p1a: Haxorus\n|-resisted|p1a: Haxorus\n|-damage|p1a: Haxorus|76/100\n|move|p1a: Haxorus|Scale Shot|p2a: Mamoswine\n|-damage|p2a: Mamoswine|65/100\n|-damage|p2a: Mamoswine|32/100\n|-damage|p2a: Mamoswine|0 fnt\n|faint|p2a: Mamoswine\n|-hitcount|p2: Mamoswine|3\n|-unboost|p1a: Haxorus|def|1\n|-boost|p1a: Haxorus|spe|1\n|\n|upkeep\n|\n|t:|1695168052\n|switch|p2a: Dragapult|Dragapult, M|88/100\n|turn|23\n|\n|t:|1695168056\n|move|p1a: Haxorus|Tera Blast|p2a: Dragapult\n|-supereffective|p2a: Dragapult\n|-damage|p2a: Dragapult|0 fnt\n|faint|p2a: Dragapult\n|\n|upkeep\n|\n|t:|1695168062\n|switch|p2a: Clefable|Clefable, F|26/100\n|turn|24\n|\n|t:|1695168065\n|move|p1a: Haxorus|Earthquake|p2a: Clefable\n|-damage|p2a: Clefable|0 fnt\n|faint|p2a: Clefable\n|\n|win|Gambit in the back\n|raw|Gambit in the back's rating: 1176 &rarr; <strong>1205</strong><br />(+29 for winning)\n|raw|grunkleconn's rating: 1225 &rarr; <strong>1196</strong><br />(-29 for losing)\n|l|\u2606grunkleconn\n", "uploadtime": 1695168070, "views": 3, "p1id": "gambitintheback", "p2id": "grunkleconn", "formatid": "gen9ou", "rating": 1196, "private": 0, "password": ""}