{"id": "gen9ou-1947499204", "p1": "dzbob", "p2": "Orekeeper", "format": "gen9ou", "log": "|j|\u2606dzbob\n|j|\u2606Orekeeper\n|t:|1695166629\n|gametype|singles\n|player|p1|dzbob|dragontamer|1310\n|player|p2|Orekeeper|170|1241\n|teamsize|p1|6\n|teamsize|p2|6\n|gen|9\n|tier|[Gen 9] OU\n|rated|\n|rule|Sleep Clause Mod: Limit one foe put to sleep\n|rule|Species Clause: Limit one of each Pok\u00e9mon\n|rule|OHKO Clause: OHKO moves are banned\n|rule|Evasion Items Clause: Evasion items are banned\n|rule|Evasion Moves Clause: Evasion moves are banned\n|rule|Endless Battle Clause: Forcing endless battles is banned\n|rule|HP Percentage Mod: HP is shown in percentages\n|clearpoke\n|poke|p1|Ursaluna-Bloodmoon, M|\n|poke|p1|Slowking-Galar, M|\n|poke|p1|Samurott-Hisui, F|\n|poke|p1|Kingambit, F|\n|poke|p1|Landorus-Therian, M|\n|poke|p1|Vikavolt, M|\n|poke|p2|Ninetales-Alola, M|\n|poke|p2|Hawlucha, F|\n|poke|p2|Amoonguss, F|\n|poke|p2|Cloyster, F|\n|poke|p2|Cetitan, F|\n|poke|p2|Ursaluna-Bloodmoon, M|\n|teampreview\n|\n|t:|1695166651\n|start\n|switch|p1a: Slowking|Slowking-Galar, M|100/100\n|switch|p2a: Hawlucha|Hawlucha, F|100/100\n|-ability|p2a: Hawlucha|Mold Breaker\n|turn|1\n|\n|t:|1695166659\n|move|p2a: Hawlucha|U-turn|p1a: Slowking\n|-damage|p1a: Slowking|79/100\n|\n|t:|1695166661\n|switch|p2a: Amoonguss|Amoonguss, F|100/100|[from] U-turn\n|move|p1a: Slowking|Yawn|p2a: Amoonguss\n|-start|p2a: Amoonguss|move: Yawn|[of] p1a: Slowking\n|\n|upkeep\n|turn|2\n|\n|t:|1695166670\n|move|p2a: Amoonguss|Spore|p1a: Slowking\n|-status|p1a: Slowking|slp|[from] move: Spore\n|cant|p1a: Slowking|slp\n|\n|-end|p2a: Amoonguss|move: Yawn|[silent]\n|-status|p2a: Amoonguss|slp\n|upkeep\n|turn|3\n|\n|t:|1695166683\n|switch|p2a: Ninetales|Ninetales-Alola, M|100/100\n|-weather|Snow|[from] ability: Snow Warning|[of] p2a: Ninetales\n|cant|p1a: Slowking|slp\n|\n|-weather|Snow|[upkeep]\n|upkeep\n|turn|4\n|\n|t:|1695166691\n|move|p2a: Ninetales|Aurora Veil|p2a: Ninetales\n|-sidestart|p2: Orekeeper|move: Aurora Veil\n|cant|p1a: Slowking|slp\n|\n|-weather|Snow|[upkeep]\n|upkeep\n|turn|5\n|\n|t:|1695166723\n|switch|p2a: Cetitan|Cetitan, F|100/100\n|-curestatus|p1a: Slowking|slp|[msg]\n|move|p1a: Slowking|Trick Room|p1a: Slowking\n|-fieldstart|move: Trick Room|[of] p1a: Slowking\n|\n|-weather|Snow|[upkeep]\n|upkeep\n|turn|6\n|\n|t:|1695166733\n|move|p1a: Slowking|Future Sight|p2a: Cetitan\n|-start|p1a: Slowking|move: Future Sight\n|move|p2a: Cetitan|Substitute|p2a: Cetitan\n|-start|p2a: Cetitan|Substitute\n|-damage|p2a: Cetitan|75/100\n|\n|-weather|Snow|[upkeep]\n|upkeep\n|turn|7\n|\n|t:|1695166739\n|move|p1a: Slowking|Sludge Bomb|p2a: Cetitan\n|-activate|p2a: Cetitan|move: Substitute|[damage]\n|move|p2a: Cetitan|Belly Drum|p2a: Cetitan\n|-damage|p2a: Cetitan|25/100\n|-setboost|p2a: Cetitan|atk|6|[from] move: Belly Drum\n|-enditem|p2a: Cetitan|Salac Berry|[eat]\n|-boost|p2a: Cetitan|spe|1|[from] item: Salac Berry\n|\n|-weather|none\n|upkeep\n|turn|8\n|\n|t:|1695166748\n|move|p1a: Slowking|Sludge Bomb|p2a: Cetitan\n|-end|p2a: Cetitan|Substitute\n|move|p2a: Cetitan|Earthquake|p1a: Slowking\n|-supereffective|p1a: Slowking\n|-damage|p1a: Slowking|0 fnt\n|faint|p1a: Slowking\n|\n|-end|p2a: Cetitan|move: Future Sight\n|-damage|p2a: Cetitan|8/100\n|upkeep\n|\n|t:|1695166757\n|switch|p1a: Kingambit|Kingambit, F|100/100\n|-activate|p1a: Kingambit|ability: Supreme Overlord\n|-start|p1a: Kingambit|fallen1|[silent]\n|turn|9\n|\n|t:|1695166770\n|move|p1a: Kingambit|Iron Head|p2a: Cetitan\n|-supereffective|p2a: Cetitan\n|-damage|p2a: Cetitan|0 fnt\n|faint|p2a: Cetitan\n|\n|-fieldend|move: Trick Room\n|upkeep\n|\n|t:|1695166777\n|switch|p2a: Ursaluna|Ursaluna-Bloodmoon, M|100/100\n|turn|10\n|\n|t:|1695166796\n|-end|p1a: Kingambit|fallen1|[silent]\n|switch|p1a: Landorus|Landorus-Therian, M|100/100\n|-ability|p1a: Landorus|Intimidate|boost\n|-unboost|p2a: Ursaluna|atk|1\n|move|p2a: Ursaluna|Vacuum Wave|p1a: Landorus\n|-resisted|p1a: Landorus\n|-crit|p1a: Landorus\n|-damage|p1a: Landorus|94/100\n|\n|-heal|p1a: Landorus|99/100|[from] item: Leftovers\n|upkeep\n|turn|11\n|\n|t:|1695166806\n|switch|p2a: Amoonguss|Amoonguss, F|100/100 slp\n|move|p1a: Landorus|Stealth Rock|p2a: Amoonguss\n|-sidestart|p2: Orekeeper|move: Stealth Rock\n|\n|-heal|p1a: Landorus|100/100|[from] item: Leftovers\n|-sideend|p2: Orekeeper|move: Aurora Veil\n|upkeep\n|turn|12\n|\n|t:|1695166813\n|move|p1a: Landorus|Taunt|p2a: Amoonguss\n|-start|p2a: Amoonguss|move: Taunt\n|cant|p2a: Amoonguss|slp\n|\n|upkeep\n|turn|13\n|\n|t:|1695166818\n|move|p1a: Landorus|U-turn|p2a: Amoonguss\n|-damage|p2a: Amoonguss|78/100 slp\n|-enditem|p2a: Amoonguss|Eject Button\n|\n|t:|1695166824\n|switch|p2a: Hawlucha|Hawlucha, F|100/100\n|-ability|p2a: Hawlucha|Mold Breaker\n|\n|upkeep\n|turn|14\n|\n|t:|1695166832\n|switch|p1a: Vikavolt|Vikavolt, M|100/100\n|move|p2a: Hawlucha|Defog|p1a: Vikavolt\n|-unboost|p1a: Vikavolt|evasion|1\n|-sideend|p2: Orekeeper|Stealth Rock|[from] move: Defog|[of] p2a: Hawlucha\n|\n|upkeep\n|turn|15\n|\n|t:|1695166842\n|move|p2a: Hawlucha|U-turn|p1a: Vikavolt\n|-damage|p1a: Vikavolt|82/100\n|\n|t:|1695166845\n|switch|p2a: Ninetales|Ninetales-Alola, M|100/100|[from] U-turn\n|-weather|Snow|[from] ability: Snow Warning|[of] p2a: Ninetales\n|move|p1a: Vikavolt|Energy Ball|p2a: Ninetales\n|-damage|p2a: Ninetales|44/100\n|\n|-weather|Snow|[upkeep]\n|upkeep\n|turn|16\n|\n|t:|1695166852\n|move|p2a: Ninetales|Aurora Veil|p2a: Ninetales\n|-sidestart|p2: Orekeeper|move: Aurora Veil\n|move|p1a: Vikavolt|Energy Ball|p2a: Ninetales\n|-damage|p2a: Ninetales|20/100\n|\n|-weather|Snow|[upkeep]\n|upkeep\n|turn|17\n|\n|t:|1695166865\n|switch|p1a: Landorus|Landorus-Therian, M|100/100\n|-ability|p1a: Landorus|Intimidate|boost\n|-unboost|p2a: Ninetales|atk|1\n|move|p2a: Ninetales|Blizzard|p1a: Landorus\n|-supereffective|p1a: Landorus\n|-damage|p1a: Landorus|11/100\n|-status|p1a: Landorus|frz\n|\n|-weather|Snow|[upkeep]\n|-heal|p1a: Landorus|18/100 frz|[from] item: Leftovers\n|upkeep\n|turn|18\n|\n|t:|1695166877\n|switch|p2a: Cloyster|Cloyster, F|100/100\n|cant|p1a: Landorus|frz\n|\n|-weather|Snow|[upkeep]\n|-heal|p1a: Landorus|24/100 frz|[from] item: Leftovers\n|upkeep\n|turn|19\n|\n|t:|1695166894\n|switch|p1a: Samurott|Samurott-Hisui, F|100/100\n|move|p2a: Cloyster|Shell Smash|p2a: Cloyster\n|-unboost|p2a: Cloyster|def|1\n|-unboost|p2a: Cloyster|spd|1\n|-boost|p2a: Cloyster|atk|2\n|-boost|p2a: Cloyster|spa|2\n|-boost|p2a: Cloyster|spe|2\n|-enditem|p2a: Cloyster|White Herb\n|-clearnegativeboost|p2a: Cloyster|[silent]\n|\n|-weather|none\n|upkeep\n|turn|20\n|inactive|Battle timer is ON: inactive players will automatically lose when time's up. (requested by dzbob)\n|\n|t:|1695166909\n|-terastallize|p2a: Cloyster|Rock\n|move|p2a: Cloyster|Rock Blast|p1a: Samurott\n|-damage|p1a: Samurott|74/100\n|-damage|p1a: Samurott|46/100\n|-damage|p1a: Samurott|18/100\n|-damage|p1a: Samurott|0 fnt\n|faint|p1a: Samurott\n|-hitcount|p1: Samurott|4\n|\n|upkeep\n|\n|t:|1695166913\n|switch|p1a: Kingambit|Kingambit, F|100/100\n|-activate|p1a: Kingambit|ability: Supreme Overlord\n|-start|p1a: Kingambit|fallen2|[silent]\n|turn|21\n|\n|t:|1695166925\n|move|p2a: Cloyster|Drill Run|p1a: Kingambit\n|-supereffective|p1a: Kingambit\n|-crit|p1a: Kingambit\n|-damage|p1a: Kingambit|2/100\n|move|p1a: Kingambit|Iron Head|p2a: Cloyster\n|-supereffective|p2a: Cloyster\n|-damage|p2a: Cloyster|48/100\n|\n|-heal|p1a: Kingambit|9/100|[from] item: Leftovers\n|upkeep\n|turn|22\n|\n|t:|1695166934\n|move|p2a: Cloyster|Drill Run|p1a: Kingambit\n|-supereffective|p1a: Kingambit\n|-damage|p1a: Kingambit|0 fnt\n|faint|p1a: Kingambit\n|-end|p1a: Kingambit|fallen2|[silent]\n|\n|upkeep\n|\n|t:|1695166940\n|switch|p1a: Landorus|Landorus-Therian, M|24/100 frz\n|-ability|p1a: Landorus|Intimidate|boost\n|-unboost|p2a: Cloyster|atk|1\n|turn|23\n|\n|t:|1695166947\n|switch|p1a: Vikavolt|Vikavolt, M|82/100\n|move|p2a: Cloyster|Shell Smash|p2a: Cloyster\n|-unboost|p2a: Cloyster|def|1\n|-unboost|p2a: Cloyster|spd|1\n|-boost|p2a: Cloyster|atk|2\n|-boost|p2a: Cloyster|spa|2\n|-boost|p2a: Cloyster|spe|2\n|\n|-sideend|p2: Orekeeper|move: Aurora Veil\n|upkeep\n|turn|24\n|\n|t:|1695166956\n|move|p2a: Cloyster|Icicle Spear|p1a: Vikavolt\n|-damage|p1a: Vikavolt|52/100\n|-damage|p1a: Vikavolt|22/100\n|-damage|p1a: Vikavolt|0 fnt\n|faint|p1a: Vikavolt\n|-hitcount|p1: Vikavolt|3\n|\n|upkeep\n|-message|dzbob forfeited.\n|\n|win|Orekeeper\n|raw|dzbob's rating: 1310 &rarr; <strong>1286</strong><br />(-24 for losing)\n|raw|Orekeeper's rating: 1241 &rarr; <strong>1271</strong><br />(+30 for winning)\n|l|\u2606dzbob\n", "uploadtime": 1695166974, "views": 3, "p1id": "dzbob", "p2id": "orekeeper", "formatid": "gen9ou", "rating": 1271, "private": 0, "password": ""}