{"id": "gen9ou-1947514933", "p1": "Planeptune_Neptune", "p2": "PauloAmogus", "format": "gen9ou", "log": "|j|\u2606Planeptune_Neptune\n|j|\u2606PauloAmogus\n|t:|1695168181\n|gametype|singles\n|player|p1|Planeptune_Neptune|102|1125\n|player|p2|PauloAmogus|265|1167\n|teamsize|p1|6\n|teamsize|p2|6\n|gen|9\n|tier|[Gen 9] OU\n|rated|\n|rule|Sleep Clause Mod: Limit one foe put to sleep\n|rule|Species Clause: Limit one of each Pok\u00e9mon\n|rule|OHKO Clause: OHKO moves are banned\n|rule|Evasion Items Clause: Evasion items are banned\n|rule|Evasion Moves Clause: Evasion moves are banned\n|rule|Endless Battle Clause: Forcing endless battles is banned\n|rule|HP Percentage Mod: HP is shown in percentages\n|clearpoke\n|poke|p1|Samurott-Hisui, F|\n|poke|p1|Great Tusk|\n|poke|p1|Cresselia, F|\n|poke|p1|Walking Wake|\n|poke|p1|Torkoal, M|\n|poke|p1|Torterra, F|\n|poke|p2|Great Tusk|\n|poke|p2|Kingambit, F|\n|poke|p2|Tinkaton, F|\n|poke|p2|Maushold-Four|\n|poke|p2|Ogerpon-Wellspring, F|\n|poke|p2|Iron Valiant|\n|teampreview\n|j| YinyangTPOT\n|c| YinyangTPOT|Hello :)\n|c|\u2606PauloAmogus|hi\n|\n|t:|1695168196\n|start\n|switch|p1a: Torkoal|Torkoal, M|100/100\n|switch|p2a: Porrinhas|Maushold-Four|100/100\n|-weather|SunnyDay|[from] ability: Drought|[of] p1a: Torkoal\n|turn|1\n|c|\u2606Planeptune_Neptune|uh\n|\n|t:|1695168208\n|move|p2a: Porrinhas|Tidy Up|p2a: Porrinhas\n|-boost|p2a: Porrinhas|atk|1\n|-boost|p2a: Porrinhas|spe|1\n|move|p1a: Torkoal|Stealth Rock|p2a: Porrinhas\n|-sidestart|p2: PauloAmogus|move: Stealth Rock\n|\n|-weather|SunnyDay|[upkeep]\n|upkeep\n|turn|2\n|c| YinyangTPOT|I came to watch\n|\n|t:|1695168215\n|move|p2a: Porrinhas|Tidy Up|p2a: Porrinhas\n|-sideend|p2: PauloAmogus|Stealth Rock\n|-activate|p2a: Porrinhas|move: Tidy Up\n|-boost|p2a: Porrinhas|atk|1\n|-boost|p2a: Porrinhas|spe|1\n|move|p1a: Torkoal|Lava Plume|p2a: Porrinhas\n|-damage|p2a: Porrinhas|42/100\n|-status|p2a: Porrinhas|brn\n|\n|-weather|SunnyDay|[upkeep]\n|-damage|p2a: Porrinhas|36/100 brn|[from] brn\n|upkeep\n|turn|3\n|\n|t:|1695168224\n|move|p2a: Porrinhas|Population Bomb|p1a: Torkoal\n|-damage|p1a: Torkoal|92/100\n|-damage|p1a: Torkoal|83/100\n|-damage|p1a: Torkoal|75/100\n|-damage|p1a: Torkoal|66/100\n|-damage|p1a: Torkoal|58/100\n|-damage|p1a: Torkoal|49/100\n|-damage|p1a: Torkoal|41/100\n|-crit|p1a: Torkoal\n|-damage|p1a: Torkoal|30/100\n|-damage|p1a: Torkoal|22/100\n|-damage|p1a: Torkoal|14/100\n|-hitcount|p1a: Torkoal|10\n|move|p1a: Torkoal|Lava Plume|p2a: Porrinhas\n|-damage|p2a: Porrinhas|0 fnt\n|faint|p2a: Porrinhas\n|\n|-weather|SunnyDay|[upkeep]\n|upkeep\n|c| YinyangTPOT|Came*\n|c|\u2606Planeptune_Neptune|Are you his trainer or smth\n|c| YinyangTPOT|Nah\n|inactive|Battle timer is ON: inactive players will automatically lose when time's up. (requested by Planeptune_Neptune)\n|c|\u2606PauloAmogus|NOOOOOOOOO\n|c|\u2606PauloAmogus|MY RATS\n|c|\u2606PauloAmogus|NO\n|c| YinyangTPOT|Just a random battle i decided to watch\n|\n|t:|1695168251\n|switch|p2a: :(|Ogerpon-Wellspring, F|100/100\n|turn|4\n|\n|t:|1695168259\n|move|p2a: :(|Swords Dance|p2a: :(\n|-boost|p2a: :(|atk|2\n|move|p1a: Torkoal|Stealth Rock|p2a: :(\n|-sidestart|p2: PauloAmogus|move: Stealth Rock\n|\n|-weather|SunnyDay|[upkeep]\n|upkeep\n|turn|5\n|\n|t:|1695168279\n|move|p2a: :(|Ivy Cudgel|p1a: Torkoal\n|-supereffective|p1a: Torkoal\n|-damage|p1a: Torkoal|0 fnt\n|faint|p1a: Torkoal\n|\n|-weather|SunnyDay|[upkeep]\n|upkeep\n|\n|t:|1695168291\n|switch|p1a: Torterra|Torterra, F|100/100\n|turn|6\n|c|\u2606Planeptune_Neptune|big boi\n|\n|t:|1695168311\n|move|p2a: :(|U-turn|p1a: Torterra\n|-supereffective|p1a: Torterra\n|-damage|p1a: Torterra|0 fnt\n|faint|p1a: Torterra\n|c|\u2606Planeptune_Neptune|PFFFFFT\n|\n|t:|1695168316\n|switch|p2a: Porrinha|Tinkaton, F, shiny|100/100|[from] U-turn\n|-damage|p2a: Porrinha|94/100|[from] Stealth Rock\n|-ability|p2a: Porrinha|Mold Breaker\n|\n|-weather|SunnyDay|[upkeep]\n|upkeep\n|c|\u2606Planeptune_Neptune|100%?\n|c| YinyangTPOT|Btw ur rats can be much stronger if torkoal uses shell smash en gets eject packed into the ratd and uses copycat i had alot of fun with it :)\n|c|\u2606PauloAmogus|sorry\n|c| YinyangTPOT|Rats*\n|inactive|Planeptune_Neptune has 120 seconds left.\n|\n|t:|1695168354\n|switch|p1a: Walking Wake|Walking Wake|100/100\n|-activate|p1a: Walking Wake|ability: Protosynthesis\n|-start|p1a: Walking Wake|protosynthesisspe\n|turn|7\n|\n|t:|1695168363\n|-terastallize|p1a: Walking Wake|Water\n|move|p1a: Walking Wake|Flamethrower|p2a: Porrinha\n|-supereffective|p2a: Porrinha\n|-damage|p2a: Porrinha|0 fnt\n|faint|p2a: Porrinha\n|\n|-weather|SunnyDay|[upkeep]\n|upkeep\n|\n|t:|1695168370\n|switch|p2a: :(|Ogerpon-Wellspring, F|100/100\n|-damage|p2a: :(|88/100|[from] Stealth Rock\n|turn|8\n|c|\u2606Planeptune_Neptune|In what world does he OHKO a torterra\n|inactive|Planeptune_Neptune has 120 seconds left.\n|\n|t:|1695168393\n|-terastallize|p2a: :(|Water\n|detailschange|p2a: :(|Ogerpon-Wellspring-Tera, F, tera:Water\n|-ability|p2a: :(|Embody Aspect (Wellspring)|boost\n|-boost|p2a: :(|spd|1\n|move|p1a: Walking Wake|Flamethrower|p2a: :(\n|-resisted|p2a: :(\n|-damage|p2a: :(|61/100\n|move|p2a: :(|Swords Dance|p2a: :(\n|-boost|p2a: :(|atk|2\n|\n|-weather|none\n|-end|p1a: Walking Wake|Protosynthesis\n|upkeep\n|turn|9\n|\n|t:|1695168414\n|-end|p1a: Walking Wake|Protosynthesis|[silent]\n|switch|p1a: Samurott|Samurott-Hisui, F|100/100\n|move|p2a: :(|Horn Leech|p1a: Samurott\n|-supereffective|p1a: Samurott\n|-damage|p1a: Samurott|0 fnt\n|-heal|p2a: :(|100/100|[from] drain|[of] p1a: Samurott\n|faint|p1a: Samurott\n|\n|upkeep\n|\n|t:|1695168420\n|switch|p1a: Great Tusk|Great Tusk|100/100\n|turn|10\n|c| YinyangTPOT|Damn\n|inactive|Planeptune_Neptune has 120 seconds left.\n|\n|t:|1695168434\n|move|p2a: :(|Ivy Cudgel|p1a: Great Tusk\n|-supereffective|p1a: Great Tusk\n|-damage|p1a: Great Tusk|0 fnt\n|faint|p1a: Great Tusk\n|-end|p1a: Great Tusk|Protosynthesis|[silent]\n|\n|upkeep\n|c|\u2606Planeptune_Neptune|I'm 100% fucked, you have counters to my team\n|c|\u2606Planeptune_Neptune|but seriously\n|c|\u2606Planeptune_Neptune|how does U-Turn 100% torterra\n|c|\u2606PauloAmogus|i have?\n|\n|t:|1695168452\n|switch|p1a: Cresselia|Cresselia, F|100/100\n|turn|11\n|c|\u2606Planeptune_Neptune|Yes?\n|\n|t:|1695168463\n|move|p2a: :(|U-turn|p1a: Cresselia\n|-supereffective|p1a: Cresselia\n|-damage|p1a: Cresselia|35/100\n|c|\u2606Planeptune_Neptune|I mean it isn't all hard counters\n|\n|t:|1695168469\n|switch|p2a: Sexo|Iron Valiant|100/100|[from] U-turn\n|-enditem|p2a: Sexo|Booster Energy\n|-activate|p2a: Sexo|ability: Quark Drive|[fromitem]\n|-start|p2a: Sexo|quarkdrivespe\n|-damage|p2a: Sexo|94/100|[from] Stealth Rock\n|move|p1a: Cresselia|Thunderbolt|p2a: Sexo\n|-damage|p2a: Sexo|63/100\n|\n|-heal|p1a: Cresselia|41/100|[from] item: Leftovers\n|upkeep\n|turn|12\n|c|\u2606Planeptune_Neptune|but you're super effective\n|c|\u2606Planeptune_Neptune|against basically all of my team\n|inactive|Planeptune_Neptune has 120 seconds left.\n|c|\u2606Planeptune_Neptune|so gg, ima not continue\n|c|\u2606Planeptune_Neptune|also 100% u-turn is still stupid\n|-message|Planeptune_Neptune forfeited.\n|\n|win|PauloAmogus\n|raw|Planeptune_Neptune's rating: 1125 &rarr; <strong>1103</strong><br />(-22 for losing)\n|raw|PauloAmogus's rating: 1167 &rarr; <strong>1189</strong><br />(+22 for winning)\n|l|\u2606Planeptune_Neptune\n|c| YinyangTPOT|Watafak gallade name\n|c|\u2606PauloAmogus|sexo\n|c|\u2606PauloAmogus|:)\n|c| YinyangTPOT|Watafak\n|c|\u2606PauloAmogus|WAIT A SECOND\n|c|\u2606PauloAmogus|DO YOU UNDERSTAND IT?\n|c| YinyangTPOT|Yeah..\n|c|\u2606PauloAmogus|OH\n|c|\u2606PauloAmogus|sexo\n|c| YinyangTPOT|Its either portruguese or spanish\n", "uploadtime": 1695168549, "views": 4, "p1id": "planeptuneneptune", "p2id": "pauloamogus", "formatid": "gen9ou", "rating": 1103, "private": 0, "password": ""}