{"id": "gen9ou-1947580137", "p1": "Dr. Drake6782", "p2": "quag515", "format": "gen9ou", "log": "|j|\u2606Dr. Drake6782\n|j|\u2606quag515\n|t:|1695174538\n|gametype|singles\n|player|p1|Dr. Drake6782|hilbert-masters|1651\n|player|p2|quag515|pokemaniac|1572\n|teamsize|p1|6\n|teamsize|p2|6\n|gen|9\n|tier|[Gen 9] OU\n|rated|\n|rule|Sleep Clause Mod: Limit one foe put to sleep\n|rule|Species Clause: Limit one of each Pok\u00e9mon\n|rule|OHKO Clause: OHKO moves are banned\n|rule|Evasion Items Clause: Evasion items are banned\n|rule|Evasion Moves Clause: Evasion moves are banned\n|rule|Endless Battle Clause: Forcing endless battles is banned\n|rule|HP Percentage Mod: HP is shown in percentages\n|clearpoke\n|poke|p1|Kingambit, M|\n|poke|p1|Glimmora, M|\n|poke|p1|Zamazenta-*|\n|poke|p1|Iron Valiant|\n|poke|p1|Iron Moth|\n|poke|p1|Ogerpon-Wellspring, F|\n|poke|p2|Torkoal, M|\n|poke|p2|Ogerpon-Cornerstone, F|\n|poke|p2|Walking Wake|\n|poke|p2|Tornadus-Therian, M|\n|poke|p2|Great Tusk|\n|poke|p2|Corviknight, F|\n|teampreview\n|inactive|Battle timer is ON: inactive players will automatically lose when time's up. (requested by Dr. Drake6782)\n|\n|t:|1695174565\n|start\n|switch|p1a: Glimmora|Glimmora, M|100/100\n|switch|p2a: Walking Wake|Walking Wake|100/100\n|turn|1\n|\n|t:|1695174575\n|move|p2a: Walking Wake|Hydro Steam|p1a: Glimmora\n|-supereffective|p1a: Glimmora\n|-enditem|p1a: Glimmora|Focus Sash\n|-damage|p1a: Glimmora|1/100\n|move|p1a: Glimmora|Stealth Rock|p2a: Walking Wake\n|-sidestart|p2: quag515|move: Stealth Rock\n|\n|upkeep\n|turn|2\n|inactive|quag515 has 120 seconds left.\n|\n|t:|1695174612\n|switch|p1a: Ogerpon|Ogerpon-Wellspring, F, shiny|100/100\n|move|p2a: Walking Wake|Hydro Steam|p1a: Ogerpon\n|-immune|p1a: Ogerpon|[from] ability: Water Absorb\n|\n|upkeep\n|turn|3\n|inactive|quag515 has 120 seconds left.\n|\n|t:|1695174630\n|-end|p2a: Walking Wake|Protosynthesis|[silent]\n|switch|p2a: Corviknight|Corviknight, F|100/100\n|-damage|p2a: Corviknight|88/100|[from] Stealth Rock\n|-ability|p2a: Corviknight|Pressure\n|move|p1a: Ogerpon|Swords Dance|p1a: Ogerpon\n|-boost|p1a: Ogerpon|atk|2\n|\n|-heal|p2a: Corviknight|94/100|[from] item: Leftovers\n|upkeep\n|turn|4\n|\n|t:|1695174641\n|-terastallize|p1a: Ogerpon|Water\n|detailschange|p1a: Ogerpon|Ogerpon-Wellspring-Tera, F, shiny, tera:Water\n|-ability|p1a: Ogerpon|Embody Aspect (Wellspring)|boost\n|-boost|p1a: Ogerpon|spd|1\n|move|p1a: Ogerpon|Ivy Cudgel|p2a: Corviknight\n|-crit|p2a: Corviknight\n|-damage|p2a: Corviknight|0 fnt\n|faint|p2a: Corviknight\n|\n|upkeep\n|inactive|quag515 has 90 seconds left.\n|\n|t:|1695174672\n|switch|p2a: Tornadus|Tornadus-Therian, M|100/100\n|-damage|p2a: Tornadus|76/100|[from] Stealth Rock\n|turn|5\n|inactive|quag515 has 90 seconds left.\n|\n|t:|1695174679\n|move|p2a: Tornadus|Bleakwind Storm|p1a: Ogerpon\n|-crit|p1a: Ogerpon\n|-damage|p1a: Ogerpon|35/100\n|-unboost|p1a: Ogerpon|spe|1\n|move|p1a: Ogerpon|Ivy Cudgel|p2a: Tornadus\n|-damage|p2a: Tornadus|0 fnt\n|faint|p2a: Tornadus\n|\n|upkeep\n|inactive|quag515 has 90 seconds left.\n|\n|t:|1695174701\n|switch|p2a: Walking Wake|Walking Wake|100/100\n|-damage|p2a: Walking Wake|88/100|[from] Stealth Rock\n|turn|6\n|\n|t:|1695174708\n|-terastallize|p2a: Walking Wake|Water\n|move|p2a: Walking Wake|Hydro Steam|p1a: Ogerpon\n|-resisted|p1a: Ogerpon\n|-damage|p1a: Ogerpon|1/100\n|move|p1a: Ogerpon|Knock Off|p2a: Walking Wake\n|-damage|p2a: Walking Wake|0 fnt\n|-enditem|p2a: Walking Wake|Choice Specs|[from] move: Knock Off|[of] p1a: Ogerpon\n|faint|p2a: Walking Wake\n|-end|p2a: Walking Wake|Protosynthesis|[silent]\n|\n|upkeep\n|\n|t:|1695174718\n|switch|p2a: Great Tusk|Great Tusk|100/100\n|-damage|p2a: Great Tusk|98/100|[from] Stealth Rock\n|turn|7\n|\n|t:|1695174722\n|move|p2a: Great Tusk|Rapid Spin|p1a: Ogerpon\n|-damage|p1a: Ogerpon|0 fnt\n|-boost|p2a: Great Tusk|spe|1\n|-sideend|p2: quag515|Stealth Rock|[from] move: Rapid Spin|[of] p2a: Great Tusk\n|faint|p1a: Ogerpon\n|\n|-heal|p2a: Great Tusk|100/100|[from] item: Leftovers\n|upkeep\n|\n|t:|1695174724\n|switch|p1a: Glimmora|Glimmora, M|1/100\n|turn|8\n|\n|t:|1695174730\n|move|p2a: Great Tusk|Rapid Spin|p1a: Glimmora\n|-resisted|p1a: Glimmora\n|-damage|p1a: Glimmora|0 fnt\n|-boost|p2a: Great Tusk|spe|1\n|-activate|p1a: Glimmora|ability: Toxic Debris\n|-sidestart|p2: quag515|move: Toxic Spikes\n|-sideend|p2: quag515|Toxic Spikes|[from] move: Rapid Spin|[of] p2a: Great Tusk\n|faint|p1a: Glimmora\n|\n|upkeep\n|\n|t:|1695174739\n|switch|p1a: Zamazenta|Zamazenta, shiny|100/100\n|-ability|p1a: Zamazenta|Dauntless Shield|boost\n|-boost|p1a: Zamazenta|def|1\n|turn|9\n|\n|t:|1695174746\n|move|p2a: Great Tusk|Knock Off|p1a: Zamazenta\n|-resisted|p1a: Zamazenta\n|-damage|p1a: Zamazenta|91/100\n|-enditem|p1a: Zamazenta|Leftovers|[from] move: Knock Off|[of] p2a: Great Tusk\n|move|p1a: Zamazenta|Iron Defense|p1a: Zamazenta\n|-boost|p1a: Zamazenta|def|2\n|\n|upkeep\n|turn|10\n|\n|t:|1695174755\n|-end|p2a: Great Tusk|Protosynthesis|[silent]\n|switch|p2a: Torkoal|Torkoal, M|100/100\n|-weather|SunnyDay|[from] ability: Drought|[of] p2a: Torkoal\n|move|p1a: Zamazenta|Body Press|p2a: Torkoal\n|-damage|p2a: Torkoal|56/100\n|\n|-weather|SunnyDay|[upkeep]\n|upkeep\n|turn|11\n|\n|t:|1695174761\n|move|p1a: Zamazenta|Body Press|p2a: Torkoal\n|-damage|p2a: Torkoal|7/100\n|move|p2a: Torkoal|Lava Plume|p1a: Zamazenta\n|-damage|p1a: Zamazenta|56/100\n|-status|p1a: Zamazenta|brn\n|\n|-weather|SunnyDay|[upkeep]\n|-damage|p1a: Zamazenta|50/100 brn|[from] brn\n|upkeep\n|turn|12\n|\n|t:|1695174771\n|move|p1a: Zamazenta|Body Press|p2a: Torkoal\n|-damage|p2a: Torkoal|0 fnt\n|faint|p2a: Torkoal\n|\n|-weather|SunnyDay|[upkeep]\n|-damage|p1a: Zamazenta|44/100 brn|[from] brn\n|upkeep\n|\n|t:|1695174780\n|switch|p2a: Great Tusk|Great Tusk|100/100\n|-activate|p2a: Great Tusk|ability: Protosynthesis\n|-start|p2a: Great Tusk|protosynthesisatk\n|turn|13\n|\n|t:|1695174793\n|move|p1a: Zamazenta|Iron Defense|p1a: Zamazenta\n|-boost|p1a: Zamazenta|def|2\n|move|p2a: Great Tusk|Headlong Rush|p1a: Zamazenta\n|-damage|p1a: Zamazenta|22/100 brn\n|-unboost|p2a: Great Tusk|def|1\n|-unboost|p2a: Great Tusk|spd|1\n|\n|-weather|SunnyDay|[upkeep]\n|-damage|p1a: Zamazenta|16/100 brn|[from] brn\n|upkeep\n|turn|14\n|\n|t:|1695174799\n|move|p1a: Zamazenta|Body Press|p2a: Great Tusk\n|-damage|p2a: Great Tusk|33/100\n|move|p2a: Great Tusk|Headlong Rush|p1a: Zamazenta\n|-damage|p1a: Zamazenta|0 fnt\n|-unboost|p2a: Great Tusk|def|1\n|-unboost|p2a: Great Tusk|spd|1\n|faint|p1a: Zamazenta\n|\n|-weather|SunnyDay|[upkeep]\n|-heal|p2a: Great Tusk|39/100|[from] item: Leftovers\n|upkeep\n|\n|t:|1695174805\n|switch|p1a: Iron Moth|Iron Moth|100/100\n|-enditem|p1a: Iron Moth|Booster Energy\n|-activate|p1a: Iron Moth|ability: Quark Drive|[fromitem]\n|-start|p1a: Iron Moth|quarkdrivespe\n|turn|15\n|\n|t:|1695174810\n|move|p1a: Iron Moth|Fiery Dance|p2a: Great Tusk\n|-damage|p2a: Great Tusk|0 fnt\n|-boost|p1a: Iron Moth|spa|1\n|faint|p2a: Great Tusk\n|-end|p2a: Great Tusk|Protosynthesis|[silent]\n|\n|-weather|SunnyDay|[upkeep]\n|upkeep\n|\n|t:|1695174811\n|switch|p2a: Ogerpon|Ogerpon-Cornerstone, F|100/100\n|turn|16\n|\n|t:|1695174818\n|move|p1a: Iron Moth|Fiery Dance|p2a: Ogerpon\n|-ability|p2a: Ogerpon|Sturdy\n|-damage|p2a: Ogerpon|1/100\n|-boost|p1a: Iron Moth|spa|1\n|move|p2a: Ogerpon|Ivy Cudgel|p1a: Iron Moth\n|-supereffective|p1a: Iron Moth\n|-damage|p1a: Iron Moth|0 fnt\n|faint|p1a: Iron Moth\n|-end|p1a: Iron Moth|Quark Drive|[silent]\n|\n|-weather|SunnyDay|[upkeep]\n|upkeep\n|\n|t:|1695174824\n|switch|p1a: Iron Valiant|Iron Valiant|100/100\n|-enditem|p1a: Iron Valiant|Booster Energy\n|-activate|p1a: Iron Valiant|ability: Quark Drive|[fromitem]\n|-start|p1a: Iron Valiant|quarkdrivespe\n|turn|17\n|\n|t:|1695174828\n|move|p1a: Iron Valiant|Moonblast|p2a: Ogerpon\n|-damage|p2a: Ogerpon|0 fnt\n|faint|p2a: Ogerpon\n|\n|win|Dr. Drake6782\n|raw|Dr. Drake6782's rating: 1651 &rarr; <strong>1667</strong><br />(+16 for winning)\n|raw|quag515's rating: 1572 &rarr; <strong>1556</strong><br />(-16 for losing)\n", "uploadtime": 1695174836, "views": 2, "p1id": "drdrake6782", "p2id": "quag515", "formatid": "gen9ou", "rating": 1556, "private": 0, "password": ""}