{"id": "gen9ou-1947490650", "p1": "31percent", "p2": "Jack0lantern89", "format": "gen9ou", "log": "|j|\u260631percent\n|j|\u2606Jack0lantern89\n|t:|1695165774\n|gametype|singles\n|player|p1|31percent|265|1439\n|player|p2|Jack0lantern89|marshal|1451\n|teamsize|p1|6\n|teamsize|p2|6\n|gen|9\n|tier|[Gen 9] OU\n|rated|\n|rule|Sleep Clause Mod: Limit one foe put to sleep\n|rule|Species Clause: Limit one of each Pok\u00e9mon\n|rule|OHKO Clause: OHKO moves are banned\n|rule|Evasion Items Clause: Evasion items are banned\n|rule|Evasion Moves Clause: Evasion moves are banned\n|rule|Endless Battle Clause: Forcing endless battles is banned\n|rule|HP Percentage Mod: HP is shown in percentages\n|clearpoke\n|poke|p1|Mamoswine, M|\n|poke|p1|Meowscarada, M|\n|poke|p1|Landorus-Therian, M|\n|poke|p1|Alomomola, F|\n|poke|p1|Heatran, F|\n|poke|p1|Gholdengo|\n|poke|p2|Dragapult, F|\n|poke|p2|Ursaluna-Bloodmoon, M|\n|poke|p2|Munkidori, M|\n|poke|p2|Enamorus, F|\n|poke|p2|Conkeldurr, M|\n|poke|p2|Corviknight, M|\n|teampreview\n|c|\u2606Jack0lantern89|glhf\n|\n|t:|1695165785\n|start\n|switch|p1a: Diamonds (remix)|Mamoswine, M|100/100\n|switch|p2a: Dragapult|Dragapult, F|100/100\n|turn|1\n|\n|t:|1695165792\n|switch|p2a: Corviknight|Corviknight, M|100/100\n|-ability|p2a: Corviknight|Pressure\n|move|p1a: Diamonds (remix)|Icicle Spear|p2a: Corviknight\n|-damage|p2a: Corviknight|91/100\n|-damage|p2a: Corviknight|83/100\n|-damage|p2a: Corviknight|75/100\n|-hitcount|p2a: Corviknight|3\n|\n|-heal|p2a: Corviknight|81/100|[from] item: Leftovers\n|upkeep\n|turn|2\n|\n|t:|1695165805\n|move|p1a: Diamonds (remix)|Stealth Rock|p2a: Corviknight\n|-sidestart|p2: Jack0lantern89|move: Stealth Rock\n|move|p2a: Corviknight|U-turn|p1a: Diamonds (remix)\n|-damage|p1a: Diamonds (remix)|84/100\n|\n|t:|1695165809\n|switch|p2a: Conkeldurr|Conkeldurr, M|100/100|[from] U-turn\n|-damage|p2a: Conkeldurr|94/100|[from] Stealth Rock\n|\n|upkeep\n|turn|3\n|\n|t:|1695165817\n|switch|p1a: C.R.E.A.M|Alomomola, F|100/100\n|move|p2a: Conkeldurr|Ice Punch|p1a: C.R.E.A.M\n|-resisted|p1a: C.R.E.A.M\n|-damage|p1a: C.R.E.A.M|85/100\n|-status|p1a: C.R.E.A.M|frz\n|-damage|p2a: Conkeldurr|78/100|[from] item: Rocky Helmet|[of] p1a: C.R.E.A.M\n|\n|upkeep\n|turn|4\n|\n|t:|1695165827\n|switch|p2a: Dragapult|Dragapult, F|100/100\n|-damage|p2a: Dragapult|88/100|[from] Stealth Rock\n|-curestatus|p1a: C.R.E.A.M|frz|[from] move: Scald\n|move|p1a: C.R.E.A.M|Scald|p2a: Dragapult\n|-resisted|p2a: Dragapult\n|-damage|p2a: Dragapult|79/100\n|\n|upkeep\n|turn|5\n|\n|t:|1695165837\n|move|p2a: Dragapult|Shadow Ball|p1a: C.R.E.A.M\n|-damage|p1a: C.R.E.A.M|23/100\n|-unboost|p1a: C.R.E.A.M|spd|1\n|move|p1a: C.R.E.A.M|Flip Turn|p2a: Dragapult\n|-resisted|p2a: Dragapult\n|-damage|p2a: Dragapult|69/100\n|\n|t:|1695165854\n|switch|p1a: Diamonds (remix)|Mamoswine, M|84/100|[from] Flip Turn\n|\n|upkeep\n|turn|6\n|\n|t:|1695165865\n|switch|p2a: Corviknight|Corviknight, M|81/100\n|-damage|p2a: Corviknight|68/100|[from] Stealth Rock\n|-ability|p2a: Corviknight|Pressure\n|switch|p1a: FE!N|Heatran, F|100/100\n|\n|-heal|p2a: Corviknight|74/100|[from] item: Leftovers\n|upkeep\n|turn|7\n|\n|t:|1695165880\n|switch|p2a: Munkidori|Munkidori, M|100/100\n|-damage|p2a: Munkidori|88/100|[from] Stealth Rock\n|move|p1a: FE!N|Overheat|p2a: Munkidori\n|-damage|p2a: Munkidori|0 fnt\n|-unboost|p1a: FE!N|spa|2\n|faint|p2a: Munkidori\n|-damage|p1a: FE!N|91/100|[from] item: Life Orb\n|\n|upkeep\n|\n|t:|1695165883\n|switch|p2a: Conkeldurr|Conkeldurr, M|78/100\n|-damage|p2a: Conkeldurr|72/100|[from] Stealth Rock\n|turn|8\n|\n|t:|1695165899\n|switch|p1a: C.R.E.A.M|Alomomola, F|56/100\n|move|p2a: Conkeldurr|Brick Break|p1a: C.R.E.A.M\n|-damage|p1a: C.R.E.A.M|17/100\n|-damage|p2a: Conkeldurr|55/100|[from] item: Rocky Helmet|[of] p1a: C.R.E.A.M\n|\n|upkeep\n|turn|9\n|\n|t:|1695165912\n|switch|p2a: Ursaluna|Ursaluna-Bloodmoon, M|100/100\n|-damage|p2a: Ursaluna|94/100|[from] Stealth Rock\n|switch|p1a: Dopeman|Gholdengo|100/100\n|\n|-heal|p2a: Ursaluna|100/100|[from] item: Leftovers\n|upkeep\n|turn|10\n|\n|t:|1695165935\n|move|p1a: Dopeman|Make It Rain|p2a: Ursaluna\n|-damage|p2a: Ursaluna|39/100\n|-unboost|p1a: Dopeman|spa|1\n|move|p2a: Ursaluna|Calm Mind|p2a: Ursaluna\n|-boost|p2a: Ursaluna|spa|1\n|-boost|p2a: Ursaluna|spd|1\n|\n|-heal|p2a: Ursaluna|45/100|[from] item: Leftovers\n|upkeep\n|turn|11\n|\n|t:|1695165956\n|move|p1a: Dopeman|Nasty Plot|p1a: Dopeman\n|-boost|p1a: Dopeman|spa|2\n|move|p2a: Ursaluna|Moonlight|p2a: Ursaluna\n|-heal|p2a: Ursaluna|95/100\n|\n|-heal|p2a: Ursaluna|100/100|[from] item: Leftovers\n|upkeep\n|turn|12\n|\n|t:|1695165970\n|move|p1a: Dopeman|Make It Rain|p2a: Ursaluna\n|-damage|p2a: Ursaluna|46/100\n|-unboost|p1a: Dopeman|spa|1\n|move|p2a: Ursaluna|Earth Power|p1a: Dopeman\n|-supereffective|p1a: Dopeman\n|-damage|p1a: Dopeman|0 fnt\n|faint|p1a: Dopeman\n|\n|-heal|p2a: Ursaluna|52/100|[from] item: Leftovers\n|upkeep\n|\n|t:|1695165990\n|switch|p1a: Life of the Party|Landorus-Therian, M|100/100\n|-ability|p1a: Life of the Party|Intimidate|boost\n|-unboost|p2a: Ursaluna|atk|1\n|turn|13\n|\n|t:|1695166005\n|move|p1a: Life of the Party|Earthquake|p2a: Ursaluna\n|-damage|p2a: Ursaluna|11/100\n|move|p2a: Ursaluna|Moonlight|p2a: Ursaluna\n|-heal|p2a: Ursaluna|61/100\n|\n|-heal|p2a: Ursaluna|67/100|[from] item: Leftovers\n|upkeep\n|turn|14\n|\n|t:|1695166010\n|move|p1a: Life of the Party|Earthquake|p2a: Ursaluna\n|-damage|p2a: Ursaluna|29/100\n|move|p2a: Ursaluna|Moonlight|p2a: Ursaluna\n|-heal|p2a: Ursaluna|79/100\n|\n|-heal|p2a: Ursaluna|85/100|[from] item: Leftovers\n|upkeep\n|turn|15\n|\n|t:|1695166014\n|move|p1a: Life of the Party|Earthquake|p2a: Ursaluna\n|-damage|p2a: Ursaluna|48/100\n|move|p2a: Ursaluna|Blood Moon|p1a: Life of the Party\n|-damage|p1a: Life of the Party|0 fnt\n|faint|p1a: Life of the Party\n|\n|-heal|p2a: Ursaluna|54/100|[from] item: Leftovers\n|upkeep\n|\n|t:|1695166029\n|switch|p1a: Most Blunted|Meowscarada, M|100/100\n|turn|16\n|\n|t:|1695166033\n|-terastallize|p2a: Ursaluna|Poison\n|move|p1a: Most Blunted|Sucker Punch||[still]\n|-fail|p1a: Most Blunted\n|move|p2a: Ursaluna|Moonlight|p2a: Ursaluna\n|-heal|p2a: Ursaluna|100/100\n|\n|upkeep\n|turn|17\n|-message|31percent forfeited.\n|\n|win|Jack0lantern89\n|raw|31percent's rating: 1439 &rarr; <strong>1420</strong><br />(-19 for losing)\n|raw|Jack0lantern89's rating: 1451 &rarr; <strong>1470</strong><br />(+19 for winning)\n|l|\u260631percent\n", "uploadtime": 1695166050, "views": 6, "p1id": "31percent", "p2id": "jack0lantern89", "formatid": "gen9ou", "rating": 1420, "private": 0, "password": ""}