{"id": "gen9ou-1947497839", "p1": "gunkgoober", "p2": "Mynamechefff", "format": "gen9ou", "log": "|j|\u2606gunkgoober\n|j|\u2606Mynamechefff\n|t:|1695166494\n|gametype|singles\n|player|p1|gunkgoober|2|1141\n|player|p2|Mynamechefff|102|1214\n|teamsize|p1|6\n|teamsize|p2|6\n|gen|9\n|tier|[Gen 9] OU\n|rated|\n|rule|Sleep Clause Mod: Limit one foe put to sleep\n|rule|Species Clause: Limit one of each Pok\u00e9mon\n|rule|OHKO Clause: OHKO moves are banned\n|rule|Evasion Items Clause: Evasion items are banned\n|rule|Evasion Moves Clause: Evasion moves are banned\n|rule|Endless Battle Clause: Forcing endless battles is banned\n|rule|HP Percentage Mod: HP is shown in percentages\n|clearpoke\n|poke|p1|Ogerpon-Hearthflame, F|\n|poke|p1|Munkidori, M|\n|poke|p1|Ninetales, F|\n|poke|p1|Walking Wake|\n|poke|p1|Great Tusk|\n|poke|p1|Kingambit, F|\n|poke|p2|Ogerpon-Wellspring, F|\n|poke|p2|Floatzel, M|\n|poke|p2|Walking Wake|\n|poke|p2|Pelipper, F|\n|poke|p2|Zapdos|\n|poke|p2|Great Tusk|\n|teampreview\n|inactive|Battle timer is ON: inactive players will automatically lose when time's up. (requested by Mynamechefff)\n|\n|t:|1695166515\n|start\n|switch|p1a: Munkidori|Munkidori, M|100/100\n|switch|p2a: Pelipper|Pelipper, F, shiny|100/100\n|-weather|RainDance|[from] ability: Drizzle|[of] p2a: Pelipper\n|turn|1\n|\n|t:|1695166523\n|move|p1a: Munkidori|Sludge Bomb|p2a: Pelipper\n|-damage|p2a: Pelipper|43/100\n|-status|p2a: Pelipper|tox|[from] ability: Toxic Chain|[of] p1a: Munkidori\n|move|p2a: Pelipper|U-turn|p1a: Munkidori\n|-damage|p1a: Munkidori|86/100\n|\n|t:|1695166536\n|switch|p2a: Zapdos|Zapdos|100/100|[from] U-turn\n|\n|-weather|RainDance|[upkeep]\n|upkeep\n|turn|2\n|\n|t:|1695166540\n|move|p1a: Munkidori|Sludge Bomb|p2a: Zapdos\n|-damage|p2a: Zapdos|57/100\n|-status|p2a: Zapdos|tox|[from] ability: Toxic Chain|[of] p1a: Munkidori\n|move|p2a: Zapdos|Hurricane|p1a: Munkidori\n|-damage|p1a: Munkidori|17/100\n|\n|-weather|RainDance|[upkeep]\n|-damage|p2a: Zapdos|51/100 tox|[from] psn\n|upkeep\n|turn|3\n|\n|t:|1695166549\n|switch|p1a: Ninetales|Ninetales, F|100/100\n|-weather|SunnyDay|[from] ability: Drought|[of] p1a: Ninetales\n|move|p2a: Zapdos|Volt Switch|p1a: Ninetales\n|-damage|p1a: Ninetales|60/100\n|\n|t:|1695166552\n|switch|p2a: Pelipper|Pelipper, F, shiny|43/100 tox|[from] Volt Switch\n|-weather|RainDance|[from] ability: Drizzle|[of] p2a: Pelipper\n|\n|-weather|RainDance|[upkeep]\n|-damage|p2a: Pelipper|36/100 tox|[from] psn\n|upkeep\n|turn|4\n|\n|t:|1695166557\n|switch|p1a: Walking Wake|Walking Wake|100/100\n|move|p2a: Pelipper|Roost|p2a: Pelipper\n|-heal|p2a: Pelipper|87/100 tox\n|-singleturn|p2a: Pelipper|move: Roost\n|\n|-weather|RainDance|[upkeep]\n|-damage|p2a: Pelipper|74/100 tox|[from] psn\n|upkeep\n|turn|5\n|\n|t:|1695166560\n|move|p1a: Walking Wake|Hydro Steam|p2a: Pelipper\n|-resisted|p2a: Pelipper\n|-damage|p2a: Pelipper|28/100 tox\n|move|p2a: Pelipper|Hurricane|p1a: Walking Wake\n|-damage|p1a: Walking Wake|54/100\n|\n|-weather|RainDance|[upkeep]\n|-damage|p2a: Pelipper|9/100 tox|[from] psn\n|upkeep\n|turn|6\n|\n|t:|1695166565\n|move|p1a: Walking Wake|Hydro Steam|p2a: Pelipper\n|-resisted|p2a: Pelipper\n|-damage|p2a: Pelipper|0 fnt\n|faint|p2a: Pelipper\n|\n|-weather|RainDance|[upkeep]\n|upkeep\n|\n|t:|1695166571\n|switch|p2a: Floatzel|Floatzel, M|100/100\n|turn|7\n|\n|t:|1695166577\n|-end|p1a: Walking Wake|Protosynthesis|[silent]\n|switch|p1a: Ninetales|Ninetales, F|60/100\n|-weather|SunnyDay|[from] ability: Drought|[of] p1a: Ninetales\n|move|p2a: Floatzel|Wave Crash|p1a: Ninetales\n|-supereffective|p1a: Ninetales\n|-damage|p1a: Ninetales|0 fnt\n|faint|p1a: Ninetales\n|-damage|p2a: Floatzel|82/100|[from] Recoil\n|\n|-weather|SunnyDay|[upkeep]\n|upkeep\n|\n|t:|1695166583\n|switch|p1a: Walking Wake|Walking Wake|54/100\n|-activate|p1a: Walking Wake|ability: Protosynthesis\n|-start|p1a: Walking Wake|protosynthesisspa\n|turn|8\n|\n|t:|1695166592\n|switch|p2a: Zapdos|Zapdos|51/100 tox\n|move|p1a: Walking Wake|Draco Meteor|p2a: Zapdos\n|-damage|p2a: Zapdos|0 fnt\n|-unboost|p1a: Walking Wake|spa|2\n|faint|p2a: Zapdos\n|\n|-weather|SunnyDay|[upkeep]\n|upkeep\n|\n|t:|1695166599\n|switch|p2a: Walking Wake|Walking Wake|100/100\n|-activate|p2a: Walking Wake|ability: Protosynthesis\n|-start|p2a: Walking Wake|protosynthesisspa\n|turn|9\n|\n|t:|1695166606\n|move|p2a: Walking Wake|Draco Meteor|p1a: Walking Wake\n|-supereffective|p1a: Walking Wake\n|-crit|p1a: Walking Wake\n|-damage|p1a: Walking Wake|0 fnt\n|-unboost|p2a: Walking Wake|spa|2\n|faint|p1a: Walking Wake\n|-end|p1a: Walking Wake|Protosynthesis|[silent]\n|\n|-weather|SunnyDay|[upkeep]\n|upkeep\n|\n|t:|1695166614\n|switch|p1a: Ogerpon|Ogerpon-Hearthflame, F|100/100\n|-ability|p1a: Ogerpon|Mold Breaker\n|turn|10\n|\n|t:|1695166618\n|move|p2a: Walking Wake|Draco Meteor|p1a: Ogerpon\n|-damage|p1a: Ogerpon|28/100\n|-unboost|p2a: Walking Wake|spa|2\n|move|p1a: Ogerpon|Play Rough|p2a: Walking Wake\n|-supereffective|p2a: Walking Wake\n|-damage|p2a: Walking Wake|15/100\n|\n|-weather|SunnyDay|[upkeep]\n|upkeep\n|turn|11\n|\n|t:|1695166631\n|-end|p2a: Walking Wake|Protosynthesis|[silent]\n|switch|p2a: Great Tusk|Great Tusk, shiny|100/100\n|-activate|p2a: Great Tusk|ability: Protosynthesis\n|-start|p2a: Great Tusk|protosynthesisdef\n|switch|p1a: Great Tusk|Great Tusk|100/100\n|-activate|p1a: Great Tusk|ability: Protosynthesis\n|-start|p1a: Great Tusk|protosynthesisatk\n|\n|-weather|SunnyDay|[upkeep]\n|upkeep\n|turn|12\n|\n|t:|1695166639\n|move|p1a: Great Tusk|Bulk Up|p1a: Great Tusk\n|-boost|p1a: Great Tusk|atk|1\n|-boost|p1a: Great Tusk|def|1\n|move|p2a: Great Tusk|Body Press|p1a: Great Tusk\n|-damage|p1a: Great Tusk|83/100\n|\n|-weather|SunnyDay|[upkeep]\n|-heal|p1a: Great Tusk|89/100|[from] item: Leftovers\n|upkeep\n|turn|13\n|\n|t:|1695166644\n|move|p2a: Great Tusk|Knock Off|p1a: Great Tusk\n|-resisted|p1a: Great Tusk\n|-damage|p1a: Great Tusk|83/100\n|-enditem|p1a: Great Tusk|Leftovers|[from] move: Knock Off|[of] p2a: Great Tusk\n|move|p1a: Great Tusk|Ice Spinner|p2a: Great Tusk\n|-supereffective|p2a: Great Tusk\n|-damage|p2a: Great Tusk|62/100\n|\n|-weather|SunnyDay|[upkeep]\n|-heal|p2a: Great Tusk|68/100|[from] item: Leftovers\n|upkeep\n|turn|14\n|\n|t:|1695166658\n|move|p2a: Great Tusk|Body Press|p1a: Great Tusk\n|-damage|p1a: Great Tusk|65/100\n|move|p1a: Great Tusk|Ice Spinner|p2a: Great Tusk\n|-supereffective|p2a: Great Tusk\n|-crit|p2a: Great Tusk\n|-damage|p2a: Great Tusk|4/100\n|\n|-weather|none\n|-end|p1a: Great Tusk|Protosynthesis\n|-end|p2a: Great Tusk|Protosynthesis\n|-heal|p2a: Great Tusk|10/100|[from] item: Leftovers\n|upkeep\n|turn|15\n|\n|t:|1695166663\n|move|p1a: Great Tusk|Ice Spinner|p2a: Great Tusk\n|-supereffective|p2a: Great Tusk\n|-damage|p2a: Great Tusk|0 fnt\n|faint|p2a: Great Tusk\n|-end|p2a: Great Tusk|Protosynthesis|[silent]\n|\n|upkeep\n|\n|t:|1695166669\n|switch|p2a: Floatzel|Floatzel, M|82/100\n|turn|16\n|\n|t:|1695166675\n|move|p2a: Floatzel|Wave Crash|p1a: Great Tusk\n|-supereffective|p1a: Great Tusk\n|-damage|p1a: Great Tusk|2/100\n|-damage|p2a: Floatzel|53/100|[from] Recoil\n|move|p1a: Great Tusk|Headlong Rush|p2a: Floatzel\n|-damage|p2a: Floatzel|0 fnt\n|-unboost|p1a: Great Tusk|def|1\n|-unboost|p1a: Great Tusk|spd|1\n|faint|p2a: Floatzel\n|\n|upkeep\n|\n|t:|1695166679\n|switch|p2a: Ogerpon|Ogerpon-Wellspring, F|100/100\n|turn|17\n|\n|t:|1695166686\n|move|p2a: Ogerpon|Ivy Cudgel|p1a: Great Tusk\n|-supereffective|p1a: Great Tusk\n|-damage|p1a: Great Tusk|0 fnt\n|faint|p1a: Great Tusk\n|-end|p1a: Great Tusk|Protosynthesis|[silent]\n|\n|upkeep\n|\n|t:|1695166690\n|switch|p1a: Munkidori|Munkidori, M|17/100\n|turn|18\n|\n|t:|1695166693\n|move|p1a: Munkidori|Sludge Bomb|p2a: Ogerpon\n|-supereffective|p2a: Ogerpon\n|-damage|p2a: Ogerpon|1/100\n|-status|p2a: Ogerpon|psn\n|move|p2a: Ogerpon|Knock Off|p1a: Munkidori\n|-supereffective|p1a: Munkidori\n|-damage|p1a: Munkidori|0 fnt\n|-enditem|p1a: Munkidori|Choice Scarf|[from] move: Knock Off|[of] p2a: Ogerpon\n|faint|p1a: Munkidori\n|\n|-damage|p2a: Ogerpon|0 fnt|[from] psn\n|faint|p2a: Ogerpon\n|upkeep\n|\n|t:|1695166702\n|switch|p2a: Walking Wake|Walking Wake|15/100\n|switch|p1a: Ogerpon|Ogerpon-Hearthflame, F|28/100\n|-ability|p1a: Ogerpon|Mold Breaker\n|turn|19\n|\n|t:|1695166704\n|move|p1a: Ogerpon|Spiky Shield|p1a: Ogerpon\n|-singleturn|p1a: Ogerpon|move: Protect\n|move|p2a: Walking Wake|Scald|p1a: Ogerpon\n|-activate|p1a: Ogerpon|move: Protect\n|\n|upkeep\n|turn|20\n|\n|t:|1695166708\n|move|p2a: Walking Wake|Scald|p1a: Ogerpon\n|-damage|p1a: Ogerpon|0 fnt\n|faint|p1a: Ogerpon\n|\n|upkeep\n|\n|t:|1695166710\n|switch|p1a: Kingambit|Kingambit, F|100/100\n|-activate|p1a: Kingambit|ability: Supreme Overlord\n|-start|p1a: Kingambit|fallen5|[silent]\n|turn|21\n|\n|t:|1695166717\n|-terastallize|p1a: Kingambit|Dark\n|move|p1a: Kingambit|Sucker Punch|p2a: Walking Wake\n|-damage|p2a: Walking Wake|0 fnt\n|faint|p2a: Walking Wake\n|-end|p2a: Walking Wake|Protosynthesis|[silent]\n|\n|win|gunkgoober\n|raw|gunkgoober's rating: 1141 &rarr; <strong>1171</strong><br />(+30 for winning)\n|raw|Mynamechefff's rating: 1214 &rarr; <strong>1184</strong><br />(-30 for losing)\n", "uploadtime": 1695166724, "views": 2, "p1id": "gunkgoober", "p2id": "mynamechefff", "formatid": "gen9ou", "rating": 1171, "private": 0, "password": ""}