{"id": "gen9ou-1947555817", "p1": "AllTerrainKoraidon", "p2": "Ninjabsol", "format": "gen9ou", "log": "|j|\u2606AllTerrainKoraidon\n|j|\u2606Ninjabsol\n|t:|1695172178\n|gametype|singles\n|player|p1|AllTerrainKoraidon|170|1285\n|player|p2|Ninjabsol|102|1230\n|teamsize|p1|6\n|teamsize|p2|6\n|gen|9\n|tier|[Gen 9] OU\n|rated|\n|rule|Sleep Clause Mod: Limit one foe put to sleep\n|rule|Species Clause: Limit one of each Pok\u00e9mon\n|rule|OHKO Clause: OHKO moves are banned\n|rule|Evasion Items Clause: Evasion items are banned\n|rule|Evasion Moves Clause: Evasion moves are banned\n|rule|Endless Battle Clause: Forcing endless battles is banned\n|rule|HP Percentage Mod: HP is shown in percentages\n|clearpoke\n|poke|p1|Ursaluna-Bloodmoon, M|\n|poke|p1|Empoleon, F|\n|poke|p1|Mienshao, F|\n|poke|p1|Mandibuzz, F|\n|poke|p1|Ogerpon-Hearthflame, F|\n|poke|p1|Dragapult, F|\n|poke|p2|Polteageist|\n|poke|p2|Hatterene, F|\n|poke|p2|Ditto|\n|poke|p2|Snorlax, M|\n|poke|p2|Mandibuzz, F|\n|poke|p2|Chesnaught, F|\n|teampreview\n|inactive|Battle timer is ON: inactive players will automatically lose when time's up. (requested by Ninjabsol)\n|\n|t:|1695172188\n|start\n|switch|p1a: Ursaluna|Ursaluna-Bloodmoon, M|100/100\n|switch|p2a: Polteageist|Polteageist, shiny|100/100\n|turn|1\n|\n|t:|1695172197\n|move|p2a: Polteageist|Shell Smash|p2a: Polteageist\n|-unboost|p2a: Polteageist|def|1\n|-unboost|p2a: Polteageist|spd|1\n|-boost|p2a: Polteageist|atk|2\n|-boost|p2a: Polteageist|spa|2\n|-boost|p2a: Polteageist|spe|2\n|move|p1a: Ursaluna|Blood Moon|p2a: Polteageist\n|-enditem|p2a: Polteageist|Focus Sash\n|-damage|p2a: Polteageist|1/100\n|-damage|p1a: Ursaluna|90/100|[from] item: Life Orb\n|\n|upkeep\n|turn|2\n|\n|t:|1695172204\n|move|p2a: Polteageist|Stored Power|p1a: Ursaluna\n|-damage|p1a: Ursaluna|0 fnt\n|faint|p1a: Ursaluna\n|\n|upkeep\n|\n|t:|1695172209\n|switch|p1a: Mandibuzz|Mandibuzz, F|100/100\n|turn|3\n|\n|t:|1695172216\n|switch|p2a: Hatterene|Hatterene, F|100/100\n|-item|p2a: Hatterene|Air Balloon\n|move|p1a: Mandibuzz|Foul Play|p2a: Hatterene\n|-damage|p2a: Hatterene|74/100\n|-enditem|p2a: Hatterene|Air Balloon\n|\n|upkeep\n|turn|4\n|\n|t:|1695172231\n|switch|p1a: Mienshao|Mienshao, F|100/100\n|move|p2a: Hatterene|Draining Kiss|p1a: Mienshao\n|-supereffective|p1a: Mienshao\n|-damage|p1a: Mienshao|42/100\n|-heal|p2a: Hatterene|100/100|[from] drain|[of] p1a: Mienshao\n|\n|upkeep\n|turn|5\n|\n|t:|1695172237\n|move|p1a: Mienshao|Fake Out|p2a: Hatterene\n|-damage|p2a: Hatterene|89/100\n|cant|p2a: Hatterene|flinch\n|\n|upkeep\n|turn|6\n|\n|t:|1695172242\n|move|p1a: Mienshao|U-turn|p2a: Hatterene\n|-damage|p2a: Hatterene|66/100\n|\n|t:|1695172246\n|switch|p1a: Ogerpon|Ogerpon-Hearthflame, F|100/100|[from] U-turn\n|-ability|p1a: Ogerpon|Mold Breaker\n|move|p2a: Hatterene|Calm Mind|p2a: Hatterene\n|-boost|p2a: Hatterene|spa|1\n|-boost|p2a: Hatterene|spd|1\n|\n|upkeep\n|turn|7\n|\n|t:|1695172254\n|switch|p2a: Mandibuzz|Mandibuzz, F|100/100\n|move|p1a: Ogerpon|Ivy Cudgel|p2a: Mandibuzz\n|-damage|p2a: Mandibuzz|65/100\n|\n|-heal|p2a: Mandibuzz|71/100|[from] item: Leftovers\n|upkeep\n|turn|8\n|\n|t:|1695172267\n|move|p1a: Ogerpon|Swords Dance|p1a: Ogerpon\n|-boost|p1a: Ogerpon|atk|2\n|move|p2a: Mandibuzz|Foul Play|p1a: Ogerpon\n|-damage|p1a: Ogerpon|0 fnt\n|faint|p1a: Ogerpon\n|\n|-heal|p2a: Mandibuzz|77/100|[from] item: Leftovers\n|upkeep\n|\n|t:|1695172273\n|switch|p1a: Mandibuzz|Mandibuzz, F|100/100\n|turn|9\n|\n|t:|1695172277\n|-terastallize|p2a: Mandibuzz|Poison\n|move|p2a: Mandibuzz|Toxic|p1a: Mandibuzz\n|-status|p1a: Mandibuzz|tox\n|move|p1a: Mandibuzz|Toxic|p2a: Mandibuzz|[miss]\n|-miss|p1a: Mandibuzz|p2a: Mandibuzz\n|\n|-heal|p2a: Mandibuzz|84/100|[from] item: Leftovers\n|-damage|p1a: Mandibuzz|94/100 tox|[from] psn\n|upkeep\n|turn|10\n|-message|AllTerrainKoraidon forfeited.\n|\n|win|Ninjabsol\n|raw|AllTerrainKoraidon's rating: 1285 &rarr; <strong>1256</strong><br />(-29 for losing)\n|raw|Ninjabsol's rating: 1230 &rarr; <strong>1259</strong><br />(+29 for winning)\n|l|\u2606AllTerrainKoraidon\n", "uploadtime": 1695172292, "views": 4, "p1id": "allterrainkoraidon", "p2id": "ninjabsol", "formatid": "gen9ou", "rating": 1256, "private": 0, "password": ""}