{"id": "gen9ou-1947556725", "p1": "CNT JuanS13", "p2": "PyroFrostbolt", "format": "gen9ou", "log": "|j|\u2606CNT JuanS13\n|j|\u2606PyroFrostbolt\n|t:|1695172265\n|gametype|singles\n|player|p1|CNT JuanS13|iono|1324\n|player|p2|PyroFrostbolt|steven|1349\n|teamsize|p1|6\n|teamsize|p2|6\n|gen|9\n|tier|[Gen 9] OU\n|rated|\n|rule|Sleep Clause Mod: Limit one foe put to sleep\n|rule|Species Clause: Limit one of each Pok\u00e9mon\n|rule|OHKO Clause: OHKO moves are banned\n|rule|Evasion Items Clause: Evasion items are banned\n|rule|Evasion Moves Clause: Evasion moves are banned\n|rule|Endless Battle Clause: Forcing endless battles is banned\n|rule|HP Percentage Mod: HP is shown in percentages\n|clearpoke\n|poke|p1|Ursaluna-Bloodmoon, M|\n|poke|p1|Ninetales-Alola, M|\n|poke|p1|Dondozo, F|\n|poke|p1|Kingambit, M|\n|poke|p1|Great Tusk|\n|poke|p1|Munkidori, M|\n|poke|p2|Gliscor, F|\n|poke|p2|Munkidori, M|\n|poke|p2|Ursaluna-Bloodmoon, M|\n|poke|p2|Infernape, F|\n|poke|p2|Jirachi|\n|poke|p2|Mandibuzz, F|\n|teampreview\n|\n|t:|1695172281\n|start\n|switch|p1a: Ninetales|Ninetales-Alola, M|100/100\n|switch|p2a: Jirachi|Jirachi|100/100\n|-weather|Snow|[from] ability: Snow Warning|[of] p1a: Ninetales\n|turn|1\n|\n|t:|1695172293\n|switch|p1a: Great Tusk|Great Tusk|100/100\n|move|p2a: Jirachi|Iron Head|p1a: Great Tusk\n|-damage|p1a: Great Tusk|87/100\n|\n|-weather|Snow|[upkeep]\n|-heal|p1a: Great Tusk|94/100|[from] item: Leftovers\n|upkeep\n|turn|2\n|\n|t:|1695172302\n|move|p2a: Jirachi|U-turn|p1a: Great Tusk\n|-resisted|p1a: Great Tusk\n|-damage|p1a: Great Tusk|90/100\n|\n|t:|1695172307\n|switch|p2a: Mandibuzz|Mandibuzz, F|100/100|[from] U-turn\n|move|p1a: Great Tusk|Stealth Rock|p2a: Mandibuzz\n|-sidestart|p2: PyroFrostbolt|move: Stealth Rock\n|\n|-weather|Snow|[upkeep]\n|-heal|p1a: Great Tusk|96/100|[from] item: Leftovers\n|upkeep\n|turn|3\n|\n|t:|1695172318\n|move|p1a: Great Tusk|Knock Off|p2a: Mandibuzz\n|-resisted|p2a: Mandibuzz\n|-crit|p2a: Mandibuzz\n|-damage|p2a: Mandibuzz|87/100\n|-enditem|p2a: Mandibuzz|Heavy-Duty Boots|[from] move: Knock Off|[of] p1a: Great Tusk\n|move|p2a: Mandibuzz|Knock Off|p1a: Great Tusk\n|-resisted|p1a: Great Tusk\n|-damage|p1a: Great Tusk|91/100\n|-enditem|p1a: Great Tusk|Leftovers|[from] move: Knock Off|[of] p2a: Mandibuzz\n|\n|-weather|Snow|[upkeep]\n|upkeep\n|turn|4\n|\n|t:|1695172327\n|-end|p1a: Great Tusk|Protosynthesis|[silent]\n|switch|p1a: Ninetales|Ninetales-Alola, M|100/100\n|move|p2a: Mandibuzz|Toxic|p1a: Ninetales\n|-status|p1a: Ninetales|tox\n|\n|-weather|Snow|[upkeep]\n|-damage|p1a: Ninetales|95/100 tox|[from] psn\n|upkeep\n|turn|5\n|\n|t:|1695172341\n|move|p1a: Ninetales|Aurora Veil|p1a: Ninetales\n|-sidestart|p1: CNT JuanS13|move: Aurora Veil\n|move|p2a: Mandibuzz|Defog|p1a: Ninetales\n|-unboost|p1a: Ninetales|evasion|1\n|-sideend|p1: CNT JuanS13|move: Aurora Veil\n|-sideend|p2: PyroFrostbolt|Stealth Rock|[from] move: Defog|[of] p2a: Mandibuzz\n|\n|-weather|none\n|-damage|p1a: Ninetales|83/100 tox|[from] psn\n|upkeep\n|turn|6\n|\n|t:|1695172350\n|switch|p1a: Great Tusk|Great Tusk|91/100\n|move|p2a: Mandibuzz|Knock Off|p1a: Great Tusk\n|-resisted|p1a: Great Tusk\n|-damage|p1a: Great Tusk|87/100\n|\n|upkeep\n|turn|7\n|\n|t:|1695172355\n|-end|p1a: Great Tusk|Protosynthesis|[silent]\n|switch|p1a: Ninetales|Ninetales-Alola, M|83/100 tox\n|-weather|Snow|[from] ability: Snow Warning|[of] p1a: Ninetales\n|move|p2a: Mandibuzz|Toxic|p1a: Ninetales\n|-fail|p1a: Ninetales|tox\n|\n|-weather|Snow|[upkeep]\n|-damage|p1a: Ninetales|77/100 tox|[from] psn\n|upkeep\n|turn|8\n|\n|t:|1695172359\n|move|p1a: Ninetales|Blizzard|p2a: Mandibuzz\n|-supereffective|p2a: Mandibuzz\n|-damage|p2a: Mandibuzz|27/100\n|move|p2a: Mandibuzz|Defog|p1a: Ninetales\n|-unboost|p1a: Ninetales|evasion|1\n|\n|-weather|Snow|[upkeep]\n|-damage|p1a: Ninetales|65/100 tox|[from] psn\n|upkeep\n|turn|9\n|\n|t:|1695172364\n|switch|p2a: Jirachi|Jirachi|100/100\n|move|p1a: Ninetales|Aurora Veil|p1a: Ninetales\n|-sidestart|p1: CNT JuanS13|move: Aurora Veil\n|\n|-weather|Snow|[upkeep]\n|-damage|p1a: Ninetales|47/100 tox|[from] psn\n|upkeep\n|turn|10\n|\n|t:|1695172376\n|switch|p1a: Ursaluna|Ursaluna-Bloodmoon, M|100/100\n|move|p2a: Jirachi|Iron Head|p1a: Ursaluna\n|-damage|p1a: Ursaluna|91/100\n|\n|-weather|Snow|[upkeep]\n|-heal|p1a: Ursaluna|97/100|[from] item: Leftovers\n|upkeep\n|turn|11\n|\n|t:|1695172396\n|move|p2a: Jirachi|Iron Head|p1a: Ursaluna\n|-damage|p1a: Ursaluna|88/100\n|cant|p1a: Ursaluna|flinch\n|\n|-weather|none\n|-heal|p1a: Ursaluna|94/100|[from] item: Leftovers\n|upkeep\n|turn|12\n|\n|t:|1695172404\n|move|p2a: Jirachi|Iron Head|p1a: Ursaluna\n|-crit|p1a: Ursaluna\n|-damage|p1a: Ursaluna|66/100\n|move|p1a: Ursaluna|Calm Mind|p1a: Ursaluna\n|-boost|p1a: Ursaluna|spa|1\n|-boost|p1a: Ursaluna|spd|1\n|\n|-heal|p1a: Ursaluna|72/100|[from] item: Leftovers\n|upkeep\n|turn|13\n|\n|t:|1695172408\n|move|p2a: Jirachi|Iron Head|p1a: Ursaluna\n|-damage|p1a: Ursaluna|62/100\n|cant|p1a: Ursaluna|flinch\n|\n|-heal|p1a: Ursaluna|68/100|[from] item: Leftovers\n|upkeep\n|turn|14\n|\n|t:|1695172413\n|move|p2a: Jirachi|Iron Head|p1a: Ursaluna\n|-damage|p1a: Ursaluna|59/100\n|move|p1a: Ursaluna|Earth Power|p2a: Jirachi\n|-supereffective|p2a: Jirachi\n|-damage|p2a: Jirachi|8/100\n|\n|-heal|p2a: Jirachi|14/100|[from] item: Leftovers\n|-heal|p1a: Ursaluna|65/100|[from] item: Leftovers\n|upkeep\n|turn|15\n|\n|t:|1695172418\n|move|p2a: Jirachi|Iron Head|p1a: Ursaluna\n|-crit|p1a: Ursaluna\n|-damage|p1a: Ursaluna|39/100\n|cant|p1a: Ursaluna|flinch\n|\n|-heal|p2a: Jirachi|20/100|[from] item: Leftovers\n|-heal|p1a: Ursaluna|45/100|[from] item: Leftovers\n|upkeep\n|turn|16\n|\n|t:|1695172427\n|move|p2a: Jirachi|U-turn|p1a: Ursaluna\n|-damage|p1a: Ursaluna|39/100\n|\n|t:|1695172429\n|switch|p2a: Gliscor|Gliscor, F|100/100|[from] U-turn\n|move|p1a: Ursaluna|Moonlight|p1a: Ursaluna\n|-heal|p1a: Ursaluna|89/100\n|\n|-heal|p1a: Ursaluna|95/100|[from] item: Leftovers\n|-sideend|p1: CNT JuanS13|move: Aurora Veil\n|-status|p2a: Gliscor|tox|[from] item: Toxic Orb\n|upkeep\n|turn|17\n|\n|t:|1695172441\n|move|p2a: Gliscor|Fling|p1a: Ursaluna\n|-damage|p1a: Ursaluna|90/100\n|-status|p1a: Ursaluna|tox\n|-enditem|p2a: Gliscor|Toxic Orb|[from] move: Fling\n|move|p1a: Ursaluna|Blood Moon|p2a: Gliscor\n|-damage|p2a: Gliscor|4/100 tox\n|\n|-heal|p1a: Ursaluna|96/100 tox|[from] item: Leftovers\n|-heal|p2a: Gliscor|17/100 tox|[from] ability: Poison Heal\n|-damage|p1a: Ursaluna|90/100 tox|[from] psn\n|upkeep\n|turn|18\n|\n|t:|1695172471\n|move|p2a: Gliscor|Swords Dance|p2a: Gliscor\n|-boost|p2a: Gliscor|atk|2\n|move|p1a: Ursaluna|Earth Power|p2a: Gliscor\n|-immune|p2a: Gliscor\n|\n|-heal|p1a: Ursaluna|96/100 tox|[from] item: Leftovers\n|-heal|p2a: Gliscor|29/100 tox|[from] ability: Poison Heal\n|-damage|p1a: Ursaluna|84/100 tox|[from] psn\n|upkeep\n|turn|19\n|\n|t:|1695172522\n|switch|p1a: Dondozo|Dondozo, F|100/100\n|move|p2a: Gliscor|Acrobatics|p1a: Dondozo\n|-damage|p1a: Dondozo|83/100\n|\n|-heal|p1a: Dondozo|89/100|[from] item: Leftovers\n|-heal|p2a: Gliscor|42/100 tox|[from] ability: Poison Heal\n|upkeep\n|turn|20\n|\n|t:|1695172544\n|switch|p2a: Jirachi|Jirachi|20/100\n|move|p1a: Dondozo|Liquidation|p2a: Jirachi\n|-damage|p2a: Jirachi|0 fnt\n|faint|p2a: Jirachi\n|\n|-heal|p1a: Dondozo|96/100|[from] item: Leftovers\n|upkeep\n|\n|t:|1695172558\n|switch|p2a: Mandibuzz|Mandibuzz, F|27/100\n|turn|21\n|\n|t:|1695172572\n|move|p2a: Mandibuzz|Knock Off|p1a: Dondozo\n|-damage|p1a: Dondozo|85/100\n|-enditem|p1a: Dondozo|Leftovers|[from] move: Knock Off|[of] p2a: Mandibuzz\n|move|p1a: Dondozo|Curse|p1a: Dondozo\n|-unboost|p1a: Dondozo|spe|1\n|-boost|p1a: Dondozo|atk|1\n|-boost|p1a: Dondozo|def|1\n|\n|upkeep\n|turn|22\n|\n|t:|1695172579\n|move|p2a: Mandibuzz|Toxic|p1a: Dondozo\n|-status|p1a: Dondozo|tox\n|move|p1a: Dondozo|Curse|p1a: Dondozo\n|-unboost|p1a: Dondozo|spe|1\n|-boost|p1a: Dondozo|atk|1\n|-boost|p1a: Dondozo|def|1\n|\n|-damage|p1a: Dondozo|78/100 tox|[from] psn\n|upkeep\n|turn|23\n|\n|t:|1695172590\n|move|p2a: Mandibuzz|Roost|p2a: Mandibuzz\n|-heal|p2a: Mandibuzz|77/100\n|-singleturn|p2a: Mandibuzz|move: Roost\n|move|p1a: Dondozo|Liquidation|p2a: Mandibuzz\n|-damage|p2a: Mandibuzz|36/100\n|\n|-damage|p1a: Dondozo|66/100 tox|[from] psn\n|upkeep\n|turn|24\n|\n|t:|1695172598\n|move|p2a: Mandibuzz|Roost|p2a: Mandibuzz\n|-heal|p2a: Mandibuzz|86/100\n|-singleturn|p2a: Mandibuzz|move: Roost\n|move|p1a: Dondozo|Rest|p1a: Dondozo\n|-status|p1a: Dondozo|slp|[from] move: Rest\n|-heal|p1a: Dondozo|100/100 slp|[silent]\n|\n|upkeep\n|turn|25\n|\n|t:|1695172611\n|switch|p2a: Munkidori|Munkidori, M|100/100\n|cant|p1a: Dondozo|slp\n|move|p1a: Dondozo|Sleep Talk|p1a: Dondozo\n|move|p1a: Dondozo|Curse|p1a: Dondozo|[from]move: Sleep Talk\n|-unboost|p1a: Dondozo|spe|1\n|-boost|p1a: Dondozo|atk|1\n|-boost|p1a: Dondozo|def|1\n|\n|upkeep\n|turn|26\n|\n|t:|1695172619\n|move|p2a: Munkidori|Sludge Wave|p1a: Dondozo\n|-damage|p1a: Dondozo|50/100 slp\n|cant|p1a: Dondozo|slp\n|move|p1a: Dondozo|Sleep Talk|p1a: Dondozo\n|move|p1a: Dondozo|Curse|p1a: Dondozo|[from]move: Sleep Talk\n|-unboost|p1a: Dondozo|spe|1\n|-boost|p1a: Dondozo|atk|1\n|-boost|p1a: Dondozo|def|1\n|\n|upkeep\n|turn|27\n|\n|t:|1695172626\n|switch|p1a: Kingambit|Kingambit, M|100/100\n|move|p2a: Munkidori|Sludge Wave|p1a: Kingambit\n|-immune|p1a: Kingambit\n|\n|upkeep\n|turn|28\n|\n|t:|1695172636\n|switch|p2a: Mandibuzz|Mandibuzz, F|86/100\n|-end|p1a: Kingambit|fallenundefined|[silent]\n|switch|p1a: Ninetales|Ninetales-Alola, M|47/100 tox\n|-weather|Snow|[from] ability: Snow Warning|[of] p1a: Ninetales\n|\n|-weather|Snow|[upkeep]\n|-damage|p1a: Ninetales|41/100 tox|[from] psn\n|upkeep\n|turn|29\n|\n|t:|1695172641\n|move|p1a: Ninetales|Blizzard|p2a: Mandibuzz\n|-supereffective|p2a: Mandibuzz\n|-damage|p2a: Mandibuzz|28/100\n|move|p2a: Mandibuzz|Knock Off|p1a: Ninetales\n|-resisted|p1a: Ninetales\n|-damage|p1a: Ninetales|30/100 tox\n|-enditem|p1a: Ninetales|Light Clay|[from] move: Knock Off|[of] p2a: Mandibuzz\n|\n|-weather|Snow|[upkeep]\n|-damage|p1a: Ninetales|18/100 tox|[from] psn\n|upkeep\n|turn|30\n|\n|t:|1695172662\n|move|p1a: Ninetales|Aurora Veil|p1a: Ninetales\n|-sidestart|p1: CNT JuanS13|move: Aurora Veil\n|move|p2a: Mandibuzz|Roost|p2a: Mandibuzz\n|-heal|p2a: Mandibuzz|78/100\n|-singleturn|p2a: Mandibuzz|move: Roost\n|\n|-weather|Snow|[upkeep]\n|-damage|p1a: Ninetales|0 fnt|[from] psn\n|faint|p1a: Ninetales\n|upkeep\n|\n|t:|1695172668\n|switch|p1a: Dondozo|Dondozo, F|50/100 slp\n|turn|31\n|\n|t:|1695172698\n|move|p2a: Mandibuzz|Defog|p1a: Dondozo\n|-unboost|p1a: Dondozo|evasion|1\n|-sideend|p1: CNT JuanS13|move: Aurora Veil\n|-curestatus|p1a: Dondozo|slp|[msg]\n|move|p1a: Dondozo|Rest|p1a: Dondozo\n|-status|p1a: Dondozo|slp|[from] move: Rest\n|-heal|p1a: Dondozo|100/100 slp|[silent]\n|\n|-weather|Snow|[upkeep]\n|upkeep\n|turn|32\n|\n|t:|1695172704\n|switch|p2a: Munkidori|Munkidori, M|100/100\n|cant|p1a: Dondozo|slp\n|move|p1a: Dondozo|Sleep Talk|p1a: Dondozo\n|move|p1a: Dondozo|Rest||[from]move: Sleep Talk|[still]\n|-fail|p1a: Dondozo\n|\n|-weather|none\n|upkeep\n|turn|33\n|\n|t:|1695172717\n|move|p2a: Munkidori|Focus Blast|p1a: Dondozo\n|-damage|p1a: Dondozo|58/100 slp\n|-unboost|p1a: Dondozo|spd|1\n|cant|p1a: Dondozo|slp\n|move|p1a: Dondozo|Sleep Talk|p1a: Dondozo\n|move|p1a: Dondozo|Curse|p1a: Dondozo|[from]move: Sleep Talk\n|-unboost|p1a: Dondozo|spe|1\n|-boost|p1a: Dondozo|atk|1\n|-boost|p1a: Dondozo|def|1\n|\n|upkeep\n|turn|34\n|\n|t:|1695172724\n|switch|p1a: Munkidori|Munkidori, M|100/100\n|move|p2a: Munkidori|Focus Blast|p1a: Munkidori|[miss]\n|-miss|p2a: Munkidori|p1a: Munkidori\n|\n|upkeep\n|turn|35\n|\n|t:|1695172734\n|switch|p2a: Mandibuzz|Mandibuzz, F|78/100\n|move|p1a: Munkidori|Nasty Plot|p1a: Munkidori\n|-boost|p1a: Munkidori|spa|2\n|\n|upkeep\n|turn|36\n|\n|t:|1695172739\n|move|p1a: Munkidori|Sludge Wave|p2a: Mandibuzz\n|-damage|p2a: Mandibuzz|1/100\n|move|p2a: Mandibuzz|Knock Off|p1a: Munkidori\n|-supereffective|p1a: Munkidori\n|-damage|p1a: Munkidori|32/100\n|-enditem|p1a: Munkidori|Salac Berry|[from] move: Knock Off|[of] p2a: Mandibuzz\n|\n|upkeep\n|turn|37\n|\n|t:|1695172762\n|move|p1a: Munkidori|Sludge Wave|p2a: Mandibuzz\n|-damage|p2a: Mandibuzz|0 fnt\n|faint|p2a: Mandibuzz\n|\n|upkeep\n|\n|t:|1695172783\n|switch|p2a: Munkidori|Munkidori, M|100/100\n|turn|38\n|\n|t:|1695172796\n|move|p2a: Munkidori|Parting Shot|p1a: Munkidori\n|-unboost|p1a: Munkidori|atk|1\n|-unboost|p1a: Munkidori|spa|1\n|\n|t:|1695172800\n|switch|p2a: Gliscor|Gliscor, F|42/100 tox|[from] Parting Shot\n|move|p1a: Munkidori|Psyshock|p2a: Gliscor\n|-damage|p2a: Gliscor|0 fnt\n|faint|p2a: Gliscor\n|\n|upkeep\n|\n|t:|1695172805\n|switch|p2a: Munkidori|Munkidori, M|100/100\n|turn|39\n|\n|t:|1695172814\n|move|p2a: Munkidori|Psychic|p1a: Munkidori\n|-damage|p1a: Munkidori|0 fnt\n|faint|p1a: Munkidori\n|\n|upkeep\n|\n|t:|1695172824\n|switch|p1a: Kingambit|Kingambit, M|100/100\n|-activate|p1a: Kingambit|ability: Supreme Overlord\n|-start|p1a: Kingambit|fallen2|[silent]\n|turn|40\n|\n|t:|1695172834\n|switch|p2a: Ursaluna|Ursaluna-Bloodmoon, M|100/100\n|-end|p1a: Kingambit|fallen2|[silent]\n|switch|p1a: Dondozo|Dondozo, F|58/100 slp\n|\n|upkeep\n|turn|41\n|\n|t:|1695172849\n|switch|p1a: Great Tusk|Great Tusk|87/100\n|move|p2a: Ursaluna|Blood Moon|p1a: Great Tusk\n|-damage|p1a: Great Tusk|0 fnt\n|faint|p1a: Great Tusk\n|-end|p1a: Great Tusk|Protosynthesis|[silent]\n|\n|upkeep\n|\n|t:|1695172855\n|switch|p1a: Ursaluna|Ursaluna-Bloodmoon, M|84/100 tox\n|turn|42\n|\n|t:|1695172860\n|move|p2a: Ursaluna|Calm Mind|p2a: Ursaluna\n|-boost|p2a: Ursaluna|spa|1\n|-boost|p2a: Ursaluna|spd|1\n|move|p1a: Ursaluna|Calm Mind|p1a: Ursaluna\n|-boost|p1a: Ursaluna|spa|1\n|-boost|p1a: Ursaluna|spd|1\n|\n|-heal|p1a: Ursaluna|90/100 tox|[from] item: Leftovers\n|-damage|p1a: Ursaluna|84/100 tox|[from] psn\n|upkeep\n|turn|43\n|\n|t:|1695172871\n|move|p1a: Ursaluna|Blood Moon|p2a: Ursaluna\n|-damage|p2a: Ursaluna|15/100\n|move|p2a: Ursaluna|Calm Mind|p2a: Ursaluna\n|-boost|p2a: Ursaluna|spa|1\n|-boost|p2a: Ursaluna|spd|1\n|\n|-heal|p2a: Ursaluna|21/100|[from] item: Leftovers\n|-heal|p1a: Ursaluna|90/100 tox|[from] item: Leftovers\n|-damage|p1a: Ursaluna|78/100 tox|[from] psn\n|upkeep\n|turn|44\n|\n|t:|1695172884\n|move|p1a: Ursaluna|Earth Power|p2a: Ursaluna\n|-damage|p2a: Ursaluna|0 fnt\n|faint|p2a: Ursaluna\n|\n|-heal|p1a: Ursaluna|84/100 tox|[from] item: Leftovers\n|-damage|p1a: Ursaluna|66/100 tox|[from] psn\n|upkeep\n|\n|t:|1695172891\n|switch|p2a: Infernape|Infernape, F|100/100\n|turn|45\n|\n|t:|1695172897\n|move|p2a: Infernape|Close Combat|p1a: Ursaluna\n|-supereffective|p1a: Ursaluna\n|-damage|p1a: Ursaluna|0 fnt\n|-unboost|p2a: Infernape|def|1\n|-unboost|p2a: Infernape|spd|1\n|faint|p1a: Ursaluna\n|\n|upkeep\n|\n|t:|1695172899\n|switch|p1a: Dondozo|Dondozo, F|58/100 slp\n|turn|46\n|\n|t:|1695172909\n|move|p2a: Infernape|Close Combat|p1a: Dondozo\n|-damage|p1a: Dondozo|24/100 slp\n|-unboost|p2a: Infernape|def|1\n|-unboost|p2a: Infernape|spd|1\n|-curestatus|p1a: Dondozo|slp|[msg]\n|move|p1a: Dondozo|Rest|p1a: Dondozo\n|-status|p1a: Dondozo|slp|[from] move: Rest\n|-heal|p1a: Dondozo|100/100 slp|[silent]\n|\n|upkeep\n|turn|47\n|\n|t:|1695172913\n|move|p2a: Infernape|Close Combat|p1a: Dondozo\n|-damage|p1a: Dondozo|64/100 slp\n|-unboost|p2a: Infernape|def|1\n|-unboost|p2a: Infernape|spd|1\n|cant|p1a: Dondozo|slp\n|move|p1a: Dondozo|Sleep Talk|p1a: Dondozo\n|move|p1a: Dondozo|Liquidation|p2a: Infernape|[from]move: Sleep Talk\n|-supereffective|p2a: Infernape\n|-crit|p2a: Infernape\n|-damage|p2a: Infernape|0 fnt\n|faint|p2a: Infernape\n|\n|upkeep\n|\n|t:|1695172915\n|switch|p2a: Munkidori|Munkidori, M|100/100\n|turn|48\n|\n|t:|1695172925\n|move|p2a: Munkidori|Focus Blast|p1a: Dondozo\n|-damage|p1a: Dondozo|26/100 slp\n|cant|p1a: Dondozo|slp\n|move|p1a: Dondozo|Sleep Talk|p1a: Dondozo\n|move|p1a: Dondozo|Liquidation|p2a: Munkidori|[from]move: Sleep Talk\n|-damage|p2a: Munkidori|55/100\n|\n|upkeep\n|turn|49\n|\n|t:|1695172928\n|move|p2a: Munkidori|Focus Blast|p1a: Dondozo|[miss]\n|-miss|p2a: Munkidori|p1a: Dondozo\n|-curestatus|p1a: Dondozo|slp|[msg]\n|move|p1a: Dondozo|Sleep Talk||[still]\n|-fail|p1a: Dondozo\n|\n|upkeep\n|turn|50\n|\n|t:|1695172931\n|move|p2a: Munkidori|Focus Blast|p1a: Dondozo\n|-damage|p1a: Dondozo|0 fnt\n|faint|p1a: Dondozo\n|\n|upkeep\n|\n|t:|1695172933\n|switch|p1a: Kingambit|Kingambit, M|100/100\n|-activate|p1a: Kingambit|ability: Supreme Overlord\n|-start|p1a: Kingambit|fallen5|[silent]\n|turn|51\n|\n|t:|1695172935\n|-terastallize|p2a: Munkidori|Water\n|-terastallize|p1a: Kingambit|Flying\n|move|p1a: Kingambit|Sucker Punch|p2a: Munkidori\n|-damage|p2a: Munkidori|0 fnt\n|faint|p2a: Munkidori\n|\n|win|CNT JuanS13\n|raw|CNT JuanS13's rating: 1324 &rarr; <strong>1345</strong><br />(+21 for winning)\n|raw|PyroFrostbolt's rating: 1349 &rarr; <strong>1328</strong><br />(-21 for losing)\n|l|\u2606CNT JuanS13\n|j|\u2606CNT JuanS13\n|player|p1|CNT JuanS13|iono\n", "uploadtime": 1695172943, "views": 6, "p1id": "cntjuans13", "p2id": "pyrofrostbolt", "formatid": "gen9ou", "rating": 1328, "private": 0, "password": ""}