{"id": "gen9ou-1947491339", "p1": "Loucassss", "p2": "E-Something", "format": "gen9ou", "log": "|j|\u2606Loucassss\n|j|\u2606E-Something\n|t:|1695165845\n|gametype|singles\n|player|p1|Loucassss|170|1478\n|player|p2|E-Something|boarder|1428\n|teamsize|p1|6\n|teamsize|p2|6\n|gen|9\n|tier|[Gen 9] OU\n|rated|\n|rule|Sleep Clause Mod: Limit one foe put to sleep\n|rule|Species Clause: Limit one of each Pok\u00e9mon\n|rule|OHKO Clause: OHKO moves are banned\n|rule|Evasion Items Clause: Evasion items are banned\n|rule|Evasion Moves Clause: Evasion moves are banned\n|rule|Endless Battle Clause: Forcing endless battles is banned\n|rule|HP Percentage Mod: HP is shown in percentages\n|clearpoke\n|poke|p1|Iron Moth|\n|poke|p1|Noivern, F|\n|poke|p1|Great Tusk|\n|poke|p1|Kingambit, M|\n|poke|p1|Azumarill, F|\n|poke|p1|Dragonite, M|\n|poke|p2|Enamorus, F|\n|poke|p2|Ogerpon-Hearthflame, F|\n|poke|p2|Roaring Moon|\n|poke|p2|Walking Wake|\n|poke|p2|Great Tusk|\n|poke|p2|Torkoal, F|\n|teampreview\n|inactive|Battle timer is ON: inactive players will automatically lose when time's up. (requested by E-Something)\n|\n|t:|1695165856\n|start\n|switch|p1a: Noivern|Noivern, F|100/100\n|switch|p2a: Enamorus|Enamorus, F|100/100\n|turn|1\n|\n|t:|1695165860\n|move|p1a: Noivern|U-turn|p2a: Enamorus\n|-resisted|p2a: Enamorus\n|-crit|p2a: Enamorus\n|-damage|p2a: Enamorus|94/100\n|\n|t:|1695165864\n|switch|p1a: Azumarill|Azumarill, F|100/100|[from] U-turn\n|move|p2a: Enamorus|Moonblast|p1a: Azumarill\n|-damage|p1a: Azumarill|51/100\n|\n|upkeep\n|turn|2\n|\n|t:|1695165871\n|move|p2a: Enamorus|Moonblast|p1a: Azumarill\n|-damage|p1a: Azumarill|2/100\n|-unboost|p1a: Azumarill|spa|1\n|move|p1a: Azumarill|Liquidation|p2a: Enamorus\n|-damage|p2a: Enamorus|0 fnt\n|faint|p2a: Enamorus\n|\n|upkeep\n|\n|t:|1695165895\n|switch|p2a: Ogerpon|Ogerpon-Hearthflame, F|100/100\n|-ability|p2a: Ogerpon|Mold Breaker\n|turn|3\n|\n|t:|1695165901\n|switch|p1a: Noivern|Noivern, F|100/100\n|move|p2a: Ogerpon|Trailblaze|p1a: Noivern\n|-resisted|p1a: Noivern\n|-damage|p1a: Noivern|90/100\n|-boost|p2a: Ogerpon|spe|1\n|\n|upkeep\n|turn|4\n|\n|t:|1695165910\n|-terastallize|p2a: Ogerpon|Fire\n|detailschange|p2a: Ogerpon|Ogerpon-Hearthflame-Tera, F, tera:Fire\n|-ability|p2a: Ogerpon|Embody Aspect (Hearthflame)|boost\n|-boost|p2a: Ogerpon|atk|1\n|move|p1a: Noivern|Hurricane|p2a: Ogerpon\n|-damage|p2a: Ogerpon|50/100\n|-start|p2a: Ogerpon|confusion\n|-activate|p2a: Ogerpon|confusion\n|move|p2a: Ogerpon|Play Rough|p1a: Noivern\n|-supereffective|p1a: Noivern\n|-damage|p1a: Noivern|0 fnt\n|faint|p1a: Noivern\n|\n|upkeep\n|\n|t:|1695165928\n|switch|p1a: Azumarill|Azumarill, F|2/100\n|turn|5\n|\n|t:|1695165931\n|move|p1a: Azumarill|Aqua Jet|p2a: Ogerpon\n|-supereffective|p2a: Ogerpon\n|-damage|p2a: Ogerpon|0 fnt\n|faint|p2a: Ogerpon\n|\n|upkeep\n|\n|t:|1695165938\n|switch|p2a: Roaring Moon|Roaring Moon|100/100\n|turn|6\n|\n|t:|1695165941\n|move|p1a: Azumarill|Aqua Jet|p2a: Roaring Moon\n|-resisted|p2a: Roaring Moon\n|-damage|p2a: Roaring Moon|75/100\n|move|p2a: Roaring Moon|U-turn|p1a: Azumarill\n|-resisted|p1a: Azumarill\n|-damage|p1a: Azumarill|0 fnt\n|faint|p1a: Azumarill\n|\n|t:|1695165946\n|-end|p2a: Roaring Moon|Protosynthesis|[silent]\n|switch|p2a: Torkoal|Torkoal, F|100/100|[from] U-turn\n|-weather|SunnyDay|[from] ability: Drought|[of] p2a: Torkoal\n|\n|-weather|SunnyDay|[upkeep]\n|upkeep\n|\n|t:|1695165954\n|switch|p1a: Dragonite|Dragonite, M|100/100\n|turn|7\n|\n|t:|1695165965\n|move|p1a: Dragonite|Dragon Dance|p1a: Dragonite\n|-boost|p1a: Dragonite|atk|1\n|-boost|p1a: Dragonite|spe|1\n|move|p2a: Torkoal|Lava Plume|p1a: Dragonite\n|-resisted|p1a: Dragonite\n|-damage|p1a: Dragonite|91/100\n|-status|p1a: Dragonite|brn\n|\n|-weather|SunnyDay|[upkeep]\n|-damage|p1a: Dragonite|84/100 brn|[from] brn\n|upkeep\n|turn|8\n|\n|t:|1695165982\n|switch|p2a: Walking Wake|Walking Wake|100/100\n|-activate|p2a: Walking Wake|ability: Protosynthesis\n|-start|p2a: Walking Wake|protosynthesisspe\n|move|p1a: Dragonite|Dragon Dance|p1a: Dragonite\n|-boost|p1a: Dragonite|atk|1\n|-boost|p1a: Dragonite|spe|1\n|\n|-weather|SunnyDay|[upkeep]\n|-damage|p1a: Dragonite|78/100 brn|[from] brn\n|upkeep\n|turn|9\n|\n|t:|1695165998\n|move|p2a: Walking Wake|Draco Meteor|p1a: Dragonite\n|-supereffective|p1a: Dragonite\n|-damage|p1a: Dragonite|0 fnt\n|-unboost|p2a: Walking Wake|spa|2\n|faint|p1a: Dragonite\n|-damage|p2a: Walking Wake|91/100|[from] item: Life Orb\n|\n|-weather|SunnyDay|[upkeep]\n|upkeep\n|\n|t:|1695166008\n|switch|p1a: Iron Moth|Iron Moth|100/100\n|-enditem|p1a: Iron Moth|Booster Energy\n|-activate|p1a: Iron Moth|ability: Quark Drive|[fromitem]\n|-start|p1a: Iron Moth|quarkdrivespe\n|turn|10\n|\n|t:|1695166026\n|-end|p2a: Walking Wake|Protosynthesis|[silent]\n|switch|p2a: Roaring Moon|Roaring Moon|75/100\n|-activate|p2a: Roaring Moon|ability: Protosynthesis\n|-start|p2a: Roaring Moon|protosynthesisspe\n|-terastallize|p1a: Iron Moth|Flying\n|move|p1a: Iron Moth|Hurricane|p2a: Roaring Moon|[miss]\n|-miss|p1a: Iron Moth|p2a: Roaring Moon\n|\n|-weather|SunnyDay|[upkeep]\n|upkeep\n|turn|11\n|\n|t:|1695166041\n|move|p2a: Roaring Moon|Knock Off|p1a: Iron Moth\n|-damage|p1a: Iron Moth|15/100\n|move|p1a: Iron Moth|Fiery Dance|p2a: Roaring Moon\n|-resisted|p2a: Roaring Moon\n|-damage|p2a: Roaring Moon|48/100\n|\n|-weather|SunnyDay|[upkeep]\n|upkeep\n|turn|12\n|\n|t:|1695166050\n|move|p2a: Roaring Moon|Knock Off|p1a: Iron Moth\n|-damage|p1a: Iron Moth|0 fnt\n|faint|p1a: Iron Moth\n|-end|p1a: Iron Moth|Quark Drive|[silent]\n|\n|-weather|SunnyDay|[upkeep]\n|upkeep\n|\n|t:|1695166052\n|switch|p1a: Great Tusk|Great Tusk|100/100\n|-activate|p1a: Great Tusk|ability: Protosynthesis\n|-start|p1a: Great Tusk|protosynthesisatk\n|turn|13\n|\n|t:|1695166057\n|move|p2a: Roaring Moon|Knock Off|p1a: Great Tusk\n|-resisted|p1a: Great Tusk\n|-damage|p1a: Great Tusk|71/100\n|-enditem|p1a: Great Tusk|Leftovers|[from] move: Knock Off|[of] p2a: Roaring Moon\n|move|p1a: Great Tusk|Ice Spinner|p2a: Roaring Moon\n|-supereffective|p2a: Roaring Moon\n|-damage|p2a: Roaring Moon|0 fnt\n|faint|p2a: Roaring Moon\n|-end|p2a: Roaring Moon|Protosynthesis|[silent]\n|\n|-weather|none\n|-end|p1a: Great Tusk|Protosynthesis\n|upkeep\n|\n|t:|1695166065\n|switch|p2a: Torkoal|Torkoal, F|100/100\n|-weather|SunnyDay|[from] ability: Drought|[of] p2a: Torkoal\n|-activate|p1a: Great Tusk|ability: Protosynthesis\n|-start|p1a: Great Tusk|protosynthesisatk\n|turn|14\n|\n|t:|1695166070\n|move|p1a: Great Tusk|Rapid Spin|p2a: Torkoal\n|-damage|p2a: Torkoal|85/100\n|-boost|p1a: Great Tusk|spe|1\n|move|p2a: Torkoal|Solar Beam||[still]\n|-prepare|p2a: Torkoal|Solar Beam\n|-anim|p2a: Torkoal|Solar Beam|p1a: Great Tusk\n|-supereffective|p1a: Great Tusk\n|-damage|p1a: Great Tusk|3/100\n|\n|-weather|SunnyDay|[upkeep]\n|upkeep\n|turn|15\n|\n|t:|1695166077\n|move|p1a: Great Tusk|Earthquake|p2a: Torkoal\n|-supereffective|p2a: Torkoal\n|-damage|p2a: Torkoal|0 fnt\n|faint|p2a: Torkoal\n|\n|-weather|SunnyDay|[upkeep]\n|upkeep\n|\n|t:|1695166082\n|switch|p2a: Walking Wake|Walking Wake|91/100\n|-activate|p2a: Walking Wake|ability: Protosynthesis\n|-start|p2a: Walking Wake|protosynthesisspe\n|turn|16\n|\n|t:|1695166093\n|move|p2a: Walking Wake|Hydro Steam|p1a: Great Tusk\n|-supereffective|p1a: Great Tusk\n|-damage|p1a: Great Tusk|0 fnt\n|faint|p1a: Great Tusk\n|-end|p1a: Great Tusk|Protosynthesis|[silent]\n|-damage|p2a: Walking Wake|81/100|[from] item: Life Orb\n|\n|-weather|SunnyDay|[upkeep]\n|upkeep\n|\n|t:|1695166095\n|switch|p1a: Kingambit|Kingambit, M|100/100\n|-activate|p1a: Kingambit|ability: Supreme Overlord\n|-start|p1a: Kingambit|fallen5|[silent]\n|turn|17\n|\n|t:|1695166099\n|move|p2a: Walking Wake|Hydro Steam|p1a: Kingambit\n|-damage|p1a: Kingambit|19/100\n|-damage|p2a: Walking Wake|71/100|[from] item: Life Orb\n|move|p1a: Kingambit|Swords Dance|p1a: Kingambit\n|-boost|p1a: Kingambit|atk|2\n|\n|-weather|SunnyDay|[upkeep]\n|-heal|p1a: Kingambit|25/100|[from] item: Leftovers\n|upkeep\n|turn|18\n|\n|t:|1695166103\n|move|p1a: Kingambit|Sucker Punch|p2a: Walking Wake\n|-damage|p2a: Walking Wake|0 fnt\n|faint|p2a: Walking Wake\n|-end|p2a: Walking Wake|Protosynthesis|[silent]\n|\n|-weather|SunnyDay|[upkeep]\n|-heal|p1a: Kingambit|31/100|[from] item: Leftovers\n|upkeep\n|\n|t:|1695166106\n|switch|p2a: Great Tusk|Great Tusk|100/100\n|-activate|p2a: Great Tusk|ability: Protosynthesis\n|-start|p2a: Great Tusk|protosynthesisatk\n|turn|19\n|\n|t:|1695166111\n|move|p1a: Kingambit|Sucker Punch|p2a: Great Tusk\n|-resisted|p2a: Great Tusk\n|-damage|p2a: Great Tusk|62/100\n|move|p2a: Great Tusk|Earthquake|p1a: Kingambit\n|-supereffective|p1a: Kingambit\n|-damage|p1a: Kingambit|0 fnt\n|faint|p1a: Kingambit\n|-end|p1a: Kingambit|fallen5|[silent]\n|\n|win|E-Something\n|raw|Loucassss's rating: 1478 &rarr; <strong>1455</strong><br />(-23 for losing)\n|raw|E-Something's rating: 1428 &rarr; <strong>1451</strong><br />(+23 for winning)\n", "uploadtime": 1695166119, "views": 2, "p1id": "loucassss", "p2id": "esomething", "formatid": "gen9ou", "rating": 1451, "private": 0, "password": ""}