{"id": "gen9ou-1947506883", "p1": "ninjagaro", "p2": "AardvarkMaster", "format": "gen9ou", "log": "|j|\u2606ninjagaro\n|j|\u2606AardvarkMaster\n|t:|1695167393\n|gametype|singles\n|player|p1|ninjagaro|cameraman|1310\n|player|p2|AardvarkMaster|2|1200\n|teamsize|p1|6\n|teamsize|p2|6\n|gen|9\n|tier|[Gen 9] OU\n|rated|\n|rule|Sleep Clause Mod: Limit one foe put to sleep\n|rule|Species Clause: Limit one of each Pok\u00e9mon\n|rule|OHKO Clause: OHKO moves are banned\n|rule|Evasion Items Clause: Evasion items are banned\n|rule|Evasion Moves Clause: Evasion moves are banned\n|rule|Endless Battle Clause: Forcing endless battles is banned\n|rule|HP Percentage Mod: HP is shown in percentages\n|clearpoke\n|poke|p1|Ogerpon-Hearthflame, F|\n|poke|p1|Manaphy|\n|poke|p1|Dragapult, F|\n|poke|p1|Okidogi, M|\n|poke|p1|Gholdengo|\n|poke|p1|Infernape, F|\n|poke|p2|Ogerpon-Hearthflame, F|\n|poke|p2|Kingambit, F|\n|poke|p2|Dragapult, F|\n|poke|p2|Samurott-Hisui, F|\n|poke|p2|Great Tusk|\n|poke|p2|Iron Valiant|\n|teampreview\n|c|\u2606AardvarkMaster|gl hf\n|inactive|Battle timer is ON: inactive players will automatically lose when time's up. (requested by AardvarkMaster)\n|\n|t:|1695167418\n|start\n|switch|p1a: Infernape|Infernape, F|100/100\n|switch|p2a: Iron Valiant|Iron Valiant|100/100\n|turn|1\n|\n|t:|1695167427\n|move|p2a: Iron Valiant|Moonblast|p1a: Infernape\n|-damage|p1a: Infernape|23/100\n|move|p1a: Infernape|Overheat|p2a: Iron Valiant|[miss]\n|-miss|p1a: Infernape|p2a: Iron Valiant\n|\n|upkeep\n|turn|2\n|c|\u2606AardvarkMaster|that's sad man\n|c|\u2606ninjagaro|gg wp\n|\n|t:|1695167436\n|switch|p1a: Gholdengo|Gholdengo|100/100\n|move|p2a: Iron Valiant|Moonblast|p1a: Gholdengo\n|-resisted|p1a: Gholdengo\n|-damage|p1a: Gholdengo|74/100\n|-unboost|p1a: Gholdengo|spa|1\n|\n|upkeep\n|turn|3\n|\n|t:|1695167445\n|-end|p2a: Iron Valiant|Quark Drive|[silent]\n|switch|p2a: Kingambit|Kingambit, F|100/100\n|move|p1a: Gholdengo|Trick|p2a: Kingambit\n|-activate|p1a: Gholdengo|move: Trick|[of] p2a: Kingambit\n|-item|p2a: Kingambit|Choice Scarf|[from] move: Trick\n|-item|p1a: Gholdengo|Life Orb|[from] move: Trick\n|\n|upkeep\n|turn|4\n|c|\u2606ninjagaro|wp, i didnt expect a drop\n|c|\u2606AardvarkMaster|yes\n|c|\u2606AardvarkMaster|all part of my master plan\n|\n|t:|1695167468\n|move|p1a: Gholdengo|Focus Blast|p2a: Kingambit\n|-supereffective|p2a: Kingambit\n|-damage|p2a: Kingambit|0 fnt\n|faint|p2a: Kingambit\n|-end|p2a: Kingambit|fallenundefined|[silent]\n|-damage|p1a: Gholdengo|64/100|[from] item: Life Orb\n|\n|upkeep\n|c|\u2606ninjagaro|im sure it was calculated\n|c|\u2606AardvarkMaster|absolutely\n|\n|t:|1695167480\n|switch|p2a: Ogerpon|Ogerpon-Hearthflame, F|100/100\n|-ability|p2a: Ogerpon|Mold Breaker\n|turn|5\n|\n|t:|1695167486\n|move|p2a: Ogerpon|Knock Off|p1a: Gholdengo\n|-supereffective|p1a: Gholdengo\n|-damage|p1a: Gholdengo|0 fnt\n|-enditem|p1a: Gholdengo|Life Orb|[from] move: Knock Off|[of] p2a: Ogerpon\n|faint|p1a: Gholdengo\n|\n|upkeep\n|\n|t:|1695167491\n|switch|p1a: Infernape|Infernape, F|23/100\n|turn|6\n|c|\u2606AardvarkMaster|that's scarf right\n|\n|t:|1695167502\n|move|p2a: Ogerpon|Ivy Cudgel|p1a: Infernape\n|-resisted|p1a: Infernape\n|-damage|p1a: Infernape|0 fnt\n|faint|p1a: Infernape\n|\n|upkeep\n|c|\u2606AardvarkMaster|nope\n|\n|t:|1695167507\n|switch|p1a: Okidogi|Okidogi, M|100/100\n|turn|7\n|\n|t:|1695167514\n|-terastallize|p2a: Ogerpon|Fire\n|detailschange|p2a: Ogerpon|Ogerpon-Hearthflame-Tera, F, tera:Fire\n|-ability|p2a: Ogerpon|Embody Aspect (Hearthflame)|boost\n|-boost|p2a: Ogerpon|atk|1\n|move|p2a: Ogerpon|Ivy Cudgel|p1a: Okidogi\n|-damage|p1a: Okidogi|0 fnt\n|faint|p1a: Okidogi\n|\n|upkeep\n|c|\u2606AardvarkMaster|this mon is so balanced\n|c|\u2606ninjagaro|wow iot's really broken\n|c|\u2606AardvarkMaster|zacian 2\n|\n|t:|1695167528\n|switch|p1a: Dragapult|Dragapult, F|100/100\n|turn|8\n|c|\u2606ninjagaro|yes\n|\n|t:|1695167538\n|switch|p2a: Iron Valiant|Iron Valiant|100/100\n|move|p1a: Dragapult|Draco Meteor|p2a: Iron Valiant\n|-immune|p2a: Iron Valiant\n|\n|upkeep\n|turn|9\n|c|\u2606ninjagaro|its not even guaranteed ko\n|\n|t:|1695167546\n|switch|p1a: Ogerpon|Ogerpon-Hearthflame, F|100/100\n|-ability|p1a: Ogerpon|Mold Breaker\n|move|p2a: Iron Valiant|Moonblast|p1a: Ogerpon\n|-resisted|p1a: Ogerpon\n|-damage|p1a: Ogerpon|71/100\n|\n|upkeep\n|turn|10\n|c|\u2606ninjagaro|specs draco\n|\n|t:|1695167566\n|move|p2a: Iron Valiant|Moonblast|p1a: Ogerpon\n|-resisted|p1a: Ogerpon\n|-damage|p1a: Ogerpon|45/100\n|move|p1a: Ogerpon|Horn Leech|p2a: Iron Valiant\n|-damage|p2a: Iron Valiant|48/100\n|-heal|p1a: Ogerpon|71/100|[from] drain|[of] p2a: Iron Valiant\n|\n|upkeep\n|turn|11\n|\n|t:|1695167573\n|-end|p2a: Iron Valiant|Quark Drive|[silent]\n|switch|p2a: Dragapult|Dragapult, F|100/100\n|move|p1a: Ogerpon|Swords Dance|p1a: Ogerpon\n|-boost|p1a: Ogerpon|atk|2\n|\n|upkeep\n|turn|12\n|\n|t:|1695167584\n|move|p2a: Dragapult|Shadow Ball|p1a: Ogerpon\n|-damage|p1a: Ogerpon|10/100\n|-unboost|p1a: Ogerpon|spd|1\n|move|p1a: Ogerpon|Horn Leech|p2a: Dragapult\n|-resisted|p2a: Dragapult\n|-damage|p2a: Dragapult|44/100\n|-heal|p1a: Ogerpon|40/100|[from] drain|[of] p2a: Dragapult\n|\n|upkeep\n|turn|13\n|\n|t:|1695167589\n|move|p2a: Dragapult|Shadow Ball|p1a: Ogerpon\n|-damage|p1a: Ogerpon|0 fnt\n|faint|p1a: Ogerpon\n|\n|upkeep\n|\n|t:|1695167592\n|switch|p1a: Manaphy|Manaphy|100/100\n|turn|14\n|c|\u2606AardvarkMaster|thank goodness for pult\n|\n|t:|1695167596\n|move|p2a: Dragapult|Shadow Ball|p1a: Manaphy\n|-damage|p1a: Manaphy|53/100\n|-unboost|p1a: Manaphy|spd|1\n|move|p1a: Manaphy|Take Heart|p1a: Manaphy\n|-boost|p1a: Manaphy|spa|1\n|-boost|p1a: Manaphy|spd|1\n|\n|-heal|p1a: Manaphy|59/100|[from] item: Leftovers\n|upkeep\n|turn|15\n|c|\u2606AardvarkMaster|no tail glow?\n|c|\u2606ninjagaro|gg wp\n|c|\u2606AardvarkMaster|thx u too\n|c|\u2606ninjagaro|no it was acid armor\n|\n|t:|1695167612\n|move|p2a: Dragapult|Shadow Ball|p1a: Manaphy\n|-damage|p1a: Manaphy|12/100\n|move|p1a: Manaphy|Acid Armor|p1a: Manaphy\n|-boost|p1a: Manaphy|def|2\n|\n|-heal|p1a: Manaphy|18/100|[from] item: Leftovers\n|upkeep\n|turn|16\n|c|\u2606ninjagaro|and stored\n|\n|t:|1695167619\n|move|p2a: Dragapult|Shadow Ball|p1a: Manaphy\n|-damage|p1a: Manaphy|0 fnt\n|faint|p1a: Manaphy\n|\n|upkeep\n|c|\u2606ninjagaro|it's a bad set\n|c|\u2606AardvarkMaster|oh\n|c|\u2606AardvarkMaster|huh\n|c|\u2606ninjagaro|got no wins for using it\n|\n|t:|1695167631\n|switch|p1a: Dragapult|Dragapult, F|100/100\n|turn|17\n|c|\u2606AardvarkMaster|use tail glow then dude\n|\n|t:|1695167639\n|move|p2a: Dragapult|Shadow Ball|p1a: Dragapult\n|-supereffective|p1a: Dragapult\n|-crit|p1a: Dragapult\n|-damage|p1a: Dragapult|0 fnt\n|faint|p1a: Dragapult\n|\n|win|AardvarkMaster\n|raw|ninjagaro's rating: 1310 &rarr; <strong>1284</strong><br />(-26 for losing)\n|raw|AardvarkMaster's rating: 1200 &rarr; <strong>1233</strong><br />(+33 for winning)\n|c|\u2606ninjagaro|gg\n|c|\u2606AardvarkMaster|gg\n|l|\u2606ninjagaro\n", "uploadtime": 1695167647, "views": 1, "p1id": "ninjagaro", "p2id": "aardvarkmaster", "formatid": "gen9ou", "rating": 1233, "private": 0, "password": ""}