{"id": "gen9ou-1947482829", "p1": "DuckyNucky", "p2": "LazyCheok", "format": "gen9ou", "log": "|j|\u2606DuckyNucky\n|j|\u2606LazyCheok\n|t:|1695164998\n|gametype|singles\n|player|p1|DuckyNucky|n-masters3|1258\n|player|p2|LazyCheok|veteran|1349\n|teamsize|p1|6\n|teamsize|p2|6\n|gen|9\n|tier|[Gen 9] OU\n|rated|\n|rule|Sleep Clause Mod: Limit one foe put to sleep\n|rule|Species Clause: Limit one of each Pok\u00e9mon\n|rule|OHKO Clause: OHKO moves are banned\n|rule|Evasion Items Clause: Evasion items are banned\n|rule|Evasion Moves Clause: Evasion moves are banned\n|rule|Endless Battle Clause: Forcing endless battles is banned\n|rule|HP Percentage Mod: HP is shown in percentages\n|clearpoke\n|poke|p1|Cetitan, F|\n|poke|p1|Frosmoth, M|\n|poke|p1|Great Tusk|\n|poke|p1|Kingambit, F|\n|poke|p1|Ninetales-Alola, M|\n|poke|p1|Mew|\n|poke|p2|Manaphy|\n|poke|p2|Pelipper, M|\n|poke|p2|Barraskewda, F|\n|poke|p2|Corviknight, F|\n|poke|p2|Slowking-Galar, M|\n|poke|p2|Kingambit, M|\n|teampreview\n|inactive|Battle timer is ON: inactive players will automatically lose when time's up. (requested by LazyCheok)\n|inactive|DuckyNucky has 120 seconds left.\n|\n|t:|1695165033\n|start\n|switch|p1a: Great Tusk|Great Tusk|100/100\n|switch|p2a: Pelipper|Pelipper, M|100/100\n|-weather|RainDance|[from] ability: Drizzle|[of] p2a: Pelipper\n|turn|1\n|\n|t:|1695165043\n|move|p2a: Pelipper|Hurricane|p1a: Great Tusk\n|-supereffective|p1a: Great Tusk\n|-damage|p1a: Great Tusk|40/100\n|move|p1a: Great Tusk|Stealth Rock|p2a: Pelipper\n|-sidestart|p2: LazyCheok|move: Stealth Rock\n|\n|-weather|RainDance|[upkeep]\n|-heal|p1a: Great Tusk|47/100|[from] item: Leftovers\n|upkeep\n|turn|2\n|\n|t:|1695165057\n|move|p2a: Pelipper|Hurricane|p1a: Great Tusk\n|-supereffective|p1a: Great Tusk\n|-damage|p1a: Great Tusk|0 fnt\n|faint|p1a: Great Tusk\n|-end|p1a: Great Tusk|Protosynthesis|[silent]\n|\n|-weather|RainDance|[upkeep]\n|upkeep\n|\n|t:|1695165066\n|switch|p1a: Ninetales|Ninetales-Alola, M|100/100\n|-weather|Snow|[from] ability: Snow Warning|[of] p1a: Ninetales\n|turn|3\n|\n|t:|1695165074\n|switch|p2a: Kingambit|Kingambit, M|100/100\n|-damage|p2a: Kingambit|94/100|[from] Stealth Rock\n|move|p1a: Ninetales|Aurora Veil|p1a: Ninetales\n|-sidestart|p1: DuckyNucky|move: Aurora Veil\n|\n|-weather|Snow|[upkeep]\n|-heal|p2a: Kingambit|100/100|[from] item: Leftovers\n|upkeep\n|turn|4\n|\n|t:|1695165100\n|switch|p1a: Cetitan|Cetitan, F|100/100\n|-end|p2a: Kingambit|fallenundefined|[silent]\n|switch|p2a: Corviknight|Corviknight, F|100/100\n|-damage|p2a: Corviknight|88/100|[from] Stealth Rock\n|-ability|p2a: Corviknight|Pressure\n|\n|-weather|Snow|[upkeep]\n|upkeep\n|turn|5\n|\n|t:|1695165108\n|move|p1a: Cetitan|Belly Drum|p1a: Cetitan\n|-damage|p1a: Cetitan|51/100\n|-setboost|p1a: Cetitan|atk|6|[from] move: Belly Drum\n|move|p2a: Corviknight|Defog|p1a: Cetitan\n|-unboost|p1a: Cetitan|evasion|1\n|-sideend|p1: DuckyNucky|move: Aurora Veil\n|-sideend|p2: LazyCheok|Stealth Rock|[from] move: Defog|[of] p2a: Corviknight\n|\n|-weather|Snow|[upkeep]\n|upkeep\n|turn|6\n|\n|t:|1695165113\n|move|p1a: Cetitan|Icicle Crash|p2a: Corviknight\n|-damage|p2a: Corviknight|0 fnt\n|faint|p2a: Corviknight\n|\n|-weather|Snow|[upkeep]\n|upkeep\n|\n|t:|1695165126\n|switch|p2a: Kingambit|Kingambit, M|100/100\n|-activate|p2a: Kingambit|ability: Supreme Overlord\n|-start|p2a: Kingambit|fallen1|[silent]\n|turn|7\n|\n|t:|1695165134\n|move|p1a: Cetitan|Earthquake|p2a: Kingambit\n|-supereffective|p2a: Kingambit\n|-damage|p2a: Kingambit|0 fnt\n|faint|p2a: Kingambit\n|-end|p2a: Kingambit|fallen1|[silent]\n|\n|-weather|none\n|upkeep\n|\n|t:|1695165147\n|switch|p2a: Barraskewda|Barraskewda, F|100/100\n|turn|8\n|\n|t:|1695165149\n|move|p2a: Barraskewda|Close Combat|p1a: Cetitan\n|-supereffective|p1a: Cetitan\n|-damage|p1a: Cetitan|0 fnt\n|-unboost|p2a: Barraskewda|def|1\n|-unboost|p2a: Barraskewda|spd|1\n|faint|p1a: Cetitan\n|\n|upkeep\n|\n|t:|1695165155\n|switch|p1a: Ninetales|Ninetales-Alola, M|100/100\n|-weather|Snow|[from] ability: Snow Warning|[of] p1a: Ninetales\n|turn|9\n|\n|t:|1695165157\n|switch|p2a: Pelipper|Pelipper, M|100/100\n|-weather|RainDance|[from] ability: Drizzle|[of] p2a: Pelipper\n|move|p1a: Ninetales|Aurora Veil||[still]\n|-fail|p1a: Ninetales\n|\n|-weather|RainDance|[upkeep]\n|upkeep\n|turn|10\n|\n|t:|1695165173\n|switch|p2a: Slowking|Slowking-Galar, M|100/100\n|move|p1a: Ninetales|Freeze-Dry|p2a: Slowking\n|-damage|p2a: Slowking|84/100\n|-enditem|p2a: Slowking|Eject Button\n|\n|t:|1695165183\n|switch|p2a: Barraskewda|Barraskewda, F|100/100\n|\n|-weather|RainDance|[upkeep]\n|upkeep\n|turn|11\n|\n|t:|1695165192\n|switch|p1a: Mew|Mew|100/100\n|-terastallize|p2a: Barraskewda|Water\n|move|p2a: Barraskewda|Liquidation|p1a: Mew\n|-damage|p1a: Mew|0 fnt\n|faint|p1a: Mew\n|\n|-weather|RainDance|[upkeep]\n|upkeep\n|\n|t:|1695165200\n|switch|p1a: Ninetales|Ninetales-Alola, M|100/100\n|-weather|Snow|[from] ability: Snow Warning|[of] p1a: Ninetales\n|turn|12\n|\n|t:|1695165203\n|switch|p2a: Pelipper|Pelipper, M|100/100\n|-weather|RainDance|[from] ability: Drizzle|[of] p2a: Pelipper\n|move|p1a: Ninetales|Freeze-Dry|p2a: Pelipper\n|-supereffective|p2a: Pelipper\n|-damage|p2a: Pelipper|0 fnt\n|faint|p2a: Pelipper\n|\n|-weather|RainDance|[upkeep]\n|upkeep\n|\n|t:|1695165209\n|switch|p2a: Barraskewda|Barraskewda, F, tera:Water|100/100\n|turn|13\n|\n|t:|1695165218\n|switch|p1a: Frosmoth|Frosmoth, M|100/100\n|move|p2a: Barraskewda|Liquidation|p1a: Frosmoth\n|-damage|p1a: Frosmoth|0 fnt\n|faint|p1a: Frosmoth\n|\n|-weather|RainDance|[upkeep]\n|upkeep\n|\n|t:|1695165223\n|switch|p1a: Ninetales|Ninetales-Alola, M|100/100\n|-weather|Snow|[from] ability: Snow Warning|[of] p1a: Ninetales\n|turn|14\n|\n|t:|1695165225\n|move|p2a: Barraskewda|Liquidation|p1a: Ninetales\n|-damage|p1a: Ninetales|9/100\n|move|p1a: Ninetales|Freeze-Dry|p2a: Barraskewda\n|-supereffective|p2a: Barraskewda\n|-damage|p2a: Barraskewda|0 fnt\n|faint|p2a: Barraskewda\n|\n|-weather|Snow|[upkeep]\n|upkeep\n|\n|t:|1695165231\n|switch|p2a: Slowking|Slowking-Galar, M|100/100\n|turn|15\n|\n|t:|1695165237\n|move|p1a: Ninetales|Aurora Veil|p1a: Ninetales\n|-sidestart|p1: DuckyNucky|move: Aurora Veil\n|move|p2a: Slowking|Sludge Bomb|p1a: Ninetales\n|-supereffective|p1a: Ninetales\n|-damage|p1a: Ninetales|0 fnt\n|faint|p1a: Ninetales\n|\n|-weather|Snow|[upkeep]\n|upkeep\n|\n|t:|1695165241\n|switch|p1a: Kingambit|Kingambit, F|100/100\n|-activate|p1a: Kingambit|ability: Supreme Overlord\n|-start|p1a: Kingambit|fallen5|[silent]\n|turn|16\n|\n|t:|1695165244\n|move|p1a: Kingambit|Swords Dance|p1a: Kingambit\n|-boost|p1a: Kingambit|atk|2\n|move|p2a: Slowking|Focus Blast|p1a: Kingambit\n|-supereffective|p1a: Kingambit\n|-damage|p1a: Kingambit|27/100\n|\n|-weather|Snow|[upkeep]\n|-heal|p1a: Kingambit|34/100|[from] item: Leftovers\n|upkeep\n|turn|17\n|\n|t:|1695165255\n|move|p1a: Kingambit|Kowtow Cleave|p2a: Slowking\n|-supereffective|p2a: Slowking\n|-damage|p2a: Slowking|0 fnt\n|faint|p2a: Slowking\n|\n|-weather|Snow|[upkeep]\n|-heal|p1a: Kingambit|40/100|[from] item: Leftovers\n|upkeep\n|\n|t:|1695165258\n|switch|p2a: Manaphy|Manaphy|100/100\n|turn|18\n|\n|t:|1695165265\n|move|p2a: Manaphy|Surf|p1a: Kingambit\n|-damage|p1a: Kingambit|18/100\n|move|p1a: Kingambit|Kowtow Cleave|p2a: Manaphy\n|-damage|p2a: Manaphy|0 fnt\n|faint|p2a: Manaphy\n|\n|win|DuckyNucky\n|raw|DuckyNucky's rating: 1258 &rarr; <strong>1289</strong><br />(+31 for winning)\n|raw|LazyCheok's rating: 1349 &rarr; <strong>1324</strong><br />(-25 for losing)\n|l|\u2606LazyCheok\n", "uploadtime": 1695165276, "views": 3, "p1id": "duckynucky", "p2id": "lazycheok", "formatid": "gen9ou", "rating": 1289, "private": 0, "password": ""}