{"id": "gen9ou-1947488205", "p1": "Y8shikage", "p2": "Markonwindows", "format": "gen9ou", "log": "|j|\u2606Y8shikage\n|j|\u2606Markonwindows\n|t:|1695165530\n|gametype|singles\n|player|p1|Y8shikage|steven|1533\n|player|p2|Markonwindows|266|1472\n|teamsize|p1|6\n|teamsize|p2|6\n|gen|9\n|tier|[Gen 9] OU\n|rated|\n|rule|Sleep Clause Mod: Limit one foe put to sleep\n|rule|Species Clause: Limit one of each Pok\u00e9mon\n|rule|OHKO Clause: OHKO moves are banned\n|rule|Evasion Items Clause: Evasion items are banned\n|rule|Evasion Moves Clause: Evasion moves are banned\n|rule|Endless Battle Clause: Forcing endless battles is banned\n|rule|HP Percentage Mod: HP is shown in percentages\n|clearpoke\n|poke|p1|Pelipper, M|\n|poke|p1|Ogerpon-Wellspring, F|\n|poke|p1|Barraskewda, M|\n|poke|p1|Landorus-Therian, M|\n|poke|p1|Walking Wake|\n|poke|p1|Scizor, M|\n|poke|p2|Munkidori, M|\n|poke|p2|Ogerpon-Hearthflame, F|\n|poke|p2|Weavile, M|\n|poke|p2|Great Tusk|\n|poke|p2|Iron Valiant|\n|poke|p2|Garganacl, M|\n|teampreview\n|\n|t:|1695165540\n|start\n|switch|p1a: Scizor|Scizor, M|100/100\n|switch|p2a: Munkidori|Munkidori, M|100/100\n|turn|1\n|\n|t:|1695165546\n|move|p2a: Munkidori|U-turn|p1a: Scizor\n|-resisted|p1a: Scizor\n|-damage|p1a: Scizor|95/100\n|inactive|Battle timer is ON: inactive players will automatically lose when time's up. (requested by Y8shikage)\n|\n|t:|1695165548\n|switch|p2a: Ogerpon|Ogerpon-Hearthflame, F|100/100|[from] U-turn\n|-ability|p2a: Ogerpon|Mold Breaker\n|move|p1a: Scizor|U-turn|p2a: Ogerpon\n|-damage|p2a: Ogerpon|51/100\n|\n|t:|1695165567\n|switch|p1a: Pelipper|Pelipper, M|100/100|[from] U-turn\n|-weather|RainDance|[from] ability: Drizzle|[of] p1a: Pelipper\n|\n|-weather|RainDance|[upkeep]\n|upkeep\n|turn|2\n|\n|t:|1695165573\n|move|p2a: Ogerpon|Power Whip|p1a: Pelipper\n|-damage|p1a: Pelipper|42/100\n|move|p1a: Pelipper|U-turn|p2a: Ogerpon\n|-damage|p2a: Ogerpon|37/100\n|\n|t:|1695165577\n|switch|p1a: Barraskewda|Barraskewda, M|100/100|[from] U-turn\n|\n|-weather|RainDance|[upkeep]\n|upkeep\n|turn|3\n|\n|t:|1695165582\n|move|p1a: Barraskewda|Flip Turn|p2a: Ogerpon\n|-damage|p2a: Ogerpon|0 fnt\n|faint|p2a: Ogerpon\n|\n|t:|1695165589\n|switch|p1a: Walking Wake|Walking Wake|100/100|[from] Flip Turn\n|\n|-weather|RainDance|[upkeep]\n|upkeep\n|inactive|Markonwindows has 120 seconds left.\n|\n|t:|1695165621\n|switch|p2a: Garganacl|Garganacl, M|100/100\n|turn|4\n|\n|t:|1695165634\n|-terastallize|p2a: Garganacl|Water\n|move|p1a: Walking Wake|Hydro Steam|p2a: Garganacl\n|-resisted|p2a: Garganacl\n|-damage|p2a: Garganacl|78/100\n|move|p2a: Garganacl|Salt Cure|p1a: Walking Wake\n|-damage|p1a: Walking Wake|85/100\n|-start|p1a: Walking Wake|Salt Cure\n|\n|-weather|RainDance|[upkeep]\n|-heal|p2a: Garganacl|84/100|[from] item: Leftovers\n|-damage|p1a: Walking Wake|60/100|[from] Salt Cure\n|upkeep\n|turn|5\n|\n|t:|1695165639\n|-end|p1a: Walking Wake|Protosynthesis|[silent]\n|switch|p1a: Landorus|Landorus-Therian, M|100/100\n|-ability|p1a: Landorus|Intimidate|boost\n|-unboost|p2a: Garganacl|atk|1\n|move|p2a: Garganacl|Curse|p2a: Garganacl\n|-unboost|p2a: Garganacl|spe|1\n|-boost|p2a: Garganacl|atk|1\n|-boost|p2a: Garganacl|def|1\n|\n|-weather|RainDance|[upkeep]\n|-heal|p2a: Garganacl|90/100|[from] item: Leftovers\n|upkeep\n|turn|6\n|\n|t:|1695165644\n|move|p1a: Landorus|Taunt|p2a: Garganacl\n|-start|p2a: Garganacl|move: Taunt\n|cant|p2a: Garganacl|move: Taunt|Curse\n|\n|-weather|RainDance|[upkeep]\n|-heal|p2a: Garganacl|97/100|[from] item: Leftovers\n|upkeep\n|turn|7\n|\n|t:|1695165645\n|move|p1a: Landorus|Stealth Rock|p2a: Garganacl\n|-sidestart|p2: Markonwindows|move: Stealth Rock\n|move|p2a: Garganacl|Salt Cure|p1a: Landorus\n|-damage|p1a: Landorus|91/100\n|-start|p1a: Landorus|Salt Cure\n|\n|-weather|RainDance|[upkeep]\n|-heal|p2a: Garganacl|100/100|[from] item: Leftovers\n|-damage|p1a: Landorus|79/100|[from] Salt Cure\n|upkeep\n|turn|8\n|\n|t:|1695165657\n|move|p1a: Landorus|U-turn|p2a: Garganacl\n|-damage|p2a: Garganacl|90/100\n|\n|t:|1695165658\n|switch|p1a: Ogerpon|Ogerpon-Wellspring, F|100/100|[from] U-turn\n|move|p2a: Garganacl|Salt Cure|p1a: Ogerpon\n|-damage|p1a: Ogerpon|83/100\n|-start|p1a: Ogerpon|Salt Cure\n|\n|-weather|none\n|-heal|p2a: Garganacl|97/100|[from] item: Leftovers\n|-damage|p1a: Ogerpon|58/100|[from] Salt Cure\n|-end|p2a: Garganacl|move: Taunt\n|upkeep\n|turn|9\n|\n|t:|1695165668\n|switch|p2a: Munkidori|Munkidori, M|100/100\n|-damage|p2a: Munkidori|88/100|[from] Stealth Rock\n|move|p1a: Ogerpon|Swords Dance|p1a: Ogerpon\n|-boost|p1a: Ogerpon|atk|2\n|\n|-damage|p1a: Ogerpon|33/100|[from] Salt Cure\n|upkeep\n|turn|10\n|\n|t:|1695165696\n|switch|p1a: Scizor|Scizor, M|95/100\n|move|p2a: Munkidori|U-turn|p1a: Scizor\n|-resisted|p1a: Scizor\n|-damage|p1a: Scizor|89/100\n|\n|t:|1695165701\n|switch|p2a: Garganacl|Garganacl, M, tera:Water|97/100|[from] U-turn\n|-damage|p2a: Garganacl|84/100|[from] Stealth Rock\n|\n|-heal|p2a: Garganacl|90/100|[from] item: Leftovers\n|upkeep\n|turn|11\n|\n|t:|1695165710\n|move|p1a: Scizor|U-turn|p2a: Garganacl\n|-damage|p2a: Garganacl|62/100\n|\n|t:|1695165714\n|switch|p1a: Walking Wake|Walking Wake|60/100|[from] U-turn\n|move|p2a: Garganacl|Curse|p2a: Garganacl\n|-unboost|p2a: Garganacl|spe|1\n|-boost|p2a: Garganacl|atk|1\n|-boost|p2a: Garganacl|def|1\n|\n|-heal|p2a: Garganacl|68/100|[from] item: Leftovers\n|upkeep\n|turn|12\n|\n|t:|1695165717\n|move|p1a: Walking Wake|Draco Meteor|p2a: Garganacl\n|-damage|p2a: Garganacl|19/100\n|-unboost|p1a: Walking Wake|spa|2\n|move|p2a: Garganacl|Recover|p2a: Garganacl\n|-heal|p2a: Garganacl|69/100\n|\n|-heal|p2a: Garganacl|75/100|[from] item: Leftovers\n|upkeep\n|turn|13\n|\n|t:|1695165724\n|-end|p1a: Walking Wake|Protosynthesis|[silent]\n|switch|p1a: Ogerpon|Ogerpon-Wellspring, F|33/100\n|move|p2a: Garganacl|Curse|p2a: Garganacl\n|-unboost|p2a: Garganacl|spe|1\n|-boost|p2a: Garganacl|atk|1\n|-boost|p2a: Garganacl|def|1\n|\n|-heal|p2a: Garganacl|82/100|[from] item: Leftovers\n|upkeep\n|turn|14\n|\n|t:|1695165729\n|move|p1a: Ogerpon|Horn Leech|p2a: Garganacl\n|-supereffective|p2a: Garganacl\n|-damage|p2a: Garganacl|51/100\n|-heal|p1a: Ogerpon|53/100|[from] drain|[of] p2a: Garganacl\n|move|p2a: Garganacl|Salt Cure|p1a: Ogerpon\n|-damage|p1a: Ogerpon|16/100\n|-start|p1a: Ogerpon|Salt Cure\n|\n|-heal|p2a: Garganacl|58/100|[from] item: Leftovers\n|-damage|p1a: Ogerpon|0 fnt|[from] Salt Cure\n|faint|p1a: Ogerpon\n|upkeep\n|\n|t:|1695165737\n|switch|p1a: Landorus|Landorus-Therian, M|79/100\n|-ability|p1a: Landorus|Intimidate|boost\n|-unboost|p2a: Garganacl|atk|1\n|turn|15\n|\n|t:|1695165740\n|move|p1a: Landorus|Taunt|p2a: Garganacl\n|-start|p2a: Garganacl|move: Taunt\n|cant|p2a: Garganacl|move: Taunt|Recover\n|\n|-heal|p2a: Garganacl|64/100|[from] item: Leftovers\n|upkeep\n|turn|16\n|\n|t:|1695165747\n|move|p1a: Landorus|U-turn|p2a: Garganacl\n|-damage|p2a: Garganacl|56/100\n|\n|t:|1695165748\n|switch|p1a: Walking Wake|Walking Wake|60/100|[from] U-turn\n|move|p2a: Garganacl|Salt Cure|p1a: Walking Wake\n|-damage|p1a: Walking Wake|36/100\n|-start|p1a: Walking Wake|Salt Cure\n|\n|-heal|p2a: Garganacl|63/100|[from] item: Leftovers\n|-damage|p1a: Walking Wake|11/100|[from] Salt Cure\n|upkeep\n|turn|17\n|\n|t:|1695165756\n|switch|p2a: Iron Valiant|Iron Valiant|100/100\n|-enditem|p2a: Iron Valiant|Booster Energy\n|-activate|p2a: Iron Valiant|ability: Quark Drive|[fromitem]\n|-start|p2a: Iron Valiant|quarkdrivespe\n|-damage|p2a: Iron Valiant|94/100|[from] Stealth Rock\n|move|p1a: Walking Wake|Flip Turn|p2a: Iron Valiant\n|-crit|p2a: Iron Valiant\n|-damage|p2a: Iron Valiant|63/100\n|\n|t:|1695165760\n|-end|p1a: Walking Wake|Protosynthesis|[silent]\n|switch|p1a: Scizor|Scizor, M|89/100|[from] Flip Turn\n|\n|upkeep\n|turn|18\n|\n|t:|1695165766\n|-end|p2a: Iron Valiant|Quark Drive|[silent]\n|switch|p2a: Great Tusk|Great Tusk|100/100\n|-damage|p2a: Great Tusk|97/100|[from] Stealth Rock\n|move|p1a: Scizor|U-turn|p2a: Great Tusk\n|-resisted|p2a: Great Tusk\n|-damage|p2a: Great Tusk|88/100\n|\n|t:|1695165768\n|switch|p1a: Pelipper|Pelipper, M|42/100|[from] U-turn\n|-weather|RainDance|[from] ability: Drizzle|[of] p1a: Pelipper\n|\n|-weather|RainDance|[upkeep]\n|-heal|p2a: Great Tusk|94/100|[from] item: Leftovers\n|upkeep\n|turn|19\n|\n|t:|1695165775\n|move|p2a: Great Tusk|Stealth Rock|p1a: Pelipper\n|-sidestart|p1: Y8shikage|move: Stealth Rock\n|move|p1a: Pelipper|Hurricane|p2a: Great Tusk\n|-supereffective|p2a: Great Tusk\n|-damage|p2a: Great Tusk|0 fnt\n|faint|p2a: Great Tusk\n|-end|p2a: Great Tusk|Protosynthesis|[silent]\n|\n|-weather|RainDance|[upkeep]\n|upkeep\n|\n|t:|1695165783\n|switch|p2a: Garganacl|Garganacl, M, tera:Water|63/100\n|-damage|p2a: Garganacl|50/100|[from] Stealth Rock\n|turn|20\n|\n|t:|1695165787\n|move|p1a: Pelipper|Hurricane|p2a: Garganacl\n|-damage|p2a: Garganacl|28/100\n|move|p2a: Garganacl|Recover|p2a: Garganacl\n|-heal|p2a: Garganacl|78/100\n|\n|-weather|RainDance|[upkeep]\n|-heal|p2a: Garganacl|84/100|[from] item: Leftovers\n|upkeep\n|turn|21\n|\n|t:|1695165792\n|move|p1a: Pelipper|Roost|p1a: Pelipper\n|-heal|p1a: Pelipper|92/100\n|-singleturn|p1a: Pelipper|move: Roost\n|move|p2a: Garganacl|Curse|p2a: Garganacl\n|-unboost|p2a: Garganacl|spe|1\n|-boost|p2a: Garganacl|atk|1\n|-boost|p2a: Garganacl|def|1\n|\n|-weather|RainDance|[upkeep]\n|-heal|p2a: Garganacl|90/100|[from] item: Leftovers\n|upkeep\n|turn|22\n|\n|t:|1695165799\n|move|p1a: Pelipper|U-turn|p2a: Garganacl\n|-damage|p2a: Garganacl|86/100\n|\n|t:|1695165800\n|switch|p1a: Landorus|Landorus-Therian, M|79/100|[from] U-turn\n|-damage|p1a: Landorus|66/100|[from] Stealth Rock\n|-ability|p1a: Landorus|Intimidate|boost\n|-unboost|p2a: Garganacl|atk|1\n|move|p2a: Garganacl|Curse|p2a: Garganacl\n|-unboost|p2a: Garganacl|spe|1\n|-boost|p2a: Garganacl|atk|1\n|-boost|p2a: Garganacl|def|1\n|\n|-weather|RainDance|[upkeep]\n|-heal|p2a: Garganacl|92/100|[from] item: Leftovers\n|upkeep\n|turn|23\n|\n|t:|1695165804\n|move|p1a: Landorus|Taunt|p2a: Garganacl\n|-start|p2a: Garganacl|move: Taunt\n|move|p2a: Garganacl|Salt Cure|p1a: Landorus\n|-damage|p1a: Landorus|52/100\n|-start|p1a: Landorus|Salt Cure\n|\n|-weather|RainDance|[upkeep]\n|-heal|p2a: Garganacl|99/100|[from] item: Leftovers\n|-damage|p1a: Landorus|40/100|[from] Salt Cure\n|upkeep\n|turn|24\n|\n|t:|1695165807\n|move|p1a: Landorus|U-turn|p2a: Garganacl\n|-damage|p2a: Garganacl|91/100\n|-message|Y8shikage forfeited.\n|\n|win|Markonwindows\n|raw|Y8shikage's rating: 1533 &rarr; <strong>1510</strong><br />(-23 for losing)\n|raw|Markonwindows's rating: 1472 &rarr; <strong>1495</strong><br />(+23 for winning)\n|l|\u2606Y8shikage\n", "uploadtime": 1695165821, "views": 3, "p1id": "y8shikage", "p2id": "markonwindows", "formatid": "gen9ou", "rating": 1495, "private": 0, "password": ""}