{"id": "gen9ou-1947580693", "p1": "Pokex265", "p2": "Trashboataro", "format": "gen9ou", "log": "|j|\u2606Pokex265\n|j|\u2606Trashboataro\n|t:|1695174593\n|gametype|singles\n|player|p1|Pokex265|ethan|1172\n|player|p2|Trashboataro|cheryl|1186\n|teamsize|p1|6\n|teamsize|p2|6\n|gen|9\n|tier|[Gen 9] OU\n|rated|\n|rule|Sleep Clause Mod: Limit one foe put to sleep\n|rule|Species Clause: Limit one of each Pok\u00e9mon\n|rule|OHKO Clause: OHKO moves are banned\n|rule|Evasion Items Clause: Evasion items are banned\n|rule|Evasion Moves Clause: Evasion moves are banned\n|rule|Endless Battle Clause: Forcing endless battles is banned\n|rule|HP Percentage Mod: HP is shown in percentages\n|clearpoke\n|poke|p1|Hatterene, F|\n|poke|p1|Mandibuzz, F|\n|poke|p1|Goodra-Hisui, M|\n|poke|p1|Okidogi, M|\n|poke|p1|Zoroark-Hisui, M|\n|poke|p1|Rotom-Wash|\n|poke|p2|Fezandipiti, M|\n|poke|p2|Munkidori, M|\n|poke|p2|Okidogi, M|\n|poke|p2|Ursaluna-Bloodmoon, M|\n|poke|p2|Ogerpon-Hearthflame, F|\n|poke|p2|Zamazenta-*|\n|teampreview\n|inactive|Battle timer is ON: inactive players will automatically lose when time's up. (requested by Trashboataro)\n|inactive|Pokex265 has 120 seconds left.\n|\n|t:|1695174631\n|start\n|switch|p1a: Rotom|Rotom-Wash|100/100\n|switch|p2a: Ursaluna|Ursaluna-Bloodmoon, M|100/100\n|turn|1\n|\n|t:|1695174641\n|move|p1a: Rotom|Hydro Pump|p2a: Ursaluna\n|-supereffective|p2a: Ursaluna\n|-damage|p2a: Ursaluna|0 fnt\n|faint|p2a: Ursaluna\n|\n|upkeep\n|\n|t:|1695174653\n|switch|p2a: Ogerpon|Ogerpon-Hearthflame, F|100/100\n|-ability|p2a: Ogerpon|Mold Breaker\n|turn|2\n|\n|t:|1695174658\n|move|p1a: Rotom|Hydro Pump|p2a: Ogerpon\n|-damage|p2a: Ogerpon|39/100\n|move|p2a: Ogerpon|Seed Bomb|p1a: Rotom\n|-supereffective|p1a: Rotom\n|-damage|p1a: Rotom|0 fnt\n|faint|p1a: Rotom\n|\n|upkeep\n|\n|t:|1695174664\n|switch|p1a: Goodra|Goodra-Hisui, M|100/100\n|turn|3\n|\n|t:|1695174669\n|move|p2a: Ogerpon|Ivy Cudgel|p1a: Goodra\n|-damage|p1a: Goodra|61/100\n|move|p1a: Goodra|Acid Armor|p1a: Goodra\n|-boost|p1a: Goodra|def|2\n|\n|-heal|p1a: Goodra|67/100|[from] item: Leftovers\n|upkeep\n|turn|4\n|\n|t:|1695174677\n|move|p2a: Ogerpon|Encore|p1a: Goodra\n|-start|p1a: Goodra|Encore\n|move|p1a: Goodra|Acid Armor|p1a: Goodra\n|-boost|p1a: Goodra|def|2\n|\n|-heal|p1a: Goodra|73/100|[from] item: Leftovers\n|upkeep\n|turn|5\n|\n|t:|1695174695\n|switch|p2a: Zamazenta|Zamazenta, shiny|100/100\n|-ability|p2a: Zamazenta|Dauntless Shield|boost\n|-boost|p2a: Zamazenta|def|1\n|move|p1a: Goodra|Acid Armor|p1a: Goodra\n|-boost|p1a: Goodra|def|2\n|\n|-heal|p1a: Goodra|79/100|[from] item: Leftovers\n|upkeep\n|turn|6\n|\n|t:|1695174704\n|switch|p1a: Mandibuzz|Mandibuzz, F|100/100\n|move|p2a: Zamazenta|Roar|p1a: Mandibuzz\n|drag|p1a: Mandibuzz|Mandibuzz, F|100/100\n|\n|upkeep\n|turn|7\n|\n|t:|1695174715\n|switch|p1a: HugeMilkers|Hatterene, F|100/100\n|move|p2a: Zamazenta|Iron Head|p1a: HugeMilkers\n|-supereffective|p1a: HugeMilkers\n|-damage|p1a: HugeMilkers|59/100\n|\n|-heal|p1a: HugeMilkers|65/100|[from] item: Leftovers\n|upkeep\n|turn|8\n|\n|t:|1695174724\n|move|p2a: Zamazenta|Iron Head|p1a: HugeMilkers\n|-supereffective|p1a: HugeMilkers\n|-damage|p1a: HugeMilkers|18/100\n|cant|p1a: HugeMilkers|flinch\n|\n|-heal|p1a: HugeMilkers|24/100|[from] item: Leftovers\n|upkeep\n|turn|9\n|c|\u2606Pokex265|really?!!\n|\n|t:|1695174740\n|switch|p1a: Mandibuzz|Mandibuzz, F|100/100\n|move|p2a: Zamazenta|Iron Head|p1a: Mandibuzz\n|-damage|p1a: Mandibuzz|84/100\n|\n|-heal|p1a: Mandibuzz|90/100|[from] item: Leftovers\n|upkeep\n|turn|10\n|\n|t:|1695174752\n|move|p2a: Zamazenta|Iron Head|p1a: Mandibuzz\n|-damage|p1a: Mandibuzz|75/100\n|cant|p1a: Mandibuzz|flinch\n|\n|-heal|p1a: Mandibuzz|81/100|[from] item: Leftovers\n|upkeep\n|turn|11\n|\n|t:|1695174759\n|move|p2a: Zamazenta|Iron Head|p1a: Mandibuzz\n|-damage|p1a: Mandibuzz|67/100\n|move|p1a: Mandibuzz|Toxic|p2a: Zamazenta\n|-status|p2a: Zamazenta|tox\n|\n|-heal|p1a: Mandibuzz|73/100|[from] item: Leftovers\n|-damage|p2a: Zamazenta|94/100 tox|[from] psn\n|upkeep\n|turn|12\n|\n|t:|1695174768\n|move|p2a: Zamazenta|Iron Head|p1a: Mandibuzz\n|-damage|p1a: Mandibuzz|57/100\n|move|p1a: Mandibuzz|Roost|p1a: Mandibuzz\n|-heal|p1a: Mandibuzz|100/100\n|-singleturn|p1a: Mandibuzz|move: Roost\n|\n|-damage|p2a: Zamazenta|82/100 tox|[from] psn\n|upkeep\n|turn|13\n|\n|t:|1695174778\n|switch|p1a: Goodra|Goodra-Hisui, M|79/100\n|move|p2a: Zamazenta|Iron Head|p1a: Goodra\n|-resisted|p1a: Goodra\n|-damage|p1a: Goodra|69/100\n|\n|-heal|p1a: Goodra|75/100|[from] item: Leftovers\n|-damage|p2a: Zamazenta|64/100 tox|[from] psn\n|upkeep\n|turn|14\n|\n|t:|1695174788\n|switch|p1a: Goodra|Goodra-Hisui, M|100/100\n|move|p2a: Zamazenta|Roar|p1a: Goodra\n|drag|p1a: Goodra|Goodra-Hisui, M|75/100\n|\n|-heal|p1a: Goodra|81/100|[from] item: Leftovers\n|-damage|p2a: Zamazenta|39/100 tox|[from] psn\n|upkeep\n|turn|15\n|\n|t:|1695174801\n|switch|p1a: Mandibuzz|Mandibuzz, F|100/100\n|move|p2a: Zamazenta|Reversal|p1a: Mandibuzz\n|-damage|p1a: Mandibuzz|88/100\n|\n|-heal|p1a: Mandibuzz|95/100|[from] item: Leftovers\n|-damage|p2a: Zamazenta|8/100 tox|[from] psn\n|upkeep\n|-enditem|p2a: Zamazenta|Liechi Berry|[eat]\n|-boost|p2a: Zamazenta|atk|1|[from] item: Liechi Berry\n|turn|16\n|\n|t:|1695174812\n|move|p2a: Zamazenta|Reversal|p1a: Mandibuzz\n|-damage|p1a: Mandibuzz|35/100\n|move|p1a: Mandibuzz|Roost|p1a: Mandibuzz\n|-heal|p1a: Mandibuzz|85/100\n|-singleturn|p1a: Mandibuzz|move: Roost\n|\n|-heal|p1a: Mandibuzz|91/100|[from] item: Leftovers\n|-damage|p2a: Zamazenta|0 fnt|[from] psn\n|faint|p2a: Zamazenta\n|upkeep\n|\n|t:|1695174824\n|switch|p2a: Ogerpon|Ogerpon-Hearthflame, F|39/100\n|-ability|p2a: Ogerpon|Mold Breaker\n|turn|17\n|\n|t:|1695174831\n|switch|p1a: HugeMilkers|Hatterene, F|24/100\n|move|p2a: Ogerpon|Encore||[still]\n|-fail|p2a: Ogerpon\n|\n|-heal|p1a: HugeMilkers|30/100|[from] item: Leftovers\n|upkeep\n|turn|18\n|\n|t:|1695174839\n|switch|p1a: Mandibuzz|Mandibuzz, F|91/100\n|move|p2a: Ogerpon|Ivy Cudgel|p1a: Mandibuzz\n|-damage|p1a: Mandibuzz|59/100\n|\n|-heal|p1a: Mandibuzz|65/100|[from] item: Leftovers\n|upkeep\n|turn|19\n|\n|t:|1695174850\n|move|p2a: Ogerpon|Ivy Cudgel|p1a: Mandibuzz\n|-damage|p1a: Mandibuzz|31/100\n|move|p1a: Mandibuzz|Foul Play|p2a: Ogerpon\n|-damage|p2a: Ogerpon|0 fnt\n|faint|p2a: Ogerpon\n|\n|-heal|p1a: Mandibuzz|37/100|[from] item: Leftovers\n|upkeep\n|\n|t:|1695174859\n|switch|p2a: Fezandipiti|Fezandipiti, M|100/100\n|turn|20\n|\n|t:|1695174866\n|switch|p1a: HugeMilkers|Hatterene, F|30/100\n|move|p2a: Fezandipiti|Moonblast|p1a: HugeMilkers\n|-damage|p1a: HugeMilkers|4/100\n|-unboost|p1a: HugeMilkers|spa|1\n|\n|-heal|p1a: HugeMilkers|10/100|[from] item: Leftovers\n|upkeep\n|turn|21\n|\n|t:|1695174877\n|move|p2a: Fezandipiti|Poison Tail|p1a: HugeMilkers\n|-supereffective|p1a: HugeMilkers\n|-damage|p1a: HugeMilkers|0 fnt\n|faint|p1a: HugeMilkers\n|\n|upkeep\n|\n|t:|1695174882\n|switch|p1a: Okidogi|Okidogi, M|100/100\n|turn|22\n|\n|t:|1695174891\n|move|p1a: Okidogi|Bulk Up|p1a: Okidogi\n|-boost|p1a: Okidogi|atk|1\n|-boost|p1a: Okidogi|def|1\n|move|p2a: Fezandipiti|Dual Wingbeat|p1a: Okidogi\n|-supereffective|p1a: Okidogi\n|-damage|p1a: Okidogi|84/100\n|-supereffective|p1a: Okidogi\n|-damage|p1a: Okidogi|66/100\n|-hitcount|p1a: Okidogi|2\n|\n|-heal|p1a: Okidogi|72/100|[from] item: Black Sludge\n|upkeep\n|turn|23\n|\n|t:|1695174902\n|move|p1a: Okidogi|High Horsepower|p2a: Fezandipiti\n|-supereffective|p2a: Fezandipiti\n|-damage|p2a: Fezandipiti|0 fnt\n|faint|p2a: Fezandipiti\n|\n|-heal|p1a: Okidogi|78/100|[from] item: Black Sludge\n|upkeep\n|\n|t:|1695174909\n|switch|p2a: Munkidori|Munkidori, M|100/100\n|turn|24\n|\n|t:|1695174916\n|-terastallize|p1a: Okidogi|Dark\n|move|p2a: Munkidori|Psyshock|p1a: Okidogi\n|-immune|p1a: Okidogi\n|move|p1a: Okidogi|High Horsepower|p2a: Munkidori\n|-supereffective|p2a: Munkidori\n|-damage|p2a: Munkidori|0 fnt\n|faint|p2a: Munkidori\n|\n|-damage|p1a: Okidogi|66/100|[from] item: Black Sludge\n|upkeep\n|\n|t:|1695174928\n|switch|p2a: Okidogi|Okidogi, M|100/100\n|turn|25\n|\n|t:|1695174936\n|move|p1a: Okidogi|High Horsepower|p2a: Okidogi\n|-supereffective|p2a: Okidogi\n|-damage|p2a: Okidogi|29/100\n|move|p2a: Okidogi|Close Combat|p1a: Okidogi\n|-supereffective|p1a: Okidogi\n|-damage|p1a: Okidogi|0 fnt\n|-unboost|p2a: Okidogi|def|1\n|-unboost|p2a: Okidogi|spd|1\n|faint|p1a: Okidogi\n|\n|upkeep\n|\n|t:|1695174945\n|switch|p1a: Mandibuzz|Mandibuzz, F|100/100\n|turn|26\n|\n|t:|1695174954\n|-terastallize|p2a: Okidogi|Ground\n|move|p1a: Mandibuzz|Body Slam|p2a: Okidogi\n|-damage|p2a: Okidogi|0 fnt\n|faint|p2a: Okidogi\n|\n|win|Pokex265\n|raw|Pokex265's rating: 1172 &rarr; <strong>1198</strong><br />(+26 for winning)\n|raw|Trashboataro's rating: 1186 &rarr; <strong>1160</strong><br />(-26 for losing)\n|l|\u2606Trashboataro\n", "uploadtime": 1695174969, "views": 3, "p1id": "pokex265", "p2id": "trashboataro", "formatid": "gen9ou", "rating": 1160, "private": 0, "password": ""}