{"id": "gen9ou-1947558476", "p1": "Chartwig", "p2": "2kmules", "format": "gen9ou", "log": "|j|\u2606Chartwig\n|j|\u26062kmules\n|t:|1695172435\n|gametype|singles\n|player|p1|Chartwig|hilbert|1410\n|player|p2|2kmules|101|1399\n|teamsize|p1|6\n|teamsize|p2|6\n|gen|9\n|tier|[Gen 9] OU\n|rated|\n|rule|Sleep Clause Mod: Limit one foe put to sleep\n|rule|Species Clause: Limit one of each Pok\u00e9mon\n|rule|OHKO Clause: OHKO moves are banned\n|rule|Evasion Items Clause: Evasion items are banned\n|rule|Evasion Moves Clause: Evasion moves are banned\n|rule|Endless Battle Clause: Forcing endless battles is banned\n|rule|HP Percentage Mod: HP is shown in percentages\n|clearpoke\n|poke|p1|Ninetales-Alola, F|\n|poke|p1|Ogerpon-Wellspring, F|\n|poke|p1|Iron Moth|\n|poke|p1|Piloswine, M|\n|poke|p1|Great Tusk|\n|poke|p1|Manaphy|\n|poke|p2|Cinderace, F|\n|poke|p2|Gliscor, F|\n|poke|p2|Ursaluna-Bloodmoon, M|\n|poke|p2|Gholdengo|\n|poke|p2|Great Tusk|\n|poke|p2|Enamorus, F|\n|teampreview\n|\n|t:|1695172451\n|start\n|switch|p1a: Manaphy|Manaphy|100/100\n|switch|p2a: Ursaluna|Ursaluna-Bloodmoon, M|100/100\n|turn|1\n|\n|t:|1695172462\n|-terastallize|p2a: Ursaluna|Normal\n|move|p1a: Manaphy|Surf|p2a: Ursaluna\n|-damage|p2a: Ursaluna|57/100\n|move|p2a: Ursaluna|Blood Moon|p1a: Manaphy\n|-damage|p1a: Manaphy|0 fnt\n|faint|p1a: Manaphy\n|\n|-heal|p2a: Ursaluna|63/100|[from] item: Leftovers\n|upkeep\n|\n|t:|1695172479\n|switch|p1a: Great Tusk|Great Tusk|100/100\n|turn|2\n|\n|t:|1695172495\n|switch|p2a: Enamorus|Enamorus, F|100/100\n|move|p1a: Great Tusk|Ice Spinner|p2a: Enamorus\n|-supereffective|p2a: Enamorus\n|-damage|p2a: Enamorus|6/100\n|\n|upkeep\n|turn|3\n|\n|t:|1695172507\n|-end|p1a: Great Tusk|Protosynthesis|[silent]\n|switch|p1a: Piloswine|Piloswine, M|100/100\n|move|p2a: Enamorus|Moonblast|p1a: Piloswine\n|-damage|p1a: Piloswine|35/100\n|\n|upkeep\n|turn|4\n|\n|t:|1695172510\n|move|p1a: Piloswine|Ice Shard|p2a: Enamorus\n|-supereffective|p2a: Enamorus\n|-damage|p2a: Enamorus|0 fnt\n|faint|p2a: Enamorus\n|\n|upkeep\n|\n|t:|1695172528\n|switch|p2a: Cinderace|Cinderace, F|100/100\n|turn|5\n|\n|t:|1695172533\n|move|p2a: Cinderace|Pyro Ball|p1a: Piloswine\n|-supereffective|p1a: Piloswine\n|-damage|p1a: Piloswine|0 fnt\n|faint|p1a: Piloswine\n|\n|upkeep\n|\n|t:|1695172540\n|switch|p1a: Great Tusk|Great Tusk|100/100\n|turn|6\n|\n|t:|1695172545\n|move|p2a: Cinderace|U-turn|p1a: Great Tusk\n|-start|p2a: Cinderace|typechange|Bug|[from] ability: Libero\n|-resisted|p1a: Great Tusk\n|-damage|p1a: Great Tusk|88/100\n|\n|t:|1695172555\n|switch|p2a: Great Tusk|Great Tusk|100/100|[from] U-turn\n|move|p1a: Great Tusk|Rapid Spin|p2a: Great Tusk\n|-damage|p2a: Great Tusk|88/100\n|-boost|p1a: Great Tusk|spe|1\n|\n|upkeep\n|turn|7\n|\n|t:|1695172561\n|move|p1a: Great Tusk|Ice Spinner|p2a: Great Tusk\n|-supereffective|p2a: Great Tusk\n|-damage|p2a: Great Tusk|48/100\n|move|p2a: Great Tusk|Ice Spinner|p1a: Great Tusk\n|-supereffective|p1a: Great Tusk\n|-damage|p1a: Great Tusk|46/100\n|\n|upkeep\n|turn|8\n|\n|t:|1695172566\n|move|p1a: Great Tusk|Ice Spinner|p2a: Great Tusk\n|-supereffective|p2a: Great Tusk\n|-damage|p2a: Great Tusk|5/100\n|move|p2a: Great Tusk|Ice Spinner|p1a: Great Tusk\n|-supereffective|p1a: Great Tusk\n|-damage|p1a: Great Tusk|2/100\n|\n|upkeep\n|turn|9\n|\n|t:|1695172572\n|move|p1a: Great Tusk|Ice Spinner|p2a: Great Tusk\n|-supereffective|p2a: Great Tusk\n|-damage|p2a: Great Tusk|0 fnt\n|faint|p2a: Great Tusk\n|-end|p2a: Great Tusk|Protosynthesis|[silent]\n|\n|upkeep\n|\n|t:|1695172587\n|switch|p2a: Gholdengo|Gholdengo|100/100\n|turn|10\n|\n|t:|1695172611\n|move|p1a: Great Tusk|Headlong Rush|p2a: Gholdengo\n|-supereffective|p2a: Gholdengo\n|-damage|p2a: Gholdengo|0 fnt\n|-unboost|p1a: Great Tusk|def|1\n|-unboost|p1a: Great Tusk|spd|1\n|faint|p2a: Gholdengo\n|\n|upkeep\n|\n|t:|1695172618\n|switch|p2a: Gliscor|Gliscor, F|100/100\n|turn|11\n|\n|t:|1695172648\n|move|p1a: Great Tusk|Ice Spinner|p2a: Gliscor\n|-supereffective|p2a: Gliscor\n|-damage|p2a: Gliscor|12/100\n|move|p2a: Gliscor|Facade|p1a: Great Tusk\n|-damage|p1a: Great Tusk|0 fnt\n|faint|p1a: Great Tusk\n|-end|p1a: Great Tusk|Protosynthesis|[silent]\n|\n|-status|p2a: Gliscor|tox|[from] item: Toxic Orb\n|upkeep\n|\n|t:|1695172655\n|switch|p1a: Ninetales|Ninetales-Alola, F|100/100\n|-weather|Snow|[from] ability: Snow Warning|[of] p1a: Ninetales\n|turn|12\n|\n|t:|1695172664\n|move|p1a: Ninetales|Aurora Veil|p1a: Ninetales\n|-sidestart|p1: Chartwig|move: Aurora Veil\n|move|p2a: Gliscor|Facade|p1a: Ninetales\n|-damage|p1a: Ninetales|88/100\n|\n|-weather|Snow|[upkeep]\n|-heal|p2a: Gliscor|24/100 tox|[from] ability: Poison Heal\n|upkeep\n|turn|13\n|\n|t:|1695172687\n|switch|p2a: Cinderace|Cinderace, F|100/100\n|move|p1a: Ninetales|Moonblast|p2a: Cinderace\n|-resisted|p2a: Cinderace\n|-damage|p2a: Cinderace|79/100\n|-unboost|p2a: Cinderace|spa|1\n|\n|-weather|Snow|[upkeep]\n|upkeep\n|turn|14\n|\n|t:|1695172699\n|move|p2a: Cinderace|Court Change|p2a: Cinderace\n|-start|p2a: Cinderace|typechange|Normal|[from] ability: Libero\n|-swapsideconditions\n|-activate|p2a: Cinderace|move: Court Change\n|move|p1a: Ninetales|Hypnosis|p2a: Cinderace\n|-status|p2a: Cinderace|slp|[from] move: Hypnosis\n|\n|-weather|Snow|[upkeep]\n|upkeep\n|turn|15\n|\n|t:|1695172710\n|switch|p2a: Ursaluna|Ursaluna-Bloodmoon, M, tera:Normal|63/100\n|move|p1a: Ninetales|Aurora Veil|p1a: Ninetales\n|-sidestart|p1: Chartwig|move: Aurora Veil\n|\n|-weather|Snow|[upkeep]\n|-heal|p2a: Ursaluna|69/100|[from] item: Leftovers\n|upkeep\n|turn|16\n|\n|t:|1695172718\n|move|p1a: Ninetales|Moonblast|p2a: Ursaluna\n|-damage|p2a: Ursaluna|53/100\n|move|p2a: Ursaluna|Calm Mind|p2a: Ursaluna\n|-boost|p2a: Ursaluna|spa|1\n|-boost|p2a: Ursaluna|spd|1\n|\n|-weather|none\n|-heal|p2a: Ursaluna|59/100|[from] item: Leftovers\n|upkeep\n|turn|17\n|\n|t:|1695172741\n|move|p1a: Ninetales|Snowscape|p1a: Ninetales\n|-weather|Snow\n|move|p2a: Ursaluna|Calm Mind|p2a: Ursaluna\n|-boost|p2a: Ursaluna|spa|1\n|-boost|p2a: Ursaluna|spd|1\n|\n|-weather|Snow|[upkeep]\n|-heal|p2a: Ursaluna|65/100|[from] item: Leftovers\n|upkeep\n|turn|18\n|\n|t:|1695172746\n|move|p1a: Ninetales|Moonblast|p2a: Ursaluna\n|-damage|p2a: Ursaluna|58/100\n|move|p2a: Ursaluna|Blood Moon|p1a: Ninetales\n|-damage|p1a: Ninetales|0 fnt\n|faint|p1a: Ninetales\n|\n|-weather|Snow|[upkeep]\n|-heal|p2a: Ursaluna|64/100|[from] item: Leftovers\n|upkeep\n|\n|t:|1695172749\n|switch|p1a: Ogerpon|Ogerpon-Wellspring, F|100/100\n|turn|19\n|\n|t:|1695172755\n|-terastallize|p1a: Ogerpon|Water\n|detailschange|p1a: Ogerpon|Ogerpon-Wellspring-Tera, F, tera:Water\n|-ability|p1a: Ogerpon|Embody Aspect (Wellspring)|boost\n|-boost|p1a: Ogerpon|spd|1\n|move|p1a: Ogerpon|Ivy Cudgel|p2a: Ursaluna\n|-damage|p2a: Ursaluna|37/100\n|move|p2a: Ursaluna|Calm Mind|p2a: Ursaluna\n|-boost|p2a: Ursaluna|spa|1\n|-boost|p2a: Ursaluna|spd|1\n|\n|-weather|Snow|[upkeep]\n|-heal|p2a: Ursaluna|43/100|[from] item: Leftovers\n|-sideend|p2: 2kmules|move: Aurora Veil\n|upkeep\n|turn|20\n|\n|t:|1695172761\n|move|p1a: Ogerpon|Ivy Cudgel|p2a: Ursaluna\n|-damage|p2a: Ursaluna|0 fnt\n|faint|p2a: Ursaluna\n|\n|-weather|Snow|[upkeep]\n|upkeep\n|\n|t:|1695172772\n|switch|p2a: Gliscor|Gliscor, F|24/100 tox\n|turn|21\n|\n|t:|1695172775\n|move|p1a: Ogerpon|Ivy Cudgel|p2a: Gliscor\n|-supereffective|p2a: Gliscor\n|-crit|p2a: Gliscor\n|-damage|p2a: Gliscor|0 fnt\n|faint|p2a: Gliscor\n|\n|-weather|none\n|upkeep\n|-message|2kmules forfeited.\n|\n|win|Chartwig\n|raw|Chartwig's rating: 1435 &rarr; <strong>1453</strong><br />(+18 for winning)\n|raw|2kmules's rating: 1399 &rarr; <strong>1381</strong><br />(-18 for losing)\n|l|\u26062kmules\n", "uploadtime": 1695172782, "views": 5, "p1id": "chartwig", "p2id": "2kmules", "formatid": "gen9ou", "rating": 1381, "private": 0, "password": ""}