{"id": "gen9ou-1947527771", "p1": "hogan's castle 96", "p2": "yayou", "format": "gen9ou", "log": "|j|\u2606hogan's castle 96\n|j|\u2606yayou\n|t:|1695169455\n|gametype|singles\n|player|p1|hogan's castle 96|170|1230\n|player|p2|yayou|volkner|1154\n|teamsize|p1|6\n|teamsize|p2|6\n|gen|9\n|tier|[Gen 9] OU\n|rated|\n|rule|Sleep Clause Mod: Limit one foe put to sleep\n|rule|Species Clause: Limit one of each Pok\u00e9mon\n|rule|OHKO Clause: OHKO moves are banned\n|rule|Evasion Items Clause: Evasion items are banned\n|rule|Evasion Moves Clause: Evasion moves are banned\n|rule|Endless Battle Clause: Forcing endless battles is banned\n|rule|HP Percentage Mod: HP is shown in percentages\n|clearpoke\n|poke|p1|Glimmora, F|\n|poke|p1|Garchomp, F|\n|poke|p1|Enamorus, F|\n|poke|p1|Gliscor, M|\n|poke|p1|Great Tusk|\n|poke|p1|Ogerpon-Hearthflame, F|\n|poke|p2|Iron Valiant|\n|poke|p2|Kingambit, M|\n|poke|p2|Okidogi, M|\n|poke|p2|Pelipper, M|\n|poke|p2|Basculegion, M|\n|poke|p2|Goodra-Hisui, F|\n|teampreview\n|inactive|Battle timer is ON: inactive players will automatically lose when time's up. (requested by hogan's castle 96)\n|\n|t:|1695169461\n|start\n|switch|p1a: Glimmora|Glimmora, F|100/100\n|switch|p2a: Pelipper|Pelipper, M|100/100\n|-weather|RainDance|[from] ability: Drizzle|[of] p2a: Pelipper\n|turn|1\n|\n|t:|1695169472\n|switch|p2a: Goodra|Goodra-Hisui, F, shiny|100/100\n|move|p1a: Glimmora|Stealth Rock|p2a: Goodra\n|-sidestart|p2: yayou|move: Stealth Rock\n|\n|-weather|RainDance|[upkeep]\n|upkeep\n|turn|2\n|\n|t:|1695169477\n|move|p1a: Glimmora|Earth Power|p2a: Goodra\n|-supereffective|p2a: Goodra\n|-damage|p2a: Goodra|72/100\n|move|p2a: Goodra|Flash Cannon|p1a: Glimmora\n|-supereffective|p1a: Glimmora\n|-enditem|p1a: Glimmora|Focus Sash\n|-damage|p1a: Glimmora|1/100\n|\n|-weather|RainDance|[upkeep]\n|upkeep\n|turn|3\n|\n|t:|1695169484\n|move|p1a: Glimmora|Earth Power|p2a: Goodra\n|-supereffective|p2a: Goodra\n|-damage|p2a: Goodra|46/100\n|move|p2a: Goodra|Dragon Pulse|p1a: Glimmora\n|-damage|p1a: Glimmora|0 fnt\n|faint|p1a: Glimmora\n|\n|-weather|RainDance|[upkeep]\n|upkeep\n|\n|t:|1695169494\n|switch|p1a: Enamorus|Enamorus, F|100/100\n|turn|4\n|\n|t:|1695169497\n|move|p1a: Enamorus|Superpower|p2a: Goodra\n|-supereffective|p2a: Goodra\n|-damage|p2a: Goodra|0 fnt\n|-boost|p1a: Enamorus|atk|1\n|-boost|p1a: Enamorus|def|1\n|faint|p2a: Goodra\n|\n|-weather|RainDance|[upkeep]\n|upkeep\n|\n|t:|1695169501\n|switch|p2a: Basculegion|Basculegion, M|100/100\n|-damage|p2a: Basculegion|88/100|[from] Stealth Rock\n|turn|5\n|\n|t:|1695169512\n|move|p2a: Basculegion|Wave Crash|p1a: Enamorus\n|-damage|p1a: Enamorus|0 fnt\n|faint|p1a: Enamorus\n|-damage|p2a: Basculegion|63/100|[from] Recoil\n|-damage|p2a: Basculegion|53/100|[from] item: Life Orb\n|\n|-weather|RainDance|[upkeep]\n|upkeep\n|\n|t:|1695169525\n|switch|p1a: Great Tusk|Great Tusk|100/100\n|-enditem|p1a: Great Tusk|Booster Energy\n|-activate|p1a: Great Tusk|ability: Protosynthesis|[fromitem]\n|-start|p1a: Great Tusk|protosynthesisdef\n|turn|6\n|\n|t:|1695169531\n|-terastallize|p1a: Great Tusk|Water\n|move|p2a: Basculegion|Wave Crash|p1a: Great Tusk\n|-resisted|p1a: Great Tusk\n|-crit|p1a: Great Tusk\n|-damage|p1a: Great Tusk|59/100\n|-damage|p2a: Basculegion|40/100|[from] Recoil\n|-damage|p2a: Basculegion|30/100|[from] item: Life Orb\n|move|p1a: Great Tusk|Knock Off|p2a: Basculegion\n|-supereffective|p2a: Basculegion\n|-damage|p2a: Basculegion|0 fnt\n|-enditem|p2a: Basculegion|Life Orb|[from] move: Knock Off|[of] p1a: Great Tusk\n|faint|p2a: Basculegion\n|\n|-weather|RainDance|[upkeep]\n|upkeep\n|\n|t:|1695169542\n|switch|p2a: Pelipper|Pelipper, M|100/100\n|-damage|p2a: Pelipper|76/100|[from] Stealth Rock\n|turn|7\n|\n|t:|1695169547\n|move|p1a: Great Tusk|Knock Off|p2a: Pelipper\n|-crit|p2a: Pelipper\n|-damage|p2a: Pelipper|33/100\n|-enditem|p2a: Pelipper|Damp Rock|[from] move: Knock Off|[of] p1a: Great Tusk\n|move|p2a: Pelipper|Hurricane|p1a: Great Tusk\n|-damage|p1a: Great Tusk|0 fnt\n|faint|p1a: Great Tusk\n|-end|p1a: Great Tusk|Protosynthesis|[silent]\n|\n|-weather|RainDance|[upkeep]\n|upkeep\n|\n|t:|1695169558\n|switch|p1a: Garchomp|Garchomp, F|100/100\n|turn|8\n|\n|t:|1695169565\n|move|p1a: Garchomp|Scale Shot|p2a: Pelipper\n|-damage|p2a: Pelipper|19/100\n|-damage|p2a: Pelipper|6/100\n|-damage|p2a: Pelipper|0 fnt\n|faint|p2a: Pelipper\n|-hitcount|p2: Pelipper|3\n|-unboost|p1a: Garchomp|def|1\n|-boost|p1a: Garchomp|spe|1\n|\n|-weather|none\n|upkeep\n|\n|t:|1695169570\n|switch|p2a: Iron Valiant|Iron Valiant|100/100\n|-damage|p2a: Iron Valiant|94/100|[from] Stealth Rock\n|-enditem|p2a: Iron Valiant|Booster Energy\n|-activate|p2a: Iron Valiant|ability: Quark Drive|[fromitem]\n|-start|p2a: Iron Valiant|quarkdrivespe\n|turn|9\n|\n|t:|1695169574\n|move|p2a: Iron Valiant|Moonblast|p1a: Garchomp\n|-supereffective|p1a: Garchomp\n|-damage|p1a: Garchomp|4/100\n|move|p1a: Garchomp|Iron Head|p2a: Iron Valiant\n|-supereffective|p2a: Iron Valiant\n|-damage|p2a: Iron Valiant|24/100\n|\n|upkeep\n|turn|10\n|\n|t:|1695169580\n|move|p2a: Iron Valiant|Moonblast|p1a: Garchomp\n|-supereffective|p1a: Garchomp\n|-damage|p1a: Garchomp|0 fnt\n|faint|p1a: Garchomp\n|\n|upkeep\n|\n|t:|1695169583\n|switch|p1a: Gliscor|Gliscor, M|100/100\n|turn|11\n|\n|t:|1695169587\n|move|p1a: Gliscor|Protect|p1a: Gliscor\n|-singleturn|p1a: Gliscor|Protect\n|move|p2a: Iron Valiant|Moonblast|p1a: Gliscor\n|-activate|p1a: Gliscor|move: Protect\n|\n|-status|p1a: Gliscor|tox|[from] item: Toxic Orb\n|upkeep\n|turn|12\n|\n|t:|1695169593\n|move|p2a: Iron Valiant|Moonblast|p1a: Gliscor\n|-damage|p1a: Gliscor|62/100 tox\n|move|p1a: Gliscor|Earthquake|p2a: Iron Valiant\n|-damage|p2a: Iron Valiant|0 fnt\n|faint|p2a: Iron Valiant\n|-end|p2a: Iron Valiant|Quark Drive|[silent]\n|\n|-heal|p1a: Gliscor|75/100 tox|[from] ability: Poison Heal\n|upkeep\n|\n|t:|1695169600\n|switch|p2a: Okidogi|Okidogi, M|100/100\n|-damage|p2a: Okidogi|94/100|[from] Stealth Rock\n|turn|13\n|\n|t:|1695169605\n|move|p1a: Gliscor|Protect|p1a: Gliscor\n|-singleturn|p1a: Gliscor|Protect\n|move|p2a: Okidogi|Bulk Up|p2a: Okidogi\n|-boost|p2a: Okidogi|atk|1\n|-boost|p2a: Okidogi|def|1\n|\n|-heal|p2a: Okidogi|100/100|[from] item: Leftovers\n|-heal|p1a: Gliscor|87/100 tox|[from] ability: Poison Heal\n|upkeep\n|turn|14\n|\n|t:|1695169609\n|move|p1a: Gliscor|Knock Off|p2a: Okidogi\n|-resisted|p2a: Okidogi\n|-damage|p2a: Okidogi|96/100\n|-enditem|p2a: Okidogi|Leftovers|[from] move: Knock Off|[of] p1a: Gliscor\n|move|p2a: Okidogi|Bulk Up|p2a: Okidogi\n|-boost|p2a: Okidogi|atk|1\n|-boost|p2a: Okidogi|def|1\n|\n|-heal|p1a: Gliscor|99/100 tox|[from] ability: Poison Heal\n|upkeep\n|turn|15\n|\n|t:|1695169615\n|move|p1a: Gliscor|Earthquake|p2a: Okidogi\n|-supereffective|p2a: Okidogi\n|-damage|p2a: Okidogi|77/100\n|move|p2a: Okidogi|Bulk Up|p2a: Okidogi\n|-boost|p2a: Okidogi|atk|1\n|-boost|p2a: Okidogi|def|1\n|\n|-heal|p1a: Gliscor|100/100 tox|[from] ability: Poison Heal\n|upkeep\n|turn|16\n|\n|t:|1695169617\n|move|p1a: Gliscor|Earthquake|p2a: Okidogi\n|-supereffective|p2a: Okidogi\n|-damage|p2a: Okidogi|61/100\n|move|p2a: Okidogi|Drain Punch|p1a: Gliscor\n|-resisted|p1a: Gliscor\n|-damage|p1a: Gliscor|68/100 tox\n|-heal|p2a: Okidogi|76/100|[from] drain|[of] p1a: Gliscor\n|\n|-heal|p1a: Gliscor|80/100 tox|[from] ability: Poison Heal\n|upkeep\n|turn|17\n|\n|t:|1695169623\n|move|p1a: Gliscor|Earthquake|p2a: Okidogi\n|-supereffective|p2a: Okidogi\n|-damage|p2a: Okidogi|60/100\n|move|p2a: Okidogi|Drain Punch|p1a: Gliscor\n|-resisted|p1a: Gliscor\n|-crit|p1a: Gliscor\n|-damage|p1a: Gliscor|36/100 tox\n|-heal|p2a: Okidogi|81/100|[from] drain|[of] p1a: Gliscor\n|\n|-heal|p1a: Gliscor|48/100 tox|[from] ability: Poison Heal\n|upkeep\n|turn|18\n|\n|t:|1695169626\n|move|p1a: Gliscor|Earthquake|p2a: Okidogi\n|-supereffective|p2a: Okidogi\n|-damage|p2a: Okidogi|65/100\n|move|p2a: Okidogi|Drain Punch|p1a: Gliscor\n|-resisted|p1a: Gliscor\n|-damage|p1a: Gliscor|16/100 tox\n|-heal|p2a: Okidogi|79/100|[from] drain|[of] p1a: Gliscor\n|\n|-heal|p1a: Gliscor|29/100 tox|[from] ability: Poison Heal\n|upkeep\n|turn|19\n|\n|t:|1695169628\n|move|p1a: Gliscor|Earthquake|p2a: Okidogi\n|-supereffective|p2a: Okidogi\n|-damage|p2a: Okidogi|63/100\n|move|p2a: Okidogi|Drain Punch|p1a: Gliscor\n|-resisted|p1a: Gliscor\n|-damage|p1a: Gliscor|0 fnt\n|-heal|p2a: Okidogi|76/100|[from] drain|[of] p1a: Gliscor\n|faint|p1a: Gliscor\n|\n|upkeep\n|\n|t:|1695169629\n|switch|p1a: Ogerpon|Ogerpon-Hearthflame, F|100/100\n|-ability|p1a: Ogerpon|Mold Breaker\n|turn|20\n|\n|t:|1695169635\n|move|p1a: Ogerpon|Spiky Shield|p1a: Ogerpon\n|-singleturn|p1a: Ogerpon|move: Protect\n|move|p2a: Okidogi|Poison Jab|p1a: Ogerpon\n|-activate|p1a: Ogerpon|move: Protect\n|-damage|p2a: Okidogi|64/100|[from] Spiky Shield|[of] p1a: Ogerpon\n|\n|upkeep\n|turn|21\n|\n|t:|1695169641\n|move|p1a: Ogerpon|Ivy Cudgel|p2a: Okidogi\n|-damage|p2a: Okidogi|49/100\n|move|p2a: Okidogi|Poison Jab|p1a: Ogerpon\n|-supereffective|p1a: Ogerpon\n|-crit|p1a: Ogerpon\n|-damage|p1a: Ogerpon|0 fnt\n|faint|p1a: Ogerpon\n|\n|win|yayou\n|raw|hogan&apos;s castle 96's rating: 1230 &rarr; <strong>1200</strong><br />(-30 for losing)\n|raw|yayou's rating: 1154 &rarr; <strong>1184</strong><br />(+30 for winning)\n|l|\u2606hogan's castle 96\n", "uploadtime": 1695169686, "views": 5, "p1id": "hoganscastle96", "p2id": "yayou", "formatid": "gen9ou", "rating": 1184, "private": 0, "password": ""}