{"id": "gen9ou-1947519589", "p1": "Gambit in the back", "p2": "behind yo mom", "format": "gen9ou", "log": "|j|\u2606Gambit in the back\n|j|\u2606behind yo mom\n|t:|1695168643\n|gametype|singles\n|player|p1|Gambit in the back|preschoolerf|1186\n|player|p2|behind yo mom|clay|1272\n|teamsize|p1|6\n|teamsize|p2|6\n|gen|9\n|tier|[Gen 9] OU\n|rated|\n|rule|Sleep Clause Mod: Limit one foe put to sleep\n|rule|Species Clause: Limit one of each Pok\u00e9mon\n|rule|OHKO Clause: OHKO moves are banned\n|rule|Evasion Items Clause: Evasion items are banned\n|rule|Evasion Moves Clause: Evasion moves are banned\n|rule|Endless Battle Clause: Forcing endless battles is banned\n|rule|HP Percentage Mod: HP is shown in percentages\n|clearpoke\n|poke|p1|Glimmora, F|\n|poke|p1|Iron Valiant|\n|poke|p1|Haxorus, M|\n|poke|p1|Kingambit, F|\n|poke|p1|Zamazenta-*|\n|poke|p1|Roaring Moon|\n|poke|p2|Ogerpon-Cornerstone, F|\n|poke|p2|Ursaluna-Bloodmoon, M|\n|poke|p2|Samurott-Hisui, F|\n|poke|p2|Conkeldurr, M|\n|poke|p2|Zapdos|\n|poke|p2|Fezandipiti, M|\n|teampreview\n|\n|t:|1695168660\n|start\n|switch|p1a: Glimmora|Glimmora, F|100/100\n|switch|p2a: Fezandipiti|Fezandipiti, M, shiny|100/100\n|turn|1\n|\n|t:|1695168671\n|move|p1a: Glimmora|Stealth Rock|p2a: Fezandipiti\n|-sidestart|p2: behind yo mom|move: Stealth Rock\n|move|p2a: Fezandipiti|Swords Dance|p2a: Fezandipiti\n|-boost|p2a: Fezandipiti|atk|2\n|\n|upkeep\n|turn|2\n|\n|t:|1695168680\n|move|p1a: Glimmora|Earth Power|p2a: Fezandipiti\n|-supereffective|p2a: Fezandipiti\n|-damage|p2a: Fezandipiti|50/100\n|move|p2a: Fezandipiti|Swords Dance|p2a: Fezandipiti\n|-boost|p2a: Fezandipiti|atk|2\n|\n|-heal|p2a: Fezandipiti|56/100|[from] item: Leftovers\n|upkeep\n|turn|3\n|l|\u2606Gambit in the back\n|player|p1|\n|inactive|Battle timer is ON: inactive players will automatically lose when time's up. (requested by behind yo mom)\n|j| Bidoof boof 2\n|l| Bidoof boof 2\n|j|\u2606Gambit in the back\n|inactive|Gambit in the back reconnected and has 140 seconds left.\n|player|p1|Gambit in the back|preschoolerf\n|\n|t:|1695168725\n|move|p1a: Glimmora|Energy Ball|p2a: Fezandipiti\n|-resisted|p2a: Fezandipiti\n|-damage|p2a: Fezandipiti|44/100\n|move|p2a: Fezandipiti|Double Kick|p1a: Glimmora\n|-damage|p1a: Glimmora|62/100\n|-activate|p1a: Glimmora|ability: Toxic Debris\n|-sidestart|p2: behind yo mom|move: Toxic Spikes\n|-damage|p1a: Glimmora|21/100\n|-activate|p1a: Glimmora|ability: Toxic Debris\n|-sidestart|p2: behind yo mom|move: Toxic Spikes\n|-hitcount|p1a: Glimmora|2\n|\n|-heal|p2a: Fezandipiti|50/100|[from] item: Leftovers\n|upkeep\n|turn|4\n|\n|t:|1695168740\n|move|p1a: Glimmora|Earth Power|p2a: Fezandipiti\n|-supereffective|p2a: Fezandipiti\n|-damage|p2a: Fezandipiti|6/100\n|move|p2a: Fezandipiti|Double Kick|p1a: Glimmora\n|-damage|p1a: Glimmora|0 fnt\n|faint|p1a: Glimmora\n|-hitcount|p1: Glimmora|1\n|\n|-heal|p2a: Fezandipiti|12/100|[from] item: Leftovers\n|upkeep\n|\n|t:|1695168764\n|switch|p1a: Roaring Moon|Roaring Moon|100/100\n|-enditem|p1a: Roaring Moon|Booster Energy\n|-activate|p1a: Roaring Moon|ability: Protosynthesis|[fromitem]\n|-start|p1a: Roaring Moon|protosynthesisatk\n|turn|5\n|\n|t:|1695168770\n|move|p1a: Roaring Moon|Earthquake|p2a: Fezandipiti\n|-supereffective|p2a: Fezandipiti\n|-damage|p2a: Fezandipiti|0 fnt\n|faint|p2a: Fezandipiti\n|\n|upkeep\n|\n|t:|1695168782\n|switch|p2a: Conkeldurr|Conkeldurr, M|100/100\n|-damage|p2a: Conkeldurr|94/100|[from] Stealth Rock\n|-status|p2a: Conkeldurr|tox\n|turn|6\n|\n|t:|1695168787\n|-terastallize|p1a: Roaring Moon|Flying\n|move|p1a: Roaring Moon|Acrobatics|p2a: Conkeldurr\n|-supereffective|p2a: Conkeldurr\n|-damage|p2a: Conkeldurr|0 fnt\n|faint|p2a: Conkeldurr\n|\n|upkeep\n|\n|t:|1695168792\n|switch|p2a: Zapdos|Zapdos|100/100\n|turn|7\n|\n|t:|1695168795\n|move|p1a: Roaring Moon|Stone Edge|p2a: Zapdos\n|-supereffective|p2a: Zapdos\n|-crit|p2a: Zapdos\n|-damage|p2a: Zapdos|0 fnt\n|faint|p2a: Zapdos\n|\n|upkeep\n|\n|t:|1695168802\n|switch|p2a: Ursaluna|Ursaluna-Bloodmoon, M|100/100\n|-damage|p2a: Ursaluna|94/100|[from] Stealth Rock\n|-status|p2a: Ursaluna|tox\n|turn|8\n|\n|t:|1695168808\n|move|p1a: Roaring Moon|Acrobatics|p2a: Ursaluna\n|-crit|p2a: Ursaluna\n|-damage|p2a: Ursaluna|13/100 tox\n|move|p2a: Ursaluna|Blood Moon|p1a: Roaring Moon\n|-damage|p1a: Roaring Moon|19/100\n|\n|-heal|p2a: Ursaluna|19/100 tox|[from] item: Leftovers\n|-damage|p2a: Ursaluna|13/100 tox|[from] psn\n|upkeep\n|turn|9\n|\n|t:|1695168813\n|move|p2a: Ursaluna|Vacuum Wave|p1a: Roaring Moon\n|-resisted|p1a: Roaring Moon\n|-damage|p1a: Roaring Moon|12/100\n|move|p1a: Roaring Moon|Acrobatics|p2a: Ursaluna\n|-damage|p2a: Ursaluna|0 fnt\n|faint|p2a: Ursaluna\n|\n|upkeep\n|\n|t:|1695168819\n|switch|p2a: Samurott|Samurott-Hisui, F|100/100\n|-damage|p2a: Samurott|88/100|[from] Stealth Rock\n|-status|p2a: Samurott|tox\n|turn|10\n|\n|t:|1695168824\n|move|p1a: Roaring Moon|Acrobatics|p2a: Samurott\n|-damage|p2a: Samurott|0 fnt\n|faint|p2a: Samurott\n|\n|upkeep\n|\n|t:|1695168827\n|switch|p2a: Ogerpon|Ogerpon-Cornerstone, F|100/100\n|-damage|p2a: Ogerpon|88/100|[from] Stealth Rock\n|-status|p2a: Ogerpon|tox\n|turn|11\n|\n|t:|1695168831\n|move|p2a: Ogerpon|Trailblaze|p1a: Roaring Moon\n|-resisted|p1a: Roaring Moon\n|-damage|p1a: Roaring Moon|0 fnt\n|-boost|p2a: Ogerpon|spe|1\n|faint|p1a: Roaring Moon\n|-end|p1a: Roaring Moon|Protosynthesis|[silent]\n|\n|-damage|p2a: Ogerpon|82/100 tox|[from] psn\n|upkeep\n|\n|t:|1695168841\n|switch|p1a: Iron Valiant|Iron Valiant|100/100\n|-enditem|p1a: Iron Valiant|Booster Energy\n|-activate|p1a: Iron Valiant|ability: Quark Drive|[fromitem]\n|-start|p1a: Iron Valiant|quarkdrivespe\n|turn|12\n|\n|t:|1695168849\n|-terastallize|p2a: Ogerpon|Rock\n|detailschange|p2a: Ogerpon|Ogerpon-Cornerstone-Tera, F, tera:Rock\n|-ability|p2a: Ogerpon|Embody Aspect (Cornerstone)|boost\n|-boost|p2a: Ogerpon|def|1\n|move|p1a: Iron Valiant|Moonblast|p2a: Ogerpon\n|-damage|p2a: Ogerpon|22/100 tox\n|move|p2a: Ogerpon|Horn Leech|p1a: Iron Valiant\n|-damage|p1a: Iron Valiant|44/100\n|-heal|p2a: Ogerpon|50/100 tox|[from] drain|[of] p1a: Iron Valiant\n|\n|-damage|p2a: Ogerpon|38/100 tox|[from] psn\n|upkeep\n|turn|13\n|\n|t:|1695168857\n|move|p1a: Iron Valiant|Moonblast|p2a: Ogerpon\n|-damage|p2a: Ogerpon|0 fnt\n|faint|p2a: Ogerpon\n|\n|win|Gambit in the back\n|raw|Gambit in the back's rating: 1159 &rarr; <strong>1192</strong><br />(+33 for winning)\n|raw|behind yo mom's rating: 1272 &rarr; <strong>1239</strong><br />(-33 for losing)\n|l|\u2606behind yo mom\n", "uploadtime": 1695168860, "views": 2, "p1id": "gambitintheback", "p2id": "behindyomom", "formatid": "gen9ou", "rating": 1192, "private": 0, "password": ""}