{"id": "gen9ou-1947573666", "p1": "lettuce5409", "p2": "S0l0w3", "format": "gen9ou", "log": "|j|\u2606lettuce5409\n|j|\u2606S0l0w3\n|t:|1695173898\n|gametype|singles\n|player|p1|lettuce5409|tuber|1194\n|player|p2|S0l0w3|hoopster|1102\n|teamsize|p1|6\n|teamsize|p2|6\n|gen|9\n|tier|[Gen 9] OU\n|rated|\n|rule|Sleep Clause Mod: Limit one foe put to sleep\n|rule|Species Clause: Limit one of each Pok\u00e9mon\n|rule|OHKO Clause: OHKO moves are banned\n|rule|Evasion Items Clause: Evasion items are banned\n|rule|Evasion Moves Clause: Evasion moves are banned\n|rule|Endless Battle Clause: Forcing endless battles is banned\n|rule|HP Percentage Mod: HP is shown in percentages\n|clearpoke\n|poke|p1|Milotic, F|\n|poke|p1|Sandy Shocks|\n|poke|p1|Clodsire, F|\n|poke|p1|Dondozo, M|\n|poke|p1|Jirachi|\n|poke|p1|Ogerpon-Hearthflame, F|\n|poke|p2|Dachsbun, F|\n|poke|p2|Kleavor, M|\n|poke|p2|Frosmoth, F|\n|poke|p2|Ariados, F|\n|poke|p2|Yanmega, M|\n|poke|p2|Vikavolt, M|\n|teampreview\n|inactive|Battle timer is ON: inactive players will automatically lose when time's up. (requested by lettuce5409)\n|c|\u2606lettuce5409|5 bugs and a dog\n|c|\u2606lettuce5409|nice\n|inactive|S0l0w3 has 120 seconds left.\n|\n|t:|1695173930\n|start\n|switch|p1a: Jirachi|Jirachi|100/100\n|switch|p2a: Kleavor|Kleavor, M, shiny|100/100\n|turn|1\n|\n|t:|1695173942\n|move|p2a: Kleavor|Night Slash|p1a: Jirachi\n|-supereffective|p1a: Jirachi\n|-damage|p1a: Jirachi|28/100\n|move|p1a: Jirachi|Reflect|p1a: Jirachi\n|-sidestart|p1: lettuce5409|Reflect\n|\n|upkeep\n|turn|2\n|\n|t:|1695173949\n|switch|p2a: Frosmoth|Frosmoth, F, shiny|100/100\n|move|p1a: Jirachi|Meteor Mash|p2a: Frosmoth\n|-supereffective|p2a: Frosmoth\n|-damage|p2a: Frosmoth|0 fnt\n|-boost|p1a: Jirachi|atk|1\n|faint|p2a: Frosmoth\n|\n|upkeep\n|\n|t:|1695173961\n|switch|p2a: Kleavor|Kleavor, M, shiny|100/100\n|turn|3\n|\n|t:|1695173968\n|move|p2a: Kleavor|X-Scissor|p1a: Jirachi\n|-damage|p1a: Jirachi|0 fnt\n|faint|p1a: Jirachi\n|\n|upkeep\n|\n|t:|1695173981\n|switch|p1a: Dondozo|Dondozo, M|100/100\n|turn|4\n|\n|t:|1695173985\n|switch|p2a: Dachsbun|Dachsbun, F, shiny|100/100\n|move|p1a: Dondozo|Liquidation|p2a: Dachsbun\n|-damage|p2a: Dachsbun|62/100\n|-damage|p1a: Dondozo|84/100|[from] item: Rocky Helmet|[of] p2a: Dachsbun\n|\n|-heal|p1a: Dondozo|90/100|[from] item: Leftovers\n|upkeep\n|turn|5\n|\n|t:|1695173994\n|move|p2a: Dachsbun|Wish|p2a: Dachsbun\n|move|p1a: Dondozo|Liquidation|p2a: Dachsbun\n|-damage|p2a: Dachsbun|26/100\n|-damage|p1a: Dondozo|74/100|[from] item: Rocky Helmet|[of] p2a: Dachsbun\n|\n|-heal|p1a: Dondozo|80/100|[from] item: Leftovers\n|-sideend|p1: lettuce5409|Reflect\n|upkeep\n|turn|6\n|\n|t:|1695174007\n|move|p2a: Dachsbun|Body Press|p1a: Dondozo\n|-damage|p1a: Dondozo|66/100\n|move|p1a: Dondozo|Liquidation|p2a: Dachsbun\n|-damage|p2a: Dachsbun|0 fnt\n|-damage|p1a: Dondozo|49/100|[from] item: Rocky Helmet|[of] p2a: Dachsbun\n|faint|p2a: Dachsbun\n|\n|-heal|p1a: Dondozo|55/100|[from] item: Leftovers\n|upkeep\n|inactive|S0l0w3 has 120 seconds left.\n|\n|t:|1695174037\n|switch|p2a: Vikavolt|Vikavolt, M, shiny|100/100\n|turn|7\n|inactive|S0l0w3 has 120 seconds left.\n|\n|t:|1695174046\n|switch|p1a: sandy socks|Sandy Shocks|100/100\n|move|p2a: Vikavolt|Bug Buzz|p1a: sandy socks\n|-damage|p1a: sandy socks|41/100\n|\n|upkeep\n|turn|8\n|\n|t:|1695174052\n|move|p1a: sandy socks|Earth Power|p2a: Vikavolt\n|-immune|p2a: Vikavolt|[from] ability: Levitate\n|move|p2a: Vikavolt|Energy Ball|p1a: sandy socks\n|-supereffective|p1a: sandy socks\n|-damage|p1a: sandy socks|0 fnt\n|faint|p1a: sandy socks\n|-end|p1a: sandy socks|Protosynthesis|[silent]\n|\n|upkeep\n|\n|t:|1695174057\n|switch|p1a: Ogerpon|Ogerpon-Hearthflame, F|100/100\n|-ability|p1a: Ogerpon|Mold Breaker\n|turn|9\n|\n|t:|1695174071\n|-terastallize|p2a: Vikavolt|Electric\n|move|p1a: Ogerpon|Ivy Cudgel|p2a: Vikavolt\n|-damage|p2a: Vikavolt|39/100\n|move|p2a: Vikavolt|Discharge|p1a: Ogerpon\n|-resisted|p1a: Ogerpon\n|-damage|p1a: Ogerpon|68/100\n|\n|upkeep\n|turn|10\n|\n|t:|1695174080\n|move|p1a: Ogerpon|Horn Leech|p2a: Vikavolt\n|-damage|p2a: Vikavolt|0 fnt\n|-heal|p1a: Ogerpon|87/100|[from] drain|[of] p2a: Vikavolt\n|faint|p2a: Vikavolt\n|\n|upkeep\n|\n|t:|1695174085\n|switch|p2a: Kleavor|Kleavor, M, shiny|100/100\n|turn|11\n|\n|t:|1695174092\n|move|p2a: Kleavor|Stone Axe|p1a: Ogerpon\n|-supereffective|p1a: Ogerpon\n|-damage|p1a: Ogerpon|0 fnt\n|-sidestart|p1: lettuce5409|move: Stealth Rock\n|faint|p1a: Ogerpon\n|\n|upkeep\n|\n|t:|1695174097\n|switch|p1a: Dondozo|Dondozo, M|55/100\n|-damage|p1a: Dondozo|43/100|[from] Stealth Rock\n|turn|12\n|\n|t:|1695174104\n|move|p2a: Kleavor|Stone Axe|p1a: Dondozo\n|-damage|p1a: Dondozo|14/100\n|move|p1a: Dondozo|Liquidation|p2a: Kleavor\n|-supereffective|p2a: Kleavor\n|-crit|p2a: Kleavor\n|-damage|p2a: Kleavor|0 fnt\n|faint|p2a: Kleavor\n|\n|-heal|p1a: Dondozo|20/100|[from] item: Leftovers\n|upkeep\n|\n|t:|1695174116\n|switch|p2a: Ariados|Ariados, F, shiny|100/100\n|turn|13\n|\n|t:|1695174120\n|move|p2a: Ariados|Focus Energy|p2a: Ariados\n|-start|p2a: Ariados|move: Focus Energy\n|move|p1a: Dondozo|Liquidation|p2a: Ariados\n|-damage|p2a: Ariados|46/100\n|\n|-heal|p1a: Dondozo|26/100|[from] item: Leftovers\n|upkeep\n|turn|14\n|\n|t:|1695174127\n|move|p2a: Ariados|Leech Life|p1a: Dondozo\n|-crit|p1a: Dondozo\n|-damage|p1a: Dondozo|0 fnt\n|-heal|p2a: Ariados|64/100|[from] drain|[of] p1a: Dondozo\n|faint|p1a: Dondozo\n|\n|upkeep\n|\n|t:|1695174149\n|switch|p1a: clod|Clodsire, F|100/100\n|-damage|p1a: clod|94/100|[from] Stealth Rock\n|turn|15\n|\n|t:|1695174172\n|move|p2a: Ariados|Leech Life|p1a: clod\n|-resisted|p1a: clod\n|-crit|p1a: clod\n|-damage|p1a: clod|57/100\n|-heal|p2a: Ariados|87/100|[from] drain|[of] p1a: clod\n|move|p1a: clod|Earthquake|p2a: Ariados\n|-damage|p2a: Ariados|48/100\n|\n|-heal|p1a: clod|63/100|[from] item: Leftovers\n|upkeep\n|turn|16\n|\n|t:|1695174181\n|move|p2a: Ariados|Leech Life|p1a: clod\n|-resisted|p1a: clod\n|-crit|p1a: clod\n|-damage|p1a: clod|24/100\n|-heal|p2a: Ariados|73/100|[from] drain|[of] p1a: clod\n|move|p1a: clod|Curse|p1a: clod\n|-unboost|p1a: clod|spe|1\n|-boost|p1a: clod|atk|1\n|-boost|p1a: clod|def|1\n|\n|-heal|p1a: clod|30/100|[from] item: Leftovers\n|upkeep\n|turn|17\n|\n|t:|1695174191\n|move|p2a: Ariados|Leech Life|p1a: clod\n|-resisted|p1a: clod\n|-crit|p1a: clod\n|-damage|p1a: clod|0 fnt\n|-heal|p2a: Ariados|91/100|[from] drain|[of] p1a: clod\n|faint|p1a: clod\n|\n|upkeep\n|\n|t:|1695174194\n|switch|p1a: feesh|Milotic, F|100/100\n|-damage|p1a: feesh|88/100|[from] Stealth Rock\n|turn|18\n|c|\u2606S0l0w3|GGs\n|\n|t:|1695174201\n|-terastallize|p1a: feesh|Steel\n|move|p1a: feesh|Scald|p2a: Ariados\n|-damage|p2a: Ariados|48/100\n|move|p2a: Ariados|Cross Poison|p1a: feesh\n|-immune|p1a: feesh\n|\n|-status|p1a: feesh|brn|[from] item: Flame Orb\n|upkeep\n|turn|19\n|\n|t:|1695174210\n|move|p2a: Ariados|Sucker Punch|p1a: feesh\n|-crit|p1a: feesh\n|-damage|p1a: feesh|59/100 brn\n|move|p1a: feesh|Scald|p2a: Ariados\n|-damage|p2a: Ariados|5/100\n|\n|-damage|p1a: feesh|53/100 brn|[from] brn\n|upkeep\n|turn|20\n|\n|t:|1695174221\n|move|p2a: Ariados|Sucker Punch|p1a: feesh\n|-crit|p1a: feesh\n|-damage|p1a: feesh|23/100 brn\n|move|p1a: feesh|Ice Beam|p2a: Ariados\n|-damage|p2a: Ariados|0 fnt\n|faint|p2a: Ariados\n|\n|-damage|p1a: feesh|17/100 brn|[from] brn\n|upkeep\n|\n|t:|1695174228\n|switch|p2a: Yanmega|Yanmega, M, shiny|100/100\n|turn|21\n|\n|t:|1695174232\n|move|p2a: Yanmega|Air Slash|p1a: feesh\n|-resisted|p1a: feesh\n|-damage|p1a: feesh|0 fnt\n|faint|p1a: feesh\n|\n|win|S0l0w3\n|raw|lettuce5409's rating: 1194 &rarr; <strong>1163</strong><br />(-31 for losing)\n|raw|S0l0w3's rating: 1102 &rarr; <strong>1133</strong><br />(+31 for winning)\n|c|\u2606lettuce5409|gg\n|l|\u2606lettuce5409\n", "uploadtime": 1695174241, "views": 4, "p1id": "lettuce5409", "p2id": "s0l0w3", "formatid": "gen9ou", "rating": 1133, "private": 0, "password": ""}