{"id": "gen9ou-1947493560", "p1": "sandfan9", "p2": "Moonlit Banshee", "format": "gen9ou", "log": "|j|\u2606sandfan9\n|j|\u2606Moonlit Banshee\n|t:|1695166070\n|gametype|singles\n|player|p1|sandfan9|juan|1258\n|player|p2|Moonlit Banshee|psychicf-gen4|1374\n|teamsize|p1|6\n|teamsize|p2|6\n|gen|9\n|tier|[Gen 9] OU\n|rated|\n|rule|Sleep Clause Mod: Limit one foe put to sleep\n|rule|Species Clause: Limit one of each Pok\u00e9mon\n|rule|OHKO Clause: OHKO moves are banned\n|rule|Evasion Items Clause: Evasion items are banned\n|rule|Evasion Moves Clause: Evasion moves are banned\n|rule|Endless Battle Clause: Forcing endless battles is banned\n|rule|HP Percentage Mod: HP is shown in percentages\n|clearpoke\n|poke|p1|Samurott-Hisui, F|\n|poke|p1|Ogerpon-Hearthflame, F|\n|poke|p1|Great Tusk|\n|poke|p1|Enamorus, F|\n|poke|p1|Gholdengo|\n|poke|p1|Slowking, F|\n|poke|p2|Victreebel, F|\n|poke|p2|Torkoal, F|\n|poke|p2|Lilligant-Hisui, F|\n|poke|p2|Gastrodon-East, F|\n|poke|p2|Ceruledge, F|\n|poke|p2|Ninetales, F|\n|teampreview\n|inactive|Battle timer is ON: inactive players will automatically lose when time's up. (requested by Moonlit Banshee)\n|inactive|sandfan9 also wants the timer to be on.\n|\n|t:|1695166080\n|start\n|switch|p1a: Samurott|Samurott-Hisui, F|100/100\n|switch|p2a: Ninetales|Ninetales, F, shiny|100/100\n|-weather|SunnyDay|[from] ability: Drought|[of] p2a: Ninetales\n|turn|1\n|\n|t:|1695166084\n|move|p2a: Ninetales|Will-O-Wisp|p1a: Samurott\n|-status|p1a: Samurott|brn\n|move|p1a: Samurott|Ceaseless Edge|p2a: Ninetales\n|-damage|p2a: Ninetales|69/100\n|-sidestart|p2: Moonlit Banshee|Spikes\n|\n|-weather|SunnyDay|[upkeep]\n|-damage|p1a: Samurott|94/100 brn|[from] brn\n|upkeep\n|turn|2\n|\n|t:|1695166089\n|switch|p2a: Torkoal|Torkoal, F|100/100\n|move|p1a: Samurott|Ceaseless Edge|p2a: Torkoal\n|-damage|p2a: Torkoal|88/100\n|-sidestart|p2: Moonlit Banshee|Spikes\n|\n|-weather|SunnyDay|[upkeep]\n|-damage|p1a: Samurott|88/100 brn|[from] brn\n|upkeep\n|turn|3\n|\n|t:|1695166092\n|move|p1a: Samurott|Razor Shell|p2a: Torkoal\n|-supereffective|p2a: Torkoal\n|-damage|p2a: Torkoal|73/100\n|move|p2a: Torkoal|Rapid Spin|p1a: Samurott\n|-damage|p1a: Samurott|77/100 brn\n|-boost|p2a: Torkoal|spe|1\n|-sideend|p2: Moonlit Banshee|Spikes|[from] move: Rapid Spin|[of] p2a: Torkoal\n|\n|-weather|SunnyDay|[upkeep]\n|-damage|p1a: Samurott|71/100 brn|[from] brn\n|upkeep\n|turn|4\n|\n|t:|1695166097\n|move|p1a: Samurott|Ceaseless Edge|p2a: Torkoal\n|-damage|p2a: Torkoal|61/100\n|-sidestart|p2: Moonlit Banshee|Spikes\n|move|p2a: Torkoal|Solar Beam||[still]\n|-prepare|p2a: Torkoal|Solar Beam\n|-anim|p2a: Torkoal|Solar Beam|p1a: Samurott\n|-supereffective|p1a: Samurott\n|-damage|p1a: Samurott|0 fnt\n|faint|p1a: Samurott\n|\n|-weather|SunnyDay|[upkeep]\n|upkeep\n|\n|t:|1695166105\n|switch|p1a: Great Tusk|Great Tusk|100/100\n|-activate|p1a: Great Tusk|ability: Protosynthesis\n|-start|p1a: Great Tusk|protosynthesisatk\n|turn|5\n|\n|t:|1695166112\n|-terastallize|p2a: Torkoal|Grass\n|move|p1a: Great Tusk|Headlong Rush|p2a: Torkoal\n|-resisted|p2a: Torkoal\n|-damage|p2a: Torkoal|38/100\n|-unboost|p1a: Great Tusk|def|1\n|-unboost|p1a: Great Tusk|spd|1\n|move|p2a: Torkoal|Rapid Spin|p1a: Great Tusk\n|-damage|p1a: Great Tusk|90/100\n|-boost|p2a: Torkoal|spe|1\n|-sideend|p2: Moonlit Banshee|Spikes|[from] move: Rapid Spin|[of] p2a: Torkoal\n|\n|-weather|SunnyDay|[upkeep]\n|-heal|p1a: Great Tusk|96/100|[from] item: Leftovers\n|upkeep\n|turn|6\n|\n|t:|1695166122\n|-end|p1a: Great Tusk|Protosynthesis|[silent]\n|switch|p1a: Enamorus|Enamorus, F|100/100\n|move|p2a: Torkoal|Solar Beam||[still]\n|-prepare|p2a: Torkoal|Solar Beam\n|-anim|p2a: Torkoal|Solar Beam|p1a: Enamorus\n|-resisted|p1a: Enamorus\n|-damage|p1a: Enamorus|74/100\n|\n|-weather|SunnyDay|[upkeep]\n|upkeep\n|turn|7\n|\n|t:|1695166126\n|move|p1a: Enamorus|Mystical Fire|p2a: Torkoal\n|-supereffective|p2a: Torkoal\n|-damage|p2a: Torkoal|0 fnt\n|faint|p2a: Torkoal\n|\n|-weather|SunnyDay|[upkeep]\n|upkeep\n|\n|t:|1695166132\n|switch|p2a: Victreebel|Victreebel, F|100/100\n|turn|8\n|\n|t:|1695166134\n|move|p2a: Victreebel|Weather Ball|p1a: Enamorus\n|-damage|p1a: Enamorus|0 fnt\n|faint|p1a: Enamorus\n|-damage|p2a: Victreebel|91/100|[from] item: Life Orb\n|\n|-weather|none\n|upkeep\n|\n|t:|1695166141\n|switch|p1a: Ogerpon|Ogerpon-Hearthflame, F|100/100\n|-ability|p1a: Ogerpon|Mold Breaker\n|turn|9\n|\n|t:|1695166148\n|switch|p2a: Ceruledge|Ceruledge, F|100/100\n|move|p1a: Ogerpon|U-turn|p2a: Ceruledge\n|-resisted|p2a: Ceruledge\n|-damage|p2a: Ceruledge|93/100\n|\n|t:|1695166153\n|switch|p1a: Great Tusk|Great Tusk|96/100|[from] U-turn\n|\n|-heal|p1a: Great Tusk|100/100|[from] item: Leftovers\n|upkeep\n|turn|10\n|\n|t:|1695166160\n|switch|p2a: Lilligant|Lilligant-Hisui, F, shiny|100/100\n|move|p1a: Great Tusk|Knock Off|p2a: Lilligant\n|-resisted|p2a: Lilligant\n|-damage|p2a: Lilligant|76/100\n|-enditem|p2a: Lilligant|Focus Sash|[from] move: Knock Off|[of] p1a: Great Tusk\n|\n|upkeep\n|turn|11\n|\n|t:|1695166168\n|switch|p2a: Ninetales|Ninetales, F, shiny|69/100\n|-weather|SunnyDay|[from] ability: Drought|[of] p2a: Ninetales\n|-activate|p1a: Great Tusk|ability: Protosynthesis\n|-start|p1a: Great Tusk|protosynthesisatk\n|-end|p1a: Great Tusk|Protosynthesis|[silent]\n|switch|p1a: Gholdengo|Gholdengo|100/100\n|\n|-weather|SunnyDay|[upkeep]\n|upkeep\n|turn|12\n|\n|t:|1695166178\n|switch|p1a: Slowking|Slowking, F|100/100\n|move|p2a: Ninetales|Fire Blast|p1a: Slowking|[miss]\n|-miss|p2a: Ninetales|p1a: Slowking\n|\n|-weather|SunnyDay|[upkeep]\n|upkeep\n|turn|13\n|\n|t:|1695166181\n|move|p2a: Ninetales|Will-O-Wisp|p1a: Slowking|[miss]\n|-miss|p2a: Ninetales|p1a: Slowking\n|move|p1a: Slowking|Chilly Reception|p1a: Slowking\n|-weather|Snow\n|inactive|sandfan9 has 120 seconds left.\n|\n|t:|1695166219\n|switch|p1a: Gholdengo|Gholdengo|100/100|[from] Chilly Reception\n|\n|-weather|Snow|[upkeep]\n|upkeep\n|turn|14\n|\n|t:|1695166225\n|move|p2a: Ninetales|Fire Blast|p1a: Gholdengo\n|-supereffective|p1a: Gholdengo\n|-damage|p1a: Gholdengo|21/100\n|move|p1a: Gholdengo|Thunder Wave|p2a: Ninetales\n|-status|p2a: Ninetales|par\n|\n|-weather|Snow|[upkeep]\n|-heal|p1a: Gholdengo|27/100|[from] item: Leftovers\n|upkeep\n|turn|15\n|\n|t:|1695166232\n|switch|p1a: Slowking|Slowking, F|100/100\n|move|p2a: Ninetales|Fire Blast|p1a: Slowking|[miss]\n|-miss|p2a: Ninetales|p1a: Slowking\n|\n|-weather|Snow|[upkeep]\n|upkeep\n|turn|16\n|\n|t:|1695166236\n|switch|p2a: Gastrodon|Gastrodon-East, F|100/100\n|move|p1a: Slowking|Future Sight|p2a: Gastrodon\n|-start|p1a: Slowking|move: Future Sight\n|\n|-weather|Snow|[upkeep]\n|upkeep\n|turn|17\n|\n|t:|1695166243\n|move|p2a: Gastrodon|Earth Power|p1a: Slowking\n|-damage|p1a: Slowking|77/100\n|move|p1a: Slowking|Chilly Reception|p1a: Slowking\n|\n|t:|1695166250\n|switch|p1a: Ogerpon|Ogerpon-Hearthflame, F|100/100|[from] Chilly Reception\n|-ability|p1a: Ogerpon|Mold Breaker\n|\n|-weather|none\n|upkeep\n|turn|18\n|\n|t:|1695166259\n|switch|p2a: Ninetales|Ninetales, F, shiny|69/100 par\n|-weather|SunnyDay|[from] ability: Drought|[of] p2a: Ninetales\n|move|p1a: Ogerpon|Horn Leech|p2a: Ninetales\n|-resisted|p2a: Ninetales\n|-damage|p2a: Ninetales|38/100 par\n|\n|-weather|SunnyDay|[upkeep]\n|-end|p2a: Ninetales|move: Future Sight\n|-damage|p2a: Ninetales|0 fnt\n|faint|p2a: Ninetales\n|upkeep\n|\n|t:|1695166264\n|switch|p2a: Ceruledge|Ceruledge, F|93/100\n|turn|19\n|\n|t:|1695166279\n|switch|p1a: Gholdengo|Gholdengo|27/100\n|move|p2a: Ceruledge|Bitter Blade|p1a: Gholdengo\n|-supereffective|p1a: Gholdengo\n|-damage|p1a: Gholdengo|0 fnt\n|-heal|p2a: Ceruledge|100/100|[from] drain|[of] p1a: Gholdengo\n|faint|p1a: Gholdengo\n|\n|-weather|SunnyDay|[upkeep]\n|upkeep\n|\n|t:|1695166286\n|switch|p1a: Great Tusk|Great Tusk|100/100\n|-activate|p1a: Great Tusk|ability: Protosynthesis\n|-start|p1a: Great Tusk|protosynthesisatk\n|turn|20\n|\n|t:|1695166302\n|move|p1a: Great Tusk|Close Combat|p2a: Ceruledge\n|-immune|p2a: Ceruledge\n|move|p2a: Ceruledge|Bitter Blade|p1a: Great Tusk\n|-damage|p1a: Great Tusk|41/100\n|\n|-weather|SunnyDay|[upkeep]\n|-heal|p1a: Great Tusk|48/100|[from] item: Leftovers\n|upkeep\n|turn|21\n|\n|t:|1695166314\n|switch|p2a: Lilligant|Lilligant-Hisui, F, shiny|76/100\n|move|p1a: Great Tusk|Headlong Rush|p2a: Lilligant\n|-resisted|p2a: Lilligant\n|-damage|p2a: Lilligant|16/100\n|-unboost|p1a: Great Tusk|def|1\n|-unboost|p1a: Great Tusk|spd|1\n|\n|-weather|SunnyDay|[upkeep]\n|-heal|p1a: Great Tusk|54/100|[from] item: Leftovers\n|upkeep\n|turn|22\n|\n|t:|1695166326\n|move|p2a: Lilligant|Close Combat|p1a: Great Tusk\n|-damage|p1a: Great Tusk|0 fnt\n|-unboost|p2a: Lilligant|def|1\n|-unboost|p2a: Lilligant|spd|1\n|faint|p1a: Great Tusk\n|-end|p1a: Great Tusk|Protosynthesis|[silent]\n|\n|-weather|SunnyDay|[upkeep]\n|upkeep\n|inactive|sandfan9 has 120 seconds left.\n|\n|t:|1695166354\n|switch|p1a: Slowking|Slowking, F|100/100\n|turn|23\n|inactive|sandfan9 has 120 seconds left.\n|\n|t:|1695166365\n|move|p2a: Lilligant|Solar Blade||[still]\n|-prepare|p2a: Lilligant|Solar Blade\n|-anim|p2a: Lilligant|Solar Blade|p1a: Slowking\n|-supereffective|p1a: Slowking\n|-damage|p1a: Slowking|18/100\n|move|p1a: Slowking|Chilly Reception|p1a: Slowking\n|-weather|Snow\n|\n|t:|1695166372\n|switch|p1a: Ogerpon|Ogerpon-Hearthflame, F|100/100|[from] Chilly Reception\n|-ability|p1a: Ogerpon|Mold Breaker\n|\n|-weather|Snow|[upkeep]\n|upkeep\n|turn|24\n|inactive|sandfan9 has 120 seconds left.\n|\n|t:|1695166384\n|switch|p2a: Ceruledge|Ceruledge, F|100/100\n|move|p1a: Ogerpon|Knock Off|p2a: Ceruledge\n|-supereffective|p2a: Ceruledge\n|-damage|p2a: Ceruledge|16/100\n|-enditem|p2a: Ceruledge|Assault Vest|[from] move: Knock Off|[of] p1a: Ogerpon\n|\n|-weather|Snow|[upkeep]\n|upkeep\n|turn|25\n|inactive|sandfan9 has 120 seconds left.\n|\n|t:|1695166390\n|move|p2a: Ceruledge|Shadow Sneak|p1a: Ogerpon\n|-damage|p1a: Ogerpon|69/100\n|move|p1a: Ogerpon|Knock Off|p2a: Ceruledge\n|-supereffective|p2a: Ceruledge\n|-damage|p2a: Ceruledge|0 fnt\n|faint|p2a: Ceruledge\n|\n|-weather|Snow|[upkeep]\n|upkeep\n|\n|t:|1695166400\n|switch|p2a: Gastrodon|Gastrodon-East, F|100/100\n|turn|26\n|\n|t:|1695166405\n|move|p1a: Ogerpon|Horn Leech|p2a: Gastrodon\n|-supereffective|p2a: Gastrodon\n|-damage|p2a: Gastrodon|0 fnt\n|-heal|p1a: Ogerpon|100/100|[from] drain|[of] p2a: Gastrodon\n|faint|p2a: Gastrodon\n|\n|-weather|Snow|[upkeep]\n|upkeep\n|-message|Moonlit Banshee forfeited.\n|\n|win|sandfan9\n|raw|sandfan9's rating: 1258 &rarr; <strong>1291</strong><br />(+33 for winning)\n|raw|Moonlit Banshee's rating: 1374 &rarr; <strong>1348</strong><br />(-26 for losing)\n|l|\u2606Moonlit Banshee\n|c|\u2606sandfan9|LETS GO SLOWGOAT\n", "uploadtime": 1695166426, "views": 3, "p1id": "sandfan9", "p2id": "moonlitbanshee", "formatid": "gen9ou", "rating": 1291, "private": 0, "password": ""}