{"id": "gen9ou-1947541303", "p1": "Thinking Charizard", "p2": "RookieB", "format": "gen9ou", "log": "|j|\u2606Thinking Charizard\n|j|\u2606RookieB\n|t:|1695170780\n|gametype|singles\n|player|p1|Thinking Charizard|rosa|1381\n|player|p2|RookieB|beauty-gen5bw2|1314\n|teamsize|p1|6\n|teamsize|p2|6\n|gen|9\n|tier|[Gen 9] OU\n|rated|\n|rule|Sleep Clause Mod: Limit one foe put to sleep\n|rule|Species Clause: Limit one of each Pok\u00e9mon\n|rule|OHKO Clause: OHKO moves are banned\n|rule|Evasion Items Clause: Evasion items are banned\n|rule|Evasion Moves Clause: Evasion moves are banned\n|rule|Endless Battle Clause: Forcing endless battles is banned\n|rule|HP Percentage Mod: HP is shown in percentages\n|clearpoke\n|poke|p1|Garchomp, M|\n|poke|p1|Pelipper, M|\n|poke|p1|Ogerpon, F|\n|poke|p1|Manaphy|\n|poke|p1|Goodra-Hisui, F|\n|poke|p1|Great Tusk|\n|poke|p2|Empoleon, F|\n|poke|p2|Mandibuzz, F|\n|poke|p2|Hydreigon, M|\n|poke|p2|Clefable, F|\n|poke|p2|Ambipom, F|\n|poke|p2|Jirachi|\n|teampreview\n|inactive|Battle timer is ON: inactive players will automatically lose when time's up. (requested by RookieB)\n|\n|t:|1695170799\n|start\n|switch|p1a: jim carrey|Ogerpon, F, shiny|100/100\n|switch|p2a: Empoleon|Empoleon, F, shiny|100/100\n|turn|1\n|\n|t:|1695170807\n|switch|p2a: Mandibuzz|Mandibuzz, F, shiny|100/100\n|move|p1a: jim carrey|Ivy Cudgel|p2a: Mandibuzz\n|-resisted|p2a: Mandibuzz\n|-damage|p2a: Mandibuzz|77/100\n|\n|upkeep\n|turn|2\n|\n|t:|1695170816\n|switch|p1a: Nigel|Pelipper, M|100/100\n|-weather|RainDance|[from] ability: Drizzle|[of] p1a: Nigel\n|move|p2a: Mandibuzz|Toxic|p1a: Nigel\n|-status|p1a: Nigel|tox\n|\n|-weather|RainDance|[upkeep]\n|-damage|p1a: Nigel|94/100 tox|[from] psn\n|upkeep\n|turn|3\n|\n|t:|1695170821\n|switch|p2a: Empoleon|Empoleon, F, shiny|100/100\n|move|p1a: Nigel|U-turn|p2a: Empoleon\n|-resisted|p2a: Empoleon\n|-damage|p2a: Empoleon|95/100\n|inactive|Thinking Charizard has 120 seconds left.\n|\n|t:|1695170857\n|switch|p1a: Bruce|Garchomp, M|100/100|[from] U-turn\n|\n|-weather|RainDance|[upkeep]\n|upkeep\n|turn|4\n|\n|t:|1695170862\n|move|p1a: Bruce|Earthquake|p2a: Empoleon\n|-supereffective|p2a: Empoleon\n|-damage|p2a: Empoleon|0 fnt\n|faint|p2a: Empoleon\n|\n|-weather|RainDance|[upkeep]\n|upkeep\n|\n|t:|1695170870\n|switch|p2a: Clefable|Clefable, F|100/100\n|turn|5\n|\n|t:|1695170882\n|switch|p1a: Goodra|Goodra-Hisui, F|100/100\n|move|p2a: Clefable|Cosmic Power|p2a: Clefable\n|-boost|p2a: Clefable|def|1\n|-boost|p2a: Clefable|spd|1\n|\n|-weather|RainDance|[upkeep]\n|upkeep\n|turn|6\n|\n|t:|1695170888\n|move|p2a: Clefable|Moonlight|p2a: Clefable\n|-fail|p2a: Clefable|heal\n|move|p1a: Goodra|Knock Off|p2a: Clefable\n|-resisted|p2a: Clefable\n|-damage|p2a: Clefable|94/100\n|-enditem|p2a: Clefable|Leftovers|[from] move: Knock Off|[of] p1a: Goodra\n|\n|-weather|RainDance|[upkeep]\n|upkeep\n|turn|7\n|\n|t:|1695170901\n|switch|p1a: Manaphy|Manaphy|100/100\n|move|p2a: Clefable|Cosmic Power|p2a: Clefable\n|-boost|p2a: Clefable|def|1\n|-boost|p2a: Clefable|spd|1\n|\n|-weather|RainDance|[upkeep]\n|upkeep\n|turn|8\n|\n|t:|1695170908\n|move|p1a: Manaphy|Take Heart|p1a: Manaphy\n|-boost|p1a: Manaphy|spa|1\n|-boost|p1a: Manaphy|spd|1\n|move|p2a: Clefable|Calm Mind|p2a: Clefable\n|-boost|p2a: Clefable|spa|1\n|-boost|p2a: Clefable|spd|1\n|\n|-weather|RainDance|[upkeep]\n|upkeep\n|turn|9\n|\n|t:|1695170912\n|move|p1a: Manaphy|Take Heart|p1a: Manaphy\n|-boost|p1a: Manaphy|spa|1\n|-boost|p1a: Manaphy|spd|1\n|move|p2a: Clefable|Calm Mind|p2a: Clefable\n|-boost|p2a: Clefable|spa|1\n|-boost|p2a: Clefable|spd|1\n|\n|-weather|none\n|upkeep\n|turn|10\n|\n|t:|1695170915\n|move|p1a: Manaphy|Take Heart|p1a: Manaphy\n|-boost|p1a: Manaphy|spa|1\n|-boost|p1a: Manaphy|spd|1\n|move|p2a: Clefable|Calm Mind|p2a: Clefable\n|-boost|p2a: Clefable|spa|1\n|-boost|p2a: Clefable|spd|1\n|\n|upkeep\n|turn|11\n|\n|t:|1695170920\n|move|p1a: Manaphy|Take Heart|p1a: Manaphy\n|-boost|p1a: Manaphy|spa|1\n|-boost|p1a: Manaphy|spd|1\n|move|p2a: Clefable|Calm Mind|p2a: Clefable\n|-boost|p2a: Clefable|spa|1\n|-boost|p2a: Clefable|spd|1\n|\n|upkeep\n|turn|12\n|\n|t:|1695170922\n|move|p1a: Manaphy|Take Heart|p1a: Manaphy\n|-boost|p1a: Manaphy|spa|1\n|-boost|p1a: Manaphy|spd|1\n|move|p2a: Clefable|Calm Mind|p2a: Clefable\n|-boost|p2a: Clefable|spa|1\n|-boost|p2a: Clefable|spd|0\n|\n|upkeep\n|turn|13\n|\n|t:|1695170925\n|move|p1a: Manaphy|Take Heart|p1a: Manaphy\n|-boost|p1a: Manaphy|spa|1\n|-boost|p1a: Manaphy|spd|1\n|move|p2a: Clefable|Moonblast|p1a: Manaphy\n|-damage|p1a: Manaphy|6/100\n|\n|-heal|p1a: Manaphy|12/100|[from] item: Leftovers\n|upkeep\n|turn|14\n|\n|t:|1695170934\n|move|p1a: Manaphy|Stored Power|p2a: Clefable\n|-damage|p2a: Clefable|76/100\n|move|p2a: Clefable|Moonblast|p1a: Manaphy\n|-damage|p1a: Manaphy|0 fnt\n|faint|p1a: Manaphy\n|\n|upkeep\n|\n|t:|1695170940\n|switch|p1a: jim carrey|Ogerpon, F, shiny|100/100\n|turn|15\n|\n|t:|1695170943\n|move|p1a: jim carrey|Ivy Cudgel|p2a: Clefable\n|-damage|p2a: Clefable|44/100\n|move|p2a: Clefable|Moonblast|p1a: jim carrey\n|-damage|p1a: jim carrey|0 fnt\n|faint|p1a: jim carrey\n|\n|upkeep\n|\n|t:|1695170961\n|switch|p1a: Goodra|Goodra-Hisui, F|100/100\n|turn|16\n|\n|t:|1695170966\n|-terastallize|p2a: Clefable|Water\n|move|p2a: Clefable|Moonlight|p2a: Clefable\n|-heal|p2a: Clefable|94/100\n|move|p1a: Goodra|Flash Cannon|p2a: Clefable\n|-resisted|p2a: Clefable\n|-damage|p2a: Clefable|91/100\n|\n|upkeep\n|turn|17\n|\n|t:|1695170975\n|move|p2a: Clefable|Moonblast|p1a: Goodra\n|-damage|p1a: Goodra|43/100\n|-unboost|p1a: Goodra|spa|1\n|move|p1a: Goodra|Dragon Tail|p2a: Clefable\n|-damage|p2a: Clefable|82/100\n|drag|p2a: Jirachi|Jirachi|100/100\n|\n|-heal|p1a: Goodra|49/100|[from] item: Leftovers\n|upkeep\n|turn|18\n|\n|t:|1695170988\n|move|p2a: Jirachi|Zen Headbutt|p1a: Goodra|[miss]\n|-miss|p2a: Jirachi|p1a: Goodra\n|move|p1a: Goodra|Life Dew|p1a: Goodra\n|-heal|p1a: Goodra|74/100\n|\n|-heal|p1a: Goodra|80/100|[from] item: Leftovers\n|upkeep\n|turn|19\n|\n|t:|1695171001\n|switch|p2a: Ambipom|Ambipom, F|100/100\n|move|p1a: Goodra|Knock Off|p2a: Ambipom\n|-damage|p2a: Ambipom|63/100\n|-enditem|p2a: Ambipom|Life Orb|[from] move: Knock Off|[of] p1a: Goodra\n|\n|-heal|p1a: Goodra|86/100|[from] item: Leftovers\n|upkeep\n|turn|20\n|\n|t:|1695171008\n|switch|p1a: Great Tusk|Great Tusk|100/100\n|move|p2a: Ambipom|Fake Out|p1a: Great Tusk\n|-damage|p1a: Great Tusk|89/100\n|\n|-heal|p1a: Great Tusk|95/100|[from] item: Leftovers\n|upkeep\n|turn|21\n|\n|t:|1695171016\n|switch|p2a: Mandibuzz|Mandibuzz, F, shiny|77/100\n|move|p1a: Great Tusk|Stealth Rock|p2a: Mandibuzz\n|-sidestart|p2: RookieB|move: Stealth Rock\n|\n|-heal|p1a: Great Tusk|100/100|[from] item: Leftovers\n|upkeep\n|turn|22\n|\n|t:|1695171024\n|-end|p1a: Great Tusk|Protosynthesis|[silent]\n|switch|p1a: Goodra|Goodra-Hisui, F|86/100\n|move|p2a: Mandibuzz|Defog|p1a: Goodra\n|-unboost|p1a: Goodra|evasion|1\n|-sideend|p2: RookieB|Stealth Rock|[from] move: Defog|[of] p2a: Mandibuzz\n|\n|-heal|p1a: Goodra|92/100|[from] item: Leftovers\n|upkeep\n|turn|23\n|\n|t:|1695171032\n|move|p2a: Mandibuzz|Knock Off|p1a: Goodra\n|-damage|p1a: Goodra|71/100\n|-enditem|p1a: Goodra|Leftovers|[from] move: Knock Off|[of] p2a: Mandibuzz\n|move|p1a: Goodra|Flash Cannon|p2a: Mandibuzz\n|-damage|p2a: Mandibuzz|54/100\n|-unboost|p2a: Mandibuzz|spd|1\n|\n|upkeep\n|turn|24\n|\n|t:|1695171038\n|move|p2a: Mandibuzz|Roost|p2a: Mandibuzz\n|-heal|p2a: Mandibuzz|100/100\n|-singleturn|p2a: Mandibuzz|move: Roost\n|move|p1a: Goodra|Flash Cannon|p2a: Mandibuzz\n|-damage|p2a: Mandibuzz|66/100\n|\n|upkeep\n|turn|25\n|\n|t:|1695171045\n|switch|p2a: Clefable|Clefable, F, tera:Water|82/100\n|move|p1a: Goodra|Flash Cannon|p2a: Clefable\n|-resisted|p2a: Clefable\n|-damage|p2a: Clefable|70/100\n|\n|upkeep\n|turn|26\n|\n|t:|1695171051\n|move|p2a: Clefable|Moonblast|p1a: Goodra\n|-damage|p1a: Goodra|56/100\n|move|p1a: Goodra|Life Dew|p1a: Goodra\n|-heal|p1a: Goodra|81/100\n|\n|upkeep\n|turn|27\n|\n|t:|1695171061\n|move|p2a: Clefable|Calm Mind|p2a: Clefable\n|-boost|p2a: Clefable|spa|1\n|-boost|p2a: Clefable|spd|1\n|move|p1a: Goodra|Dragon Tail|p2a: Clefable\n|-damage|p2a: Clefable|52/100\n|drag|p2a: Jirachi|Jirachi|100/100\n|\n|upkeep\n|turn|28\n|\n|t:|1695171070\n|switch|p1a: Nigel|Pelipper, M|94/100 tox\n|-weather|RainDance|[from] ability: Drizzle|[of] p1a: Nigel\n|move|p2a: Jirachi|Meteor Mash|p1a: Nigel|[miss]\n|-miss|p2a: Jirachi|p1a: Nigel\n|\n|-weather|RainDance|[upkeep]\n|-damage|p1a: Nigel|88/100 tox|[from] psn\n|upkeep\n|turn|29\n|\n|t:|1695171080\n|move|p2a: Jirachi|Meteor Mash|p1a: Nigel\n|-resisted|p1a: Nigel\n|-damage|p1a: Nigel|71/100 tox\n|-boost|p2a: Jirachi|atk|1\n|move|p1a: Nigel|U-turn|p2a: Jirachi\n|-damage|p2a: Jirachi|92/100\n|\n|t:|1695171088\n|switch|p1a: Bruce|Garchomp, M|100/100|[from] U-turn\n|\n|-weather|RainDance|[upkeep]\n|upkeep\n|turn|30\n|\n|t:|1695171096\n|switch|p2a: Hydreigon|Hydreigon, M|100/100\n|-terastallize|p1a: Bruce|Water\n|move|p1a: Bruce|Earthquake|p2a: Hydreigon\n|-immune|p2a: Hydreigon|[from] ability: Levitate\n|\n|-weather|RainDance|[upkeep]\n|upkeep\n|turn|31\n|\n|t:|1695171106\n|switch|p2a: Mandibuzz|Mandibuzz, F, shiny|66/100\n|move|p1a: Bruce|Scale Shot|p2a: Mandibuzz\n|-damage|p2a: Mandibuzz|56/100\n|-damage|p2a: Mandibuzz|48/100\n|-damage|p2a: Mandibuzz|39/100\n|-damage|p2a: Mandibuzz|29/100\n|-hitcount|p2a: Mandibuzz|4\n|-unboost|p1a: Bruce|def|1\n|-boost|p1a: Bruce|spe|1\n|\n|-weather|RainDance|[upkeep]\n|upkeep\n|turn|32\n|\n|t:|1695171118\n|move|p1a: Bruce|Tera Blast|p2a: Mandibuzz\n|-damage|p2a: Mandibuzz|0 fnt\n|faint|p2a: Mandibuzz\n|\n|-weather|RainDance|[upkeep]\n|upkeep\n|\n|t:|1695171125\n|switch|p2a: Ambipom|Ambipom, F|63/100\n|turn|33\n|\n|t:|1695171131\n|move|p2a: Ambipom|Fake Out|p1a: Bruce\n|-damage|p1a: Bruce|59/100\n|-damage|p2a: Ambipom|51/100|[from] ability: Rough Skin|[of] p1a: Bruce\n|cant|p1a: Bruce|flinch\n|\n|-weather|RainDance|[upkeep]\n|upkeep\n|turn|34\n|\n|t:|1695171137\n|move|p1a: Bruce|Tera Blast|p2a: Ambipom\n|-damage|p2a: Ambipom|0 fnt\n|faint|p2a: Ambipom\n|\n|-weather|RainDance|[upkeep]\n|upkeep\n|\n|t:|1695171148\n|switch|p2a: Clefable|Clefable, F, tera:Water|52/100\n|turn|35\n|\n|t:|1695171152\n|move|p1a: Bruce|Earthquake|p2a: Clefable\n|-damage|p2a: Clefable|10/100\n|move|p2a: Clefable|Moonlight|p2a: Clefable\n|-heal|p2a: Clefable|35/100\n|\n|-weather|none\n|upkeep\n|turn|36\n|\n|t:|1695171161\n|move|p1a: Bruce|Earthquake|p2a: Clefable\n|-damage|p2a: Clefable|0 fnt\n|faint|p2a: Clefable\n|\n|upkeep\n|\n|t:|1695171163\n|switch|p2a: Hydreigon|Hydreigon, M|100/100\n|turn|37\n|\n|t:|1695171167\n|move|p1a: Bruce|Scale Shot|p2a: Hydreigon\n|-supereffective|p2a: Hydreigon\n|-damage|p2a: Hydreigon|68/100\n|-supereffective|p2a: Hydreigon\n|-damage|p2a: Hydreigon|41/100\n|-supereffective|p2a: Hydreigon\n|-damage|p2a: Hydreigon|9/100\n|-supereffective|p2a: Hydreigon\n|-damage|p2a: Hydreigon|0 fnt\n|faint|p2a: Hydreigon\n|-hitcount|p2: Hydreigon|4\n|-unboost|p1a: Bruce|def|1\n|-boost|p1a: Bruce|spe|1\n|\n|upkeep\n|\n|t:|1695171180\n|switch|p2a: Jirachi|Jirachi|92/100\n|turn|38\n|\n|t:|1695171184\n|move|p1a: Bruce|Earthquake|p2a: Jirachi\n|-supereffective|p2a: Jirachi\n|-damage|p2a: Jirachi|0 fnt\n|faint|p2a: Jirachi\n|\n|win|Thinking Charizard\n|raw|Thinking Charizard's rating: 1381 &rarr; <strong>1397</strong><br />(+16 for winning)\n|raw|RookieB's rating: 1314 &rarr; <strong>1298</strong><br />(-16 for losing)\n|c|\u2606Thinking Charizard|gg\n|c|\u2606RookieB|Gg\n|l|\u2606RookieB\n", "uploadtime": 1695171190, "views": 1, "p1id": "thinkingcharizard", "p2id": "rookieb", "formatid": "gen9ou", "rating": 1298, "private": 0, "password": ""}