{"id": "gen9ou-1947504960", "p1": "clodgod6", "p2": "GultyLuxury", "format": "gen9ou", "log": "|j|\u2606clodgod6\n|j|\u2606GultyLuxury\n|t:|1695167204\n|gametype|singles\n|player|p1|clodgod6|wally|1438\n|player|p2|GultyLuxury|bellelba|1391\n|teamsize|p1|6\n|teamsize|p2|6\n|gen|9\n|tier|[Gen 9] OU\n|rated|\n|rule|Sleep Clause Mod: Limit one foe put to sleep\n|rule|Species Clause: Limit one of each Pok\u00e9mon\n|rule|OHKO Clause: OHKO moves are banned\n|rule|Evasion Items Clause: Evasion items are banned\n|rule|Evasion Moves Clause: Evasion moves are banned\n|rule|Endless Battle Clause: Forcing endless battles is banned\n|rule|HP Percentage Mod: HP is shown in percentages\n|clearpoke\n|poke|p1|Torkoal, F|\n|poke|p1|Ogerpon-Hearthflame, F|\n|poke|p1|Walking Wake|\n|poke|p1|Iron Moth|\n|poke|p1|Kingambit, M|\n|poke|p1|Great Tusk|\n|poke|p2|Iron Valiant|\n|poke|p2|Gholdengo|\n|poke|p2|Cinderace, F|\n|poke|p2|Slowking-Galar, F|\n|poke|p2|Orthworm, F|\n|poke|p2|Ursaluna-Bloodmoon, M|\n|teampreview\n|inactive|Battle timer is ON: inactive players will automatically lose when time's up. (requested by GultyLuxury)\n|c|\u2606clodgod6|hf\n|\n|t:|1695167220\n|start\n|switch|p1a: Leviathan|Walking Wake|100/100\n|switch|p2a: Ursaluna|Ursaluna-Bloodmoon, M|100/100\n|turn|1\n|\n|t:|1695167224\n|switch|p2a: Slowking|Slowking-Galar, F|100/100\n|move|p1a: Leviathan|Hydro Steam|p2a: Slowking\n|-damage|p2a: Slowking|69/100\n|-damage|p1a: Leviathan|91/100|[from] item: Life Orb\n|\n|upkeep\n|turn|2\n|c|\u2606GultyLuxury|Gl hf\n|\n|t:|1695167234\n|move|p1a: Leviathan|Dragon Pulse|p2a: Slowking\n|-damage|p2a: Slowking|38/100\n|-damage|p1a: Leviathan|81/100|[from] item: Life Orb\n|move|p2a: Slowking|Chilly Reception|p2a: Slowking\n|-weather|Snow\n|\n|t:|1695167259\n|switch|p2a: Gyatu|Cinderace, F, shiny|100/100|[from] Chilly Reception\n|\n|-weather|Snow|[upkeep]\n|upkeep\n|turn|3\n|\n|t:|1695167267\n|-end|p1a: Leviathan|Protosynthesis|[silent]\n|switch|p1a: Vulcan|Torkoal, F|100/100\n|-weather|SunnyDay|[from] ability: Drought|[of] p1a: Vulcan\n|move|p2a: Gyatu|High Jump Kick|p1a: Vulcan\n|-start|p2a: Gyatu|typechange|Fighting|[from] ability: Libero\n|-damage|p1a: Vulcan|65/100\n|\n|-weather|SunnyDay|[upkeep]\n|upkeep\n|turn|4\n|\n|t:|1695167281\n|switch|p2a: Slowking|Slowking-Galar, F|71/100\n|move|p1a: Vulcan|Yawn|p2a: Slowking\n|-start|p2a: Slowking|move: Yawn|[of] p1a: Vulcan\n|\n|-weather|SunnyDay|[upkeep]\n|upkeep\n|turn|5\n|\n|t:|1695167286\n|switch|p1a: Behemoth|Great Tusk|100/100\n|-activate|p1a: Behemoth|ability: Protosynthesis\n|-start|p1a: Behemoth|protosynthesisatk\n|move|p2a: Slowking|Chilly Reception|p2a: Slowking\n|-weather|Snow\n|-end|p1a: Behemoth|Protosynthesis\n|\n|t:|1695167292\n|switch|p2a: Ursaluna|Ursaluna-Bloodmoon, M|100/100|[from] Chilly Reception\n|\n|-weather|Snow|[upkeep]\n|upkeep\n|turn|6\n|\n|t:|1695167295\n|move|p1a: Behemoth|Close Combat|p2a: Ursaluna\n|-supereffective|p2a: Ursaluna\n|-damage|p2a: Ursaluna|10/100\n|-unboost|p1a: Behemoth|def|1\n|-unboost|p1a: Behemoth|spd|1\n|-enditem|p1a: Behemoth|Eject Pack\n|\n|t:|1695167309\n|-end|p1a: Behemoth|Protosynthesis|[silent]\n|switch|p1a: Aegis|Kingambit, M|100/100\n|move|p2a: Ursaluna|Blood Moon|p1a: Aegis\n|-resisted|p1a: Aegis\n|-damage|p1a: Aegis|52/100\n|\n|-weather|Snow|[upkeep]\n|-heal|p2a: Ursaluna|16/100|[from] item: Leftovers\n|upkeep\n|turn|7\n|\n|t:|1695167316\n|-end|p1a: Aegis|fallenundefined|[silent]\n|switch|p1a: Temple|Ogerpon-Hearthflame, F|100/100\n|-ability|p1a: Temple|Mold Breaker\n|move|p2a: Ursaluna|Vacuum Wave|p1a: Temple\n|-damage|p1a: Temple|83/100\n|\n|-weather|Snow|[upkeep]\n|-heal|p2a: Ursaluna|22/100|[from] item: Leftovers\n|upkeep\n|turn|8\n|\n|t:|1695167324\n|-terastallize|p2a: Ursaluna|Fighting\n|move|p1a: Temple|Trailblaze|p2a: Ursaluna\n|-damage|p2a: Ursaluna|3/100\n|-boost|p1a: Temple|spe|1\n|move|p2a: Ursaluna|Blood Moon|p1a: Temple\n|-damage|p1a: Temple|0 fnt\n|faint|p1a: Temple\n|\n|-weather|Snow|[upkeep]\n|-heal|p2a: Ursaluna|9/100|[from] item: Leftovers\n|upkeep\n|\n|t:|1695167330\n|switch|p1a: Leviathan|Walking Wake|81/100\n|turn|9\n|\n|t:|1695167333\n|move|p2a: Ursaluna|Vacuum Wave|p1a: Leviathan\n|-damage|p1a: Leviathan|53/100\n|move|p1a: Leviathan|Flip Turn|p2a: Ursaluna\n|-damage|p2a: Ursaluna|0 fnt\n|faint|p2a: Ursaluna\n|-damage|p1a: Leviathan|43/100|[from] item: Life Orb\n|\n|t:|1695167336\n|-end|p1a: Leviathan|Protosynthesis|[silent]\n|switch|p1a: Vulcan|Torkoal, F|65/100|[from] Flip Turn\n|-weather|SunnyDay|[from] ability: Drought|[of] p1a: Vulcan\n|\n|-weather|SunnyDay|[upkeep]\n|upkeep\n|\n|t:|1695167338\n|switch|p2a: Slowking|Slowking-Galar, F|100/100\n|turn|10\n|\n|t:|1695167341\n|switch|p1a: Behemoth|Great Tusk|100/100\n|-activate|p1a: Behemoth|ability: Protosynthesis\n|-start|p1a: Behemoth|protosynthesisatk\n|move|p2a: Slowking|Psyshock|p1a: Behemoth\n|-supereffective|p1a: Behemoth\n|-damage|p1a: Behemoth|58/100\n|\n|-weather|SunnyDay|[upkeep]\n|upkeep\n|turn|11\n|\n|t:|1695167351\n|switch|p2a: Bax check|Orthworm, F|100/100\n|move|p1a: Behemoth|Close Combat|p2a: Bax check\n|-supereffective|p2a: Bax check\n|-damage|p2a: Bax check|13/100\n|-unboost|p1a: Behemoth|def|1\n|-unboost|p1a: Behemoth|spd|1\n|-damage|p1a: Behemoth|41/100|[from] item: Rocky Helmet|[of] p2a: Bax check\n|\n|-weather|SunnyDay|[upkeep]\n|upkeep\n|turn|12\n|\n|t:|1695167356\n|switch|p2a: Gholdengo|Gholdengo|100/100\n|move|p1a: Behemoth|Close Combat|p2a: Gholdengo\n|-immune|p2a: Gholdengo\n|\n|-weather|SunnyDay|[upkeep]\n|upkeep\n|turn|13\n|\n|t:|1695167368\n|-end|p1a: Behemoth|Protosynthesis|[silent]\n|switch|p1a: Vulcan|Torkoal, F|65/100\n|switch|p2a: Slowking|Slowking-Galar, F|100/100\n|\n|-weather|SunnyDay|[upkeep]\n|upkeep\n|turn|14\n|\n|t:|1695167375\n|move|p2a: Slowking|Chilly Reception|p2a: Slowking\n|-weather|Snow\n|\n|t:|1695167380\n|switch|p2a: Gholdengo|Gholdengo|100/100|[from] Chilly Reception\n|move|p1a: Vulcan|Burning Jealousy|p2a: Gholdengo\n|-supereffective|p2a: Gholdengo\n|-damage|p2a: Gholdengo|60/100\n|\n|-weather|Snow|[upkeep]\n|-heal|p2a: Gholdengo|66/100|[from] item: Leftovers\n|upkeep\n|turn|15\n|c|\u2606GultyLuxury|The fuck\n|c|\u2606GultyLuxury|!dt burning jealous\nNo Pok\u00e9mon, item, move, ability or nature named 'burning jealous' was found. Showing the data of 'Burning Jealousy' instead.\n|raw|<ul class=\"utilichart\"><li class=\"result\"><span class=\"col movenamecol\"><a href=\"https://dex.pokemonshowdown.com/moves/burningjealousy\">Burning Jealousy</a></span> <span class=\"col typecol\"><img src=\"//play.pokemonshowdown.com/sprites/types/Fire.png\" alt=\"Fire\" width=\"32\" height=\"14\"><img src=\"//play.pokemonshowdown.com/sprites/categories/Special.png\" alt=\"Special\" width=\"32\" height=\"14\"></span> <span class=\"col labelcol\"><em>Power</em><br>70</span> <span class=\"col widelabelcol\"><em>Accuracy</em><br>100%</span> <span class=\"col pplabelcol\"><em>PP</em><br>8</span> <span class=\"col movedesccol\">100% burns a target that had a stat rise this turn.</span> </li><li style=\"clear:both\"></li></ul>\n|raw|<font size=\"1\"><font color=\"#686868\">Priority:</font> 0&nbsp;|&ThickSpace;<font color=\"#686868\">Gen:</font> 8&nbsp;|&ThickSpace;&#10003; Boosted by Sheer Force&nbsp;|&ThickSpace;<font color=\"#686868\">Z-Power:</font> 140&nbsp;|&ThickSpace;<font color=\"#686868\">Dynamax Power:</font> 120&nbsp;|&ThickSpace;<font color=\"#686868\">Target:</font> All Adjacent Opponents</font>\n\n|c|\u2606GultyLuxury|Oh\n|c|\u2606GultyLuxury|Cool, weird, but cool\n|\n|t:|1695167405\n|switch|p1a: Aegis|Kingambit, M|52/100\n|-activate|p1a: Aegis|ability: Supreme Overlord\n|-start|p1a: Aegis|fallen1|[silent]\n|move|p2a: Gholdengo|Nasty Plot|p2a: Gholdengo\n|-boost|p2a: Gholdengo|spa|2\n|\n|-weather|Snow|[upkeep]\n|-heal|p2a: Gholdengo|72/100|[from] item: Leftovers\n|upkeep\n|turn|16\n|\n|t:|1695167418\n|move|p2a: Gholdengo|Make It Rain|p1a: Aegis\n|-resisted|p1a: Aegis\n|-damage|p1a: Aegis|0 fnt\n|-unboost|p2a: Gholdengo|spa|1\n|faint|p1a: Aegis\n|-end|p1a: Aegis|fallen1|[silent]\n|\n|-weather|Snow|[upkeep]\n|-heal|p2a: Gholdengo|79/100|[from] item: Leftovers\n|upkeep\n|\n|t:|1695167423\n|switch|p1a: Vulcan|Torkoal, F|65/100\n|-weather|SunnyDay|[from] ability: Drought|[of] p1a: Vulcan\n|turn|17\n|\n|t:|1695167428\n|switch|p1a: Behemoth|Great Tusk|41/100\n|-activate|p1a: Behemoth|ability: Protosynthesis\n|-start|p1a: Behemoth|protosynthesisatk\n|move|p2a: Gholdengo|Shadow Ball|p1a: Behemoth\n|-damage|p1a: Behemoth|0 fnt\n|faint|p1a: Behemoth\n|-end|p1a: Behemoth|Protosynthesis|[silent]\n|\n|-weather|SunnyDay|[upkeep]\n|-heal|p2a: Gholdengo|85/100|[from] item: Leftovers\n|upkeep\n|\n|t:|1695167429\n|switch|p1a: Apollo|Iron Moth|100/100\n|-enditem|p1a: Apollo|Booster Energy\n|-activate|p1a: Apollo|ability: Quark Drive|[fromitem]\n|-start|p1a: Apollo|quarkdrivespe\n|turn|18\n|\n|t:|1695167436\n|switch|p2a: Bax check|Orthworm, F|13/100\n|move|p1a: Apollo|Fiery Dance|p2a: Bax check\n|-supereffective|p2a: Bax check\n|-damage|p2a: Bax check|0 fnt\n|faint|p2a: Bax check\n|\n|-weather|SunnyDay|[upkeep]\n|upkeep\n|\n|t:|1695167438\n|switch|p2a: Slowking|Slowking-Galar, F|100/100\n|turn|19\n|\n|t:|1695167444\n|-terastallize|p1a: Apollo|Fairy\n|move|p1a: Apollo|Fiery Dance|p2a: Slowking\n|-damage|p2a: Slowking|66/100\n|move|p2a: Slowking|Psyshock|p1a: Apollo\n|-damage|p1a: Apollo|61/100\n|\n|-weather|SunnyDay|[upkeep]\n|upkeep\n|turn|20\n|\n|t:|1695167453\n|move|p1a: Apollo|Fiery Dance|p2a: Slowking\n|-damage|p2a: Slowking|31/100\n|move|p2a: Slowking|Slack Off|p2a: Slowking\n|-heal|p2a: Slowking|81/100\n|\n|-weather|SunnyDay|[upkeep]\n|upkeep\n|turn|21\n|\n|t:|1695167457\n|move|p1a: Apollo|Fiery Dance|p2a: Slowking\n|-damage|p2a: Slowking|45/100\n|move|p2a: Slowking|Flamethrower|p1a: Apollo\n|-damage|p1a: Apollo|27/100\n|\n|-weather|SunnyDay|[upkeep]\n|upkeep\n|turn|22\n|\n|t:|1695167463\n|move|p1a: Apollo|Fiery Dance|p2a: Slowking\n|-damage|p2a: Slowking|8/100\n|-boost|p1a: Apollo|spa|1\n|move|p2a: Slowking|Slack Off|p2a: Slowking\n|-heal|p2a: Slowking|58/100\n|\n|-weather|SunnyDay|[upkeep]\n|upkeep\n|turn|23\n|\n|t:|1695167467\n|move|p1a: Apollo|Fiery Dance|p2a: Slowking\n|-damage|p2a: Slowking|6/100\n|move|p2a: Slowking|Chilly Reception|p2a: Slowking\n|-weather|Snow\n|\n|t:|1695167470\n|switch|p2a: Iron Valiant|Iron Valiant|100/100|[from] Chilly Reception\n|-enditem|p2a: Iron Valiant|Booster Energy\n|-activate|p2a: Iron Valiant|ability: Quark Drive|[fromitem]\n|-start|p2a: Iron Valiant|quarkdrivespe\n|\n|-weather|Snow|[upkeep]\n|upkeep\n|turn|24\n|\n|t:|1695167473\n|move|p2a: Iron Valiant|Moonblast|p1a: Apollo\n|-damage|p1a: Apollo|0 fnt\n|faint|p1a: Apollo\n|-end|p1a: Apollo|Quark Drive|[silent]\n|\n|-weather|Snow|[upkeep]\n|upkeep\n|-message|clodgod6 forfeited.\n|\n|win|GultyLuxury\n|raw|clodgod6's rating: 1438 &rarr; <strong>1415</strong><br />(-23 for losing)\n|raw|GultyLuxury's rating: 1391 &rarr; <strong>1414</strong><br />(+23 for winning)\n|l|\u2606clodgod6\n|c|\u2606GultyLuxury|GG\n|c|\u2606GultyLuxury|Oh\n|c|\u2606GultyLuxury|He's gone\n|c|\u2606GultyLuxury|Okay\n", "uploadtime": 1695167488, "views": 1, "p1id": "clodgod6", "p2id": "gultyluxury", "formatid": "gen9ou", "rating": 1414, "private": 0, "password": ""}