{"id": "gen9ou-1947570801", "p1": "a2y", "p2": "nyancatninja", "format": "gen9ou", "log": "|j|\u2606a2y\n|j|\u203dnyancatninja\n|t:|1695173625\n|gametype|singles\n|player|p1|a2y|cynthia|1397\n|player|p2|nyancatninja|oak|1451\n|teamsize|p1|6\n|teamsize|p2|6\n|gen|9\n|tier|[Gen 9] OU\n|rated|\n|rule|Sleep Clause Mod: Limit one foe put to sleep\n|rule|Species Clause: Limit one of each Pok\u00e9mon\n|rule|OHKO Clause: OHKO moves are banned\n|rule|Evasion Items Clause: Evasion items are banned\n|rule|Evasion Moves Clause: Evasion moves are banned\n|rule|Endless Battle Clause: Forcing endless battles is banned\n|rule|HP Percentage Mod: HP is shown in percentages\n|clearpoke\n|poke|p1|Ursaluna-Bloodmoon, M|\n|poke|p1|Munkidori, M|\n|poke|p1|Ogerpon-Hearthflame, F|\n|poke|p1|Dragapult, F|\n|poke|p1|Gliscor, M|\n|poke|p1|Mandibuzz, F|\n|poke|p2|Roaring Moon|\n|poke|p2|Walking Wake|\n|poke|p2|Ninetales, M|\n|poke|p2|Munkidori, M|\n|poke|p2|Ogerpon-Hearthflame, F|\n|poke|p2|Great Tusk|\n|teampreview\n|inactive|Battle timer is ON: inactive players will automatically lose when time's up. (requested by nyancatninja)\n|\n|t:|1695173645\n|start\n|switch|p1a: Gliscor|Gliscor, M|100/100\n|switch|p2a: Roaring Moon|Roaring Moon|100/100\n|turn|1\n|\n|t:|1695173652\n|move|p1a: Gliscor|Protect|p1a: Gliscor\n|-singleturn|p1a: Gliscor|Protect\n|move|p2a: Roaring Moon|Knock Off|p1a: Gliscor\n|-activate|p1a: Gliscor|move: Protect\n|\n|-status|p1a: Gliscor|tox|[from] item: Toxic Orb\n|upkeep\n|turn|2\n|\n|t:|1695173658\n|move|p2a: Roaring Moon|Knock Off|p1a: Gliscor\n|-damage|p1a: Gliscor|54/100 tox\n|-enditem|p1a: Gliscor|Toxic Orb|[from] move: Knock Off|[of] p2a: Roaring Moon\n|move|p1a: Gliscor|Stealth Rock|p2a: Roaring Moon\n|-sidestart|p2: nyancatninja|move: Stealth Rock\n|\n|-heal|p1a: Gliscor|66/100 tox|[from] ability: Poison Heal\n|upkeep\n|turn|3\n|\n|t:|1695173664\n|-end|p2a: Roaring Moon|Protosynthesis|[silent]\n|switch|p2a: Great Tusk|Great Tusk|100/100\n|-damage|p2a: Great Tusk|98/100|[from] Stealth Rock\n|move|p1a: Gliscor|Earthquake|p2a: Great Tusk\n|-damage|p2a: Great Tusk|83/100\n|\n|-heal|p2a: Great Tusk|89/100|[from] item: Leftovers\n|-heal|p1a: Gliscor|78/100 tox|[from] ability: Poison Heal\n|upkeep\n|turn|4\n|inactive|a2y has 120 seconds left.\n|\n|t:|1695173695\n|switch|p1a: Ogerpon|Ogerpon-Hearthflame, F|100/100\n|-ability|p1a: Ogerpon|Mold Breaker\n|move|p2a: Great Tusk|Ice Spinner|p1a: Ogerpon\n|-damage|p1a: Ogerpon|71/100\n|\n|-heal|p2a: Great Tusk|95/100|[from] item: Leftovers\n|upkeep\n|turn|5\n|\n|t:|1695173717\n|-end|p2a: Great Tusk|Protosynthesis|[silent]\n|switch|p2a: Walking Wake|Walking Wake|100/100\n|-damage|p2a: Walking Wake|88/100|[from] Stealth Rock\n|move|p1a: Ogerpon|Focus Energy|p1a: Ogerpon\n|-start|p1a: Ogerpon|move: Focus Energy\n|\n|upkeep\n|turn|6\n|\n|t:|1695173723\n|move|p1a: Ogerpon|Horn Leech|p2a: Walking Wake\n|-damage|p2a: Walking Wake|38/100\n|-heal|p1a: Ogerpon|99/100|[from] drain|[of] p2a: Walking Wake\n|move|p2a: Walking Wake|Hydro Steam|p1a: Ogerpon\n|-damage|p1a: Ogerpon|38/100\n|-damage|p2a: Walking Wake|29/100|[from] item: Life Orb\n|\n|upkeep\n|turn|7\n|\n|t:|1695173729\n|move|p1a: Ogerpon|Horn Leech|p2a: Walking Wake\n|-damage|p2a: Walking Wake|0 fnt\n|-heal|p1a: Ogerpon|54/100|[from] drain|[of] p2a: Walking Wake\n|faint|p2a: Walking Wake\n|-end|p2a: Walking Wake|Protosynthesis|[silent]\n|\n|upkeep\n|\n|t:|1695173732\n|switch|p2a: Munkidori|Munkidori, M|100/100\n|-damage|p2a: Munkidori|88/100|[from] Stealth Rock\n|turn|8\n|\n|t:|1695173739\n|switch|p1a: Mandibuzz|Mandibuzz, F|100/100\n|move|p2a: Munkidori|Sludge Bomb|p1a: Mandibuzz\n|-damage|p1a: Mandibuzz|72/100\n|\n|upkeep\n|turn|9\n|\n|t:|1695173742\n|move|p2a: Munkidori|Sludge Bomb|p1a: Mandibuzz\n|-damage|p1a: Mandibuzz|44/100\n|-status|p1a: Mandibuzz|psn\n|move|p1a: Mandibuzz|Foul Play|p2a: Munkidori\n|-supereffective|p2a: Munkidori\n|-damage|p2a: Munkidori|16/100\n|\n|-damage|p1a: Mandibuzz|31/100 psn|[from] psn\n|upkeep\n|turn|10\n|\n|t:|1695173750\n|move|p2a: Munkidori|Sludge Bomb|p1a: Mandibuzz\n|-damage|p1a: Mandibuzz|6/100 psn\n|move|p1a: Mandibuzz|Foul Play|p2a: Munkidori\n|-supereffective|p2a: Munkidori\n|-damage|p2a: Munkidori|0 fnt\n|faint|p2a: Munkidori\n|\n|-damage|p1a: Mandibuzz|0 fnt|[from] psn\n|faint|p1a: Mandibuzz\n|upkeep\n|\n|t:|1695173759\n|switch|p2a: Great Tusk|Great Tusk|95/100\n|switch|p1a: BLOOD|Ursaluna-Bloodmoon, M|100/100\n|-damage|p2a: Great Tusk|92/100|[from] Stealth Rock\n|turn|11\n|\n|t:|1695173766\n|move|p2a: Great Tusk|Rapid Spin|p1a: BLOOD\n|-crit|p1a: BLOOD\n|-damage|p1a: BLOOD|84/100\n|-boost|p2a: Great Tusk|spe|1\n|-sideend|p2: nyancatninja|Stealth Rock|[from] move: Rapid Spin|[of] p2a: Great Tusk\n|move|p1a: BLOOD|Blood Moon|p2a: Great Tusk\n|-damage|p2a: Great Tusk|0 fnt\n|faint|p2a: Great Tusk\n|-end|p2a: Great Tusk|Protosynthesis|[silent]\n|\n|-heal|p1a: BLOOD|90/100|[from] item: Leftovers\n|upkeep\n|\n|t:|1695173769\n|switch|p2a: Ninetales|Ninetales, M|100/100\n|-weather|SunnyDay|[from] ability: Drought|[of] p2a: Ninetales\n|turn|12\n|\n|t:|1695173773\n|move|p2a: Ninetales|Solar Beam||[still]\n|-prepare|p2a: Ninetales|Solar Beam\n|-anim|p2a: Ninetales|Solar Beam|p1a: BLOOD\n|-supereffective|p1a: BLOOD\n|-damage|p1a: BLOOD|43/100\n|move|p1a: BLOOD|Calm Mind|p1a: BLOOD\n|-boost|p1a: BLOOD|spa|1\n|-boost|p1a: BLOOD|spd|1\n|\n|-weather|SunnyDay|[upkeep]\n|-heal|p1a: BLOOD|49/100|[from] item: Leftovers\n|upkeep\n|turn|13\n|\n|t:|1695173782\n|move|p2a: Ninetales|Encore|p1a: BLOOD\n|-start|p1a: BLOOD|Encore\n|move|p1a: BLOOD|Calm Mind|p1a: BLOOD\n|-boost|p1a: BLOOD|spa|1\n|-boost|p1a: BLOOD|spd|1\n|\n|-weather|SunnyDay|[upkeep]\n|-heal|p1a: BLOOD|55/100|[from] item: Leftovers\n|upkeep\n|turn|14\n|\n|t:|1695173785\n|switch|p2a: Ogerpon|Ogerpon-Hearthflame, F|100/100\n|-ability|p2a: Ogerpon|Mold Breaker\n|move|p1a: BLOOD|Calm Mind|p1a: BLOOD\n|-boost|p1a: BLOOD|spa|1\n|-boost|p1a: BLOOD|spd|1\n|\n|-weather|SunnyDay|[upkeep]\n|-heal|p1a: BLOOD|61/100|[from] item: Leftovers\n|upkeep\n|turn|15\n|\n|t:|1695173794\n|move|p2a: Ogerpon|Swords Dance|p2a: Ogerpon\n|-boost|p2a: Ogerpon|atk|2\n|move|p1a: BLOOD|Calm Mind|p1a: BLOOD\n|-boost|p1a: BLOOD|spa|1\n|-boost|p1a: BLOOD|spd|1\n|\n|-weather|SunnyDay|[upkeep]\n|-heal|p1a: BLOOD|67/100|[from] item: Leftovers\n|-end|p1a: BLOOD|Encore\n|upkeep\n|turn|16\n|\n|t:|1695173796\n|-terastallize|p1a: BLOOD|Fighting\n|move|p1a: BLOOD|Vacuum Wave|p2a: Ogerpon\n|-damage|p2a: Ogerpon|24/100\n|move|p2a: Ogerpon|Horn Leech|p1a: BLOOD\n|-damage|p1a: BLOOD|9/100\n|-heal|p2a: Ogerpon|66/100|[from] drain|[of] p1a: BLOOD\n|\n|-weather|SunnyDay|[upkeep]\n|-heal|p1a: BLOOD|15/100|[from] item: Leftovers\n|upkeep\n|turn|17\n|\n|t:|1695173818\n|move|p1a: BLOOD|Vacuum Wave|p2a: Ogerpon\n|-damage|p2a: Ogerpon|0 fnt\n|faint|p2a: Ogerpon\n|\n|-weather|SunnyDay|[upkeep]\n|-heal|p1a: BLOOD|21/100|[from] item: Leftovers\n|upkeep\n|\n|t:|1695173820\n|switch|p2a: Ninetales|Ninetales, M|100/100\n|turn|18\n|\n|t:|1695173825\n|move|p1a: BLOOD|Vacuum Wave|p2a: Ninetales\n|-damage|p2a: Ninetales|26/100\n|move|p2a: Ninetales|Solar Beam||[still]\n|-prepare|p2a: Ninetales|Solar Beam\n|-anim|p2a: Ninetales|Solar Beam|p1a: BLOOD\n|-damage|p1a: BLOOD|12/100\n|\n|-weather|SunnyDay|[upkeep]\n|-heal|p1a: BLOOD|19/100|[from] item: Leftovers\n|upkeep\n|turn|19\n|\n|t:|1695173832\n|move|p1a: BLOOD|Vacuum Wave|p2a: Ninetales\n|-damage|p2a: Ninetales|0 fnt\n|faint|p2a: Ninetales\n|\n|-weather|none\n|-heal|p1a: BLOOD|25/100|[from] item: Leftovers\n|upkeep\n|\n|t:|1695173834\n|switch|p2a: Roaring Moon|Roaring Moon|100/100\n|turn|20\n|\n|t:|1695173837\n|-terastallize|p2a: Roaring Moon|Dark\n|move|p1a: BLOOD|Vacuum Wave|p2a: Roaring Moon\n|-supereffective|p2a: Roaring Moon\n|-damage|p2a: Roaring Moon|0 fnt\n|faint|p2a: Roaring Moon\n|-end|p2a: Roaring Moon|Protosynthesis|[silent]\n|\n|win|a2y\n|raw|a2y's rating: 1397 &rarr; <strong>1420</strong><br />(+23 for winning)\n|raw|nyancatninja's rating: 1451 &rarr; <strong>1428</strong><br />(-23 for losing)\n|l|\u203dnyancatninja\n", "uploadtime": 1695173846, "views": 4, "p1id": "a2y", "p2id": "nyancatninja", "formatid": "gen9ou", "rating": 1420, "private": 0, "password": ""}