{"id": "gen9ou-1947567740", "p1": "Speedrun2Lobby", "p2": "steezy1", "format": "gen9ou", "log": "|j|\u2606Speedrun2Lobby\n|j|\u2606steezy1\n|t:|1695173338\n|gametype|singles\n|player|p1|Speedrun2Lobby|170|1398\n|player|p2|steezy1|1|1310\n|teamsize|p1|6\n|teamsize|p2|6\n|gen|9\n|tier|[Gen 9] OU\n|rated|\n|rule|Sleep Clause Mod: Limit one foe put to sleep\n|rule|Species Clause: Limit one of each Pok\u00e9mon\n|rule|OHKO Clause: OHKO moves are banned\n|rule|Evasion Items Clause: Evasion items are banned\n|rule|Evasion Moves Clause: Evasion moves are banned\n|rule|Endless Battle Clause: Forcing endless battles is banned\n|rule|HP Percentage Mod: HP is shown in percentages\n|clearpoke\n|poke|p1|Iron Valiant|\n|poke|p1|Gholdengo|\n|poke|p1|Great Tusk|\n|poke|p1|Rotom-Wash|\n|poke|p1|Roaring Moon|\n|poke|p1|Iron Moth|\n|poke|p2|Pelipper, F|\n|poke|p2|Rotom-Heat|\n|poke|p2|Barraskewda, F|\n|poke|p2|Iron Treads|\n|poke|p2|Basculegion-F, F|\n|poke|p2|Muk-Alola, M|\n|teampreview\n|\n|t:|1695173350\n|start\n|switch|p1a: Rotom|Rotom-Wash|100/100\n|switch|p2a: Rotom|Rotom-Heat|100/100\n|turn|1\n|\n|t:|1695173361\n|move|p2a: Rotom|Volt Switch|p1a: Rotom\n|-damage|p1a: Rotom|79/100\n|\n|t:|1695173366\n|switch|p2a: Iron Treads|Iron Treads|100/100|[from] Volt Switch\n|move|p1a: Rotom|Hydro Pump|p2a: Iron Treads\n|-supereffective|p2a: Iron Treads\n|-damage|p2a: Iron Treads|18/100\n|\n|-heal|p2a: Iron Treads|24/100|[from] item: Leftovers\n|-heal|p1a: Rotom|86/100|[from] item: Leftovers\n|upkeep\n|turn|2\n|\n|t:|1695173375\n|-end|p2a: Iron Treads|Quark Drive|[silent]\n|switch|p2a: Pelipper|Pelipper, F|100/100\n|-weather|RainDance|[from] ability: Drizzle|[of] p2a: Pelipper\n|move|p1a: Rotom|Will-O-Wisp|p2a: Pelipper\n|-status|p2a: Pelipper|brn\n|\n|-weather|RainDance|[upkeep]\n|-heal|p1a: Rotom|92/100|[from] item: Leftovers\n|-damage|p2a: Pelipper|94/100 brn|[from] brn\n|upkeep\n|turn|3\n|\n|t:|1695173382\n|switch|p2a: Rotom|Rotom-Heat|100/100\n|move|p1a: Rotom|Volt Switch|p2a: Rotom\n|-resisted|p2a: Rotom\n|-damage|p2a: Rotom|87/100\n|\n|t:|1695173389\n|switch|p1a: Roaring Moon|Roaring Moon|100/100|[from] Volt Switch\n|\n|-weather|RainDance|[upkeep]\n|upkeep\n|turn|4\n|\n|t:|1695173394\n|move|p2a: Rotom|Trick|p1a: Roaring Moon\n|-activate|p2a: Rotom|move: Trick|[of] p1a: Roaring Moon\n|-item|p1a: Roaring Moon|Choice Scarf|[from] move: Trick\n|-item|p2a: Rotom|Choice Band|[from] move: Trick\n|move|p1a: Roaring Moon|U-turn|p2a: Rotom\n|-resisted|p2a: Rotom\n|-damage|p2a: Rotom|73/100\n|\n|t:|1695173409\n|-end|p1a: Roaring Moon|Protosynthesis|[silent]\n|switch|p1a: Gholdengo|Gholdengo|100/100|[from] U-turn\n|\n|-weather|RainDance|[upkeep]\n|upkeep\n|turn|5\n|\n|t:|1695173416\n|move|p2a: Rotom|Volt Switch|p1a: Gholdengo\n|-crit|p1a: Gholdengo\n|-damage|p1a: Gholdengo|61/100\n|\n|t:|1695173423\n|switch|p2a: Muk|Muk-Alola, M|100/100|[from] Volt Switch\n|move|p1a: Gholdengo|Shadow Ball|p2a: Muk\n|-resisted|p2a: Muk\n|-crit|p2a: Muk\n|-damage|p2a: Muk|86/100\n|\n|-weather|RainDance|[upkeep]\n|-heal|p1a: Gholdengo|67/100|[from] item: Leftovers\n|upkeep\n|turn|6\n|\n|t:|1695173436\n|switch|p1a: Great Tusk|Great Tusk|100/100\n|move|p2a: Muk|Gunk Shot|p1a: Great Tusk\n|-resisted|p1a: Great Tusk\n|-damage|p1a: Great Tusk|87/100\n|\n|-weather|RainDance|[upkeep]\n|-heal|p1a: Great Tusk|94/100|[from] item: Leftovers\n|upkeep\n|turn|7\n|\n|t:|1695173445\n|move|p1a: Great Tusk|Stealth Rock|p2a: Muk\n|-sidestart|p2: steezy1|move: Stealth Rock\n|move|p2a: Muk|Knock Off|p1a: Great Tusk\n|-resisted|p1a: Great Tusk\n|-damage|p1a: Great Tusk|83/100\n|-enditem|p1a: Great Tusk|Leftovers|[from] move: Knock Off|[of] p2a: Muk\n|\n|-weather|RainDance|[upkeep]\n|upkeep\n|turn|8\n|\n|t:|1695173461\n|switch|p2a: Iron Treads|Iron Treads|24/100\n|-damage|p2a: Iron Treads|21/100|[from] Stealth Rock\n|move|p1a: Great Tusk|Earthquake|p2a: Iron Treads\n|-supereffective|p2a: Iron Treads\n|-damage|p2a: Iron Treads|0 fnt\n|faint|p2a: Iron Treads\n|-end|p2a: Iron Treads|Quark Drive|[silent]\n|\n|-weather|RainDance|[upkeep]\n|upkeep\n|\n|t:|1695173466\n|switch|p2a: Barraskewda|Barraskewda, F|100/100\n|-damage|p2a: Barraskewda|88/100|[from] Stealth Rock\n|turn|9\n|\n|t:|1695173471\n|-terastallize|p2a: Barraskewda|Water\n|-terastallize|p1a: Great Tusk|Water\n|move|p2a: Barraskewda|Liquidation|p1a: Great Tusk\n|-resisted|p1a: Great Tusk\n|-damage|p1a: Great Tusk|48/100\n|move|p1a: Great Tusk|Knock Off|p2a: Barraskewda\n|-damage|p2a: Barraskewda|30/100\n|-enditem|p2a: Barraskewda|Choice Band|[from] move: Knock Off|[of] p1a: Great Tusk\n|\n|-weather|none\n|upkeep\n|turn|10\n|\n|t:|1695173483\n|move|p2a: Barraskewda|Liquidation|p1a: Great Tusk\n|-resisted|p1a: Great Tusk\n|-damage|p1a: Great Tusk|32/100\n|move|p1a: Great Tusk|Knock Off|p2a: Barraskewda\n|-damage|p2a: Barraskewda|0 fnt\n|faint|p2a: Barraskewda\n|\n|upkeep\n|\n|t:|1695173495\n|switch|p2a: Rotom|Rotom-Heat|73/100\n|-damage|p2a: Rotom|48/100|[from] Stealth Rock\n|turn|11\n|\n|t:|1695173500\n|-end|p1a: Great Tusk|Protosynthesis|[silent]\n|switch|p1a: Rotom|Rotom-Wash|92/100\n|move|p2a: Rotom|Volt Switch|p1a: Rotom\n|-damage|p1a: Rotom|71/100\n|\n|t:|1695173503\n|switch|p2a: Pelipper|Pelipper, F|94/100 brn|[from] Volt Switch\n|-damage|p2a: Pelipper|69/100 brn|[from] Stealth Rock\n|-weather|RainDance|[from] ability: Drizzle|[of] p2a: Pelipper\n|\n|-weather|RainDance|[upkeep]\n|-heal|p1a: Rotom|77/100|[from] item: Leftovers\n|-damage|p2a: Pelipper|63/100 brn|[from] brn\n|upkeep\n|turn|12\n|\n|t:|1695173511\n|switch|p2a: Rotom|Rotom-Heat|48/100\n|-damage|p2a: Rotom|23/100|[from] Stealth Rock\n|move|p1a: Rotom|Protect||[still]\n|-fail|p1a: Rotom\n|\n|-weather|RainDance|[upkeep]\n|-heal|p1a: Rotom|84/100|[from] item: Leftovers\n|upkeep\n|turn|13\n|\n|t:|1695173520\n|move|p1a: Rotom|Protect|p1a: Rotom\n|-singleturn|p1a: Rotom|Protect\n|move|p2a: Rotom|Will-O-Wisp|p1a: Rotom\n|-activate|p1a: Rotom|move: Protect\n|\n|-weather|RainDance|[upkeep]\n|-heal|p1a: Rotom|90/100|[from] item: Leftovers\n|upkeep\n|turn|14\n|\n|t:|1695173550\n|switch|p2a: Basculegion|Basculegion-F, F|100/100\n|-damage|p2a: Basculegion|88/100|[from] Stealth Rock\n|switch|p1a: Iron Moth|Iron Moth|100/100\n|\n|-weather|RainDance|[upkeep]\n|upkeep\n|turn|15\n|\n|t:|1695173565\n|-end|p1a: Iron Moth|Quark Drive|[silent]\n|switch|p1a: Roaring Moon|Roaring Moon|100/100\n|move|p2a: Basculegion|Surf|p1a: Roaring Moon\n|-resisted|p1a: Roaring Moon\n|-damage|p1a: Roaring Moon|57/100\n|\n|-weather|RainDance|[upkeep]\n|upkeep\n|turn|16\n|\n|t:|1695173571\n|switch|p2a: Muk|Muk-Alola, M|86/100\n|-damage|p2a: Muk|74/100|[from] Stealth Rock\n|move|p1a: Roaring Moon|Crunch|p2a: Muk\n|-resisted|p2a: Muk\n|-damage|p2a: Muk|50/100\n|\n|-weather|RainDance|[upkeep]\n|upkeep\n|turn|17\n|\n|t:|1695173588\n|-end|p1a: Roaring Moon|Protosynthesis|[silent]\n|switch|p1a: Rotom|Rotom-Wash|90/100\n|move|p2a: Muk|Drain Punch|p1a: Rotom\n|-damage|p1a: Rotom|66/100\n|-heal|p2a: Muk|59/100|[from] drain|[of] p1a: Rotom\n|\n|-weather|RainDance|[upkeep]\n|-heal|p1a: Rotom|72/100|[from] item: Leftovers\n|upkeep\n|turn|18\n|\n|t:|1695173592\n|move|p1a: Rotom|Will-O-Wisp|p2a: Muk\n|-status|p2a: Muk|brn\n|move|p2a: Muk|Knock Off|p1a: Rotom\n|-damage|p1a: Rotom|48/100\n|-status|p1a: Rotom|psn|[from] ability: Poison Touch|[of] p2a: Muk\n|-enditem|p1a: Rotom|Leftovers|[from] move: Knock Off|[of] p2a: Muk\n|\n|-weather|none\n|-damage|p1a: Rotom|35/100 psn|[from] psn\n|-damage|p2a: Muk|53/100 brn|[from] brn\n|upkeep\n|turn|19\n|\n|t:|1695173598\n|move|p1a: Rotom|Volt Switch|p2a: Muk\n|-damage|p2a: Muk|39/100 brn\n|\n|t:|1695173608\n|switch|p1a: Roaring Moon|Roaring Moon|57/100|[from] Volt Switch\n|move|p2a: Muk|Knock Off|p1a: Roaring Moon\n|-resisted|p1a: Roaring Moon\n|-damage|p1a: Roaring Moon|41/100\n|-enditem|p1a: Roaring Moon|Choice Scarf|[from] move: Knock Off|[of] p2a: Muk\n|\n|-damage|p2a: Muk|33/100 brn|[from] brn\n|upkeep\n|turn|20\n|\n|t:|1695173615\n|move|p1a: Roaring Moon|Dragon Claw|p2a: Muk\n|-damage|p2a: Muk|0 fnt\n|faint|p2a: Muk\n|\n|upkeep\n|\n|t:|1695173619\n|switch|p2a: Pelipper|Pelipper, F|63/100 brn\n|-damage|p2a: Pelipper|38/100 brn|[from] Stealth Rock\n|-weather|RainDance|[from] ability: Drizzle|[of] p2a: Pelipper\n|turn|21\n|\n|t:|1695173633\n|-end|p1a: Roaring Moon|Protosynthesis|[silent]\n|switch|p1a: Rotom|Rotom-Wash|35/100 psn\n|switch|p2a: Rotom|Rotom-Heat|23/100\n|-damage|p2a: Rotom|0 fnt|[from] Stealth Rock\n|faint|p2a: Rotom\n|\n|-weather|RainDance|[upkeep]\n|-damage|p1a: Rotom|23/100 psn|[from] psn\n|upkeep\n|\n|t:|1695173638\n|switch|p2a: Basculegion|Basculegion-F, F|88/100\n|-damage|p2a: Basculegion|76/100|[from] Stealth Rock\n|turn|22\n|\n|t:|1695173642\n|move|p1a: Rotom|Protect|p1a: Rotom\n|-singleturn|p1a: Rotom|Protect\n|move|p2a: Basculegion|Surf|p1a: Rotom\n|-activate|p1a: Rotom|move: Protect\n|\n|-weather|RainDance|[upkeep]\n|-damage|p1a: Rotom|10/100 psn|[from] psn\n|upkeep\n|turn|23\n|\n|t:|1695173647\n|move|p2a: Basculegion|Surf|p1a: Rotom\n|-resisted|p1a: Rotom\n|-damage|p1a: Rotom|0 fnt\n|faint|p1a: Rotom\n|\n|-weather|RainDance|[upkeep]\n|upkeep\n|\n|t:|1695173659\n|switch|p1a: Roaring Moon|Roaring Moon|41/100\n|turn|24\n|c|\u2606steezy1|Damn this sweep will hurt\n|\n|t:|1695173667\n|move|p2a: Basculegion|Surf|p1a: Roaring Moon\n|-resisted|p1a: Roaring Moon\n|-damage|p1a: Roaring Moon|0 fnt\n|faint|p1a: Roaring Moon\n|-end|p1a: Roaring Moon|Protosynthesis|[silent]\n|\n|-weather|RainDance|[upkeep]\n|upkeep\n|\n|t:|1695173678\n|switch|p1a: Great Tusk|Great Tusk, tera:Water|32/100\n|turn|25\n|\n|t:|1695173682\n|move|p2a: Basculegion|Surf|p1a: Great Tusk\n|-resisted|p1a: Great Tusk\n|-damage|p1a: Great Tusk|0 fnt\n|faint|p1a: Great Tusk\n|-end|p1a: Great Tusk|Protosynthesis|[silent]\n|\n|-weather|RainDance|[upkeep]\n|upkeep\n|\n|t:|1695173692\n|switch|p1a: Iron Valiant|Iron Valiant|100/100\n|-enditem|p1a: Iron Valiant|Booster Energy\n|-activate|p1a: Iron Valiant|ability: Quark Drive|[fromitem]\n|-start|p1a: Iron Valiant|quarkdrivespe\n|turn|26\n|c|\u2606steezy1|Itll make a good replay haha\n|\n|t:|1695173700\n|move|p1a: Iron Valiant|Thunderbolt|p2a: Basculegion\n|-supereffective|p2a: Basculegion\n|-damage|p2a: Basculegion|13/100\n|move|p2a: Basculegion|Surf|p1a: Iron Valiant\n|-damage|p1a: Iron Valiant|0 fnt\n|faint|p1a: Iron Valiant\n|-end|p1a: Iron Valiant|Quark Drive|[silent]\n|\n|-weather|RainDance|[upkeep]\n|upkeep\n|c|\u2606Speedrun2Lobby|ah rip, was hoping that would ko\n|c|\u2606Speedrun2Lobby|gg :)\n|\n|t:|1695173720\n|switch|p1a: Gholdengo|Gholdengo|67/100\n|turn|27\n|\n|t:|1695173725\n|move|p2a: Basculegion|Surf|p1a: Gholdengo\n|-damage|p1a: Gholdengo|0 fnt\n|faint|p1a: Gholdengo\n|\n|-weather|RainDance|[upkeep]\n|upkeep\n|\n|t:|1695173728\n|switch|p1a: Iron Moth|Iron Moth|100/100\n|turn|28\n|c|\u2606steezy1|ggs\n|\n|t:|1695173734\n|move|p2a: Basculegion|Surf|p1a: Iron Moth\n|-supereffective|p1a: Iron Moth\n|-damage|p1a: Iron Moth|0 fnt\n|faint|p1a: Iron Moth\n|-end|p1a: Iron Moth|Quark Drive|[silent]\n|\n|win|steezy1\n|raw|Speedrun2Lobby's rating: 1398 &rarr; <strong>1373</strong><br />(-25 for losing)\n|raw|steezy1's rating: 1310 &rarr; <strong>1335</strong><br />(+25 for winning)\n|l|\u2606Speedrun2Lobby\n", "uploadtime": 1695173745, "views": 2, "p1id": "speedrun2lobby", "p2id": "steezy1", "formatid": "gen9ou", "rating": 1335, "private": 0, "password": ""}