{"id": "gen9ou-1947536294", "p1": "Kiky14", "p2": "tasiujaq barbie", "format": "gen9ou", "log": "|j|\u2606Kiky14\n|j|\u2606tasiujaq barbie\n|t:|1695170297\n|gametype|singles\n|player|p1|Kiky14|hilda-wonderlauncher|1232\n|player|p2|tasiujaq barbie|fantina|1214\n|teamsize|p1|6\n|teamsize|p2|6\n|gen|9\n|tier|[Gen 9] OU\n|rated|\n|rule|Sleep Clause Mod: Limit one foe put to sleep\n|rule|Species Clause: Limit one of each Pok\u00e9mon\n|rule|OHKO Clause: OHKO moves are banned\n|rule|Evasion Items Clause: Evasion items are banned\n|rule|Evasion Moves Clause: Evasion moves are banned\n|rule|Endless Battle Clause: Forcing endless battles is banned\n|rule|HP Percentage Mod: HP is shown in percentages\n|clearpoke\n|poke|p1|Landorus-Therian, M|\n|poke|p1|Umbreon, F|\n|poke|p1|Infernape, M|\n|poke|p1|Walking Wake|\n|poke|p1|Ogerpon, F|\n|poke|p1|Glimmora, M|\n|poke|p2|Basculegion, M|\n|poke|p2|Haxorus, M|\n|poke|p2|Kilowattrel, F|\n|poke|p2|Pelipper, F|\n|poke|p2|Hariyama, F|\n|poke|p2|Overqwil, M|\n|teampreview\n|\n|t:|1695170308\n|start\n|switch|p1a: Ogerpon|Ogerpon, F|100/100\n|switch|p2a: Pelipper|Pelipper, F|100/100\n|-weather|RainDance|[from] ability: Drizzle|[of] p2a: Pelipper\n|turn|1\n|\n|t:|1695170328\n|switch|p2a: Kilowattrel|Kilowattrel, F|100/100\n|move|p1a: Ogerpon|U-turn|p2a: Kilowattrel\n|-resisted|p2a: Kilowattrel\n|-damage|p2a: Kilowattrel|68/100\n|\n|t:|1695170359\n|switch|p1a: Walking Wake|Walking Wake|100/100|[from] U-turn\n|\n|-weather|RainDance|[upkeep]\n|upkeep\n|turn|2\n|\n|t:|1695170365\n|move|p1a: Walking Wake|Draco Meteor|p2a: Kilowattrel\n|-damage|p2a: Kilowattrel|0 fnt\n|-unboost|p1a: Walking Wake|spa|2\n|faint|p2a: Kilowattrel\n|\n|-weather|RainDance|[upkeep]\n|upkeep\n|\n|t:|1695170374\n|switch|p2a: Overqwil|Overqwil, M|100/100\n|turn|3\n|\n|t:|1695170383\n|-end|p1a: Walking Wake|Protosynthesis|[silent]\n|switch|p1a: Hecberth|Glimmora, M, shiny|100/100\n|move|p2a: Overqwil|Swords Dance|p2a: Overqwil\n|-boost|p2a: Overqwil|atk|2\n|\n|-weather|RainDance|[upkeep]\n|upkeep\n|turn|4\n|\n|t:|1695170390\n|move|p2a: Overqwil|Liquidation|p1a: Hecberth\n|-supereffective|p1a: Hecberth\n|-enditem|p1a: Hecberth|Focus Sash\n|-damage|p1a: Hecberth|1/100\n|-activate|p1a: Hecberth|ability: Toxic Debris\n|-sidestart|p2: tasiujaq barbie|move: Toxic Spikes\n|-damage|p2a: Overqwil|91/100|[from] item: Life Orb\n|move|p1a: Hecberth|Earth Power|p2a: Overqwil\n|-supereffective|p2a: Overqwil\n|-damage|p2a: Overqwil|0 fnt\n|faint|p2a: Overqwil\n|\n|-weather|RainDance|[upkeep]\n|upkeep\n|\n|t:|1695170399\n|switch|p2a: Hariyama|Hariyama, F|100/100\n|-status|p2a: Hariyama|psn\n|turn|5\n|\n|t:|1695170410\n|move|p2a: Hariyama|Bullet Punch|p1a: Hecberth\n|-supereffective|p1a: Hecberth\n|-damage|p1a: Hecberth|0 fnt\n|-activate|p1a: Hecberth|ability: Toxic Debris\n|-sidestart|p2: tasiujaq barbie|move: Toxic Spikes\n|faint|p1a: Hecberth\n|\n|-weather|RainDance|[upkeep]\n|-damage|p2a: Hariyama|88/100 psn|[from] psn\n|upkeep\n|\n|t:|1695170421\n|switch|p1a: Landorus|Landorus-Therian, M|100/100\n|-ability|p1a: Landorus|Intimidate|boost\n|-unboost|p2a: Hariyama|atk|1\n|turn|6\n|\n|t:|1695170429\n|switch|p2a: Haxorus|Haxorus, M|100/100\n|-status|p2a: Haxorus|tox\n|-ability|p2a: Haxorus|Mold Breaker\n|move|p1a: Landorus|Stealth Rock|p2a: Haxorus\n|-sidestart|p2: tasiujaq barbie|move: Stealth Rock\n|\n|-weather|RainDance|[upkeep]\n|-damage|p2a: Haxorus|94/100 tox|[from] psn\n|upkeep\n|turn|7\n|\n|t:|1695170435\n|move|p2a: Haxorus|Dragon Dance|p2a: Haxorus\n|-boost|p2a: Haxorus|atk|1\n|-boost|p2a: Haxorus|spe|1\n|move|p1a: Landorus|U-turn|p2a: Haxorus\n|-damage|p2a: Haxorus|66/100 tox\n|\n|t:|1695170454\n|switch|p1a: Walking Wake|Walking Wake|100/100|[from] U-turn\n|\n|-weather|RainDance|[upkeep]\n|-damage|p2a: Haxorus|54/100 tox|[from] psn\n|upkeep\n|turn|8\n|\n|t:|1695170458\n|move|p2a: Haxorus|Outrage|p1a: Walking Wake\n|-supereffective|p1a: Walking Wake\n|-damage|p1a: Walking Wake|0 fnt\n|faint|p1a: Walking Wake\n|-end|p1a: Walking Wake|Protosynthesis|[silent]\n|-damage|p2a: Haxorus|44/100 tox|[from] item: Life Orb\n|\n|-weather|none\n|-damage|p2a: Haxorus|25/100 tox|[from] psn\n|upkeep\n|\n|t:|1695170476\n|switch|p1a: Ogerpon|Ogerpon, F|100/100\n|turn|9\n|\n|t:|1695170482\n|-terastallize|p1a: Ogerpon|Grass\n|detailschange|p1a: Ogerpon|Ogerpon-Teal-Tera, F, tera:Grass\n|-ability|p1a: Ogerpon|Embody Aspect (Teal)|boost\n|-boost|p1a: Ogerpon|spe|1\n|move|p1a: Ogerpon|U-turn|p2a: Haxorus\n|-damage|p2a: Haxorus|0 fnt\n|faint|p2a: Haxorus\n|\n|t:|1695170494\n|switch|p1a: Infernape|Infernape, M|100/100|[from] U-turn\n|\n|upkeep\n|\n|t:|1695170497\n|switch|p2a: Pelipper|Pelipper, F|100/100\n|-damage|p2a: Pelipper|76/100|[from] Stealth Rock\n|-weather|RainDance|[from] ability: Drizzle|[of] p2a: Pelipper\n|turn|10\n|\n|t:|1695170503\n|move|p1a: Infernape|Thunder Punch|p2a: Pelipper\n|-supereffective|p2a: Pelipper\n|-damage|p2a: Pelipper|0 fnt\n|faint|p2a: Pelipper\n|\n|-weather|RainDance|[upkeep]\n|upkeep\n|\n|t:|1695170505\n|switch|p2a: Basculegion|Basculegion, M|100/100\n|-status|p2a: Basculegion|tox\n|-damage|p2a: Basculegion|88/100 tox|[from] Stealth Rock\n|turn|11\n|\n|t:|1695170521\n|switch|p1a: Landorus|Landorus-Therian, M|100/100\n|-ability|p1a: Landorus|Intimidate|boost\n|-unboost|p2a: Basculegion|atk|1\n|-terastallize|p2a: Basculegion|Water\n|move|p2a: Basculegion|Aqua Jet|p1a: Landorus\n|-supereffective|p1a: Landorus\n|-damage|p1a: Landorus|54/100\n|-damage|p2a: Basculegion|72/100 tox|[from] item: Rocky Helmet|[of] p1a: Landorus\n|\n|-weather|RainDance|[upkeep]\n|-damage|p2a: Basculegion|66/100 tox|[from] psn\n|upkeep\n|turn|12\n|\n|t:|1695170534\n|move|p2a: Basculegion|Wave Crash|p1a: Landorus\n|-supereffective|p1a: Landorus\n|-damage|p1a: Landorus|0 fnt\n|-damage|p2a: Basculegion|49/100 tox|[from] item: Rocky Helmet|[of] p1a: Landorus\n|faint|p1a: Landorus\n|-damage|p2a: Basculegion|31/100 tox|[from] Recoil\n|\n|-weather|RainDance|[upkeep]\n|-damage|p2a: Basculegion|19/100 tox|[from] psn\n|upkeep\n|\n|t:|1695170540\n|switch|p1a: Infernape|Infernape, M|100/100\n|turn|13\n|\n|t:|1695170543\n|switch|p2a: Hariyama|Hariyama, F|88/100 psn\n|-damage|p2a: Hariyama|82/100 psn|[from] Stealth Rock\n|move|p1a: Infernape|Mach Punch|p2a: Hariyama\n|-damage|p2a: Hariyama|63/100 psn\n|\n|-weather|RainDance|[upkeep]\n|-damage|p2a: Hariyama|51/100 psn|[from] psn\n|upkeep\n|turn|14\n|\n|t:|1695170549\n|move|p1a: Infernape|Bulk Up|p1a: Infernape\n|-boost|p1a: Infernape|atk|1\n|-boost|p1a: Infernape|def|1\n|move|p2a: Hariyama|Facade|p1a: Infernape\n|-damage|p1a: Infernape|21/100\n|\n|-weather|RainDance|[upkeep]\n|-damage|p2a: Hariyama|38/100 psn|[from] psn\n|upkeep\n|turn|15\n|\n|t:|1695170558\n|move|p1a: Infernape|Mach Punch|p2a: Hariyama\n|-damage|p2a: Hariyama|8/100 psn\n|move|p2a: Hariyama|Earthquake|p1a: Infernape\n|-supereffective|p1a: Infernape\n|-damage|p1a: Infernape|0 fnt\n|faint|p1a: Infernape\n|\n|-weather|RainDance|[upkeep]\n|-damage|p2a: Hariyama|0 fnt|[from] psn\n|faint|p2a: Hariyama\n|upkeep\n|\n|t:|1695170572\n|switch|p1a: Oscary|Umbreon, F, shiny|100/100\n|switch|p2a: Basculegion|Basculegion, M, tera:Water|19/100 tox\n|-damage|p2a: Basculegion|7/100 tox|[from] Stealth Rock\n|turn|16\n|\n|t:|1695170577\n|move|p1a: Oscary|Protect|p1a: Oscary\n|-singleturn|p1a: Oscary|Protect\n|move|p2a: Basculegion|Wave Crash|p1a: Oscary\n|-activate|p1a: Oscary|move: Protect\n|\n|-weather|RainDance|[upkeep]\n|-damage|p2a: Basculegion|1/100 tox|[from] psn\n|upkeep\n|turn|17\n|\n|t:|1695170585\n|move|p2a: Basculegion|Wave Crash|p1a: Oscary\n|-damage|p1a: Oscary|0 fnt\n|faint|p1a: Oscary\n|-damage|p2a: Basculegion|0 fnt|[from] Recoil\n|faint|p2a: Basculegion\n|\n|win|Kiky14\n|raw|Kiky14's rating: 1232 &rarr; <strong>1256</strong><br />(+24 for winning)\n|raw|tasiujaq barbie's rating: 1214 &rarr; <strong>1190</strong><br />(-24 for losing)\n|l|\u2606tasiujaq barbie\n", "uploadtime": 1695170596, "views": 1, "p1id": "kiky14", "p2id": "tasiujaqbarbie", "formatid": "gen9ou", "rating": 1190, "private": 0, "password": ""}