{"id": "gen9ou-1947540314", "p1": "snurke", "p2": "minyun811", "format": "gen9ou", "log": "|j|\u2606snurke\n|j|\u2606minyun811\n|t:|1695170686\n|gametype|singles\n|player|p1|snurke|sisandbro|1550\n|player|p2|minyun811|candice|1574\n|teamsize|p1|6\n|teamsize|p2|6\n|gen|9\n|tier|[Gen 9] OU\n|rated|\n|rule|Sleep Clause Mod: Limit one foe put to sleep\n|rule|Species Clause: Limit one of each Pok\u00e9mon\n|rule|OHKO Clause: OHKO moves are banned\n|rule|Evasion Items Clause: Evasion items are banned\n|rule|Evasion Moves Clause: Evasion moves are banned\n|rule|Endless Battle Clause: Forcing endless battles is banned\n|rule|HP Percentage Mod: HP is shown in percentages\n|clearpoke\n|poke|p1|Torterra, F|\n|poke|p1|Ninetales-Alola, F|\n|poke|p1|Corviknight, F|\n|poke|p1|Manaphy|\n|poke|p1|Ursaluna-Bloodmoon, M|\n|poke|p1|Garganacl, F|\n|poke|p2|Gliscor, F|\n|poke|p2|Clefable, F|\n|poke|p2|Dondozo, M|\n|poke|p2|Tornadus-Therian, M|\n|poke|p2|Toxapex, F|\n|poke|p2|Blissey, F|\n|teampreview\n|\n|t:|1695170705\n|start\n|switch|p1a: State Farm Chris|Ninetales-Alola, F, shiny|100/100\n|switch|p2a: Tornadus|Tornadus-Therian, M|100/100\n|-weather|Snow|[from] ability: Snow Warning|[of] p1a: State Farm Chris\n|turn|1\n|\n|t:|1695170711\n|-terastallize|p2a: Tornadus|Fire\n|move|p2a: Tornadus|Heat Wave|p1a: State Farm Chris\n|-supereffective|p1a: State Farm Chris\n|-damage|p1a: State Farm Chris|15/100\n|move|p1a: State Farm Chris|Aurora Veil|p1a: State Farm Chris\n|-sidestart|p1: snurke|move: Aurora Veil\n|\n|-weather|Snow|[upkeep]\n|upkeep\n|turn|2\n|inactive|Battle timer is ON: inactive players will automatically lose when time's up. (requested by snurke)\n|\n|t:|1695170730\n|switch|p1a: Klay Thompson|Manaphy, shiny|100/100\n|move|p2a: Tornadus|U-turn|p1a: Klay Thompson\n|-damage|p1a: Klay Thompson|95/100\n|\n|t:|1695170739\n|switch|p2a: Blissey|Blissey, F|100/100|[from] U-turn\n|\n|-weather|Snow|[upkeep]\n|-heal|p1a: Klay Thompson|100/100|[from] item: Leftovers\n|upkeep\n|turn|3\n|inactive|snurke has 120 seconds left.\n|\n|t:|1695170769\n|move|p1a: Klay Thompson|Take Heart|p1a: Klay Thompson\n|-boost|p1a: Klay Thompson|spa|1\n|-boost|p1a: Klay Thompson|spd|1\n|move|p2a: Blissey|Calm Mind|p2a: Blissey\n|-boost|p2a: Blissey|spa|1\n|-boost|p2a: Blissey|spd|1\n|\n|-weather|Snow|[upkeep]\n|upkeep\n|turn|4\n|inactive|snurke has 120 seconds left.\n|\n|t:|1695170780\n|move|p1a: Klay Thompson|Take Heart|p1a: Klay Thompson\n|-boost|p1a: Klay Thompson|spa|1\n|-boost|p1a: Klay Thompson|spd|1\n|move|p2a: Blissey|Calm Mind|p2a: Blissey\n|-boost|p2a: Blissey|spa|1\n|-boost|p2a: Blissey|spd|1\n|\n|-weather|Snow|[upkeep]\n|upkeep\n|turn|5\n|\n|t:|1695170787\n|move|p1a: Klay Thompson|Take Heart|p1a: Klay Thompson\n|-boost|p1a: Klay Thompson|spa|1\n|-boost|p1a: Klay Thompson|spd|1\n|move|p2a: Blissey|Seismic Toss|p1a: Klay Thompson\n|-damage|p1a: Klay Thompson|76/100\n|\n|-weather|none\n|-heal|p1a: Klay Thompson|82/100|[from] item: Leftovers\n|upkeep\n|turn|6\n|\n|t:|1695170795\n|move|p1a: Klay Thompson|Take Heart|p1a: Klay Thompson\n|-boost|p1a: Klay Thompson|spa|1\n|-boost|p1a: Klay Thompson|spd|1\n|move|p2a: Blissey|Calm Mind|p2a: Blissey\n|-boost|p2a: Blissey|spa|1\n|-boost|p2a: Blissey|spd|1\n|\n|-heal|p1a: Klay Thompson|88/100|[from] item: Leftovers\n|upkeep\n|turn|7\n|\n|t:|1695170803\n|move|p1a: Klay Thompson|Take Heart|p1a: Klay Thompson\n|-boost|p1a: Klay Thompson|spa|1\n|-boost|p1a: Klay Thompson|spd|1\n|move|p2a: Blissey|Seismic Toss|p1a: Klay Thompson\n|-damage|p1a: Klay Thompson|63/100\n|\n|-heal|p1a: Klay Thompson|70/100|[from] item: Leftovers\n|upkeep\n|turn|8\n|\n|t:|1695170808\n|move|p1a: Klay Thompson|Take Heart|p1a: Klay Thompson\n|-boost|p1a: Klay Thompson|spa|1\n|-boost|p1a: Klay Thompson|spd|1\n|move|p2a: Blissey|Seismic Toss|p1a: Klay Thompson\n|-damage|p1a: Klay Thompson|45/100\n|\n|-heal|p1a: Klay Thompson|51/100|[from] item: Leftovers\n|-sideend|p1: snurke|move: Aurora Veil\n|upkeep\n|turn|9\n|\n|t:|1695170820\n|-terastallize|p1a: Klay Thompson|Psychic\n|move|p1a: Klay Thompson|Stored Power|p2a: Blissey\n|-damage|p2a: Blissey|61/100\n|move|p2a: Blissey|Seismic Toss|p1a: Klay Thompson\n|-damage|p1a: Klay Thompson|26/100\n|\n|-heal|p1a: Klay Thompson|32/100|[from] item: Leftovers\n|upkeep\n|turn|10\n|\n|t:|1695170831\n|move|p1a: Klay Thompson|Stored Power|p2a: Blissey\n|-damage|p2a: Blissey|18/100\n|move|p2a: Blissey|Calm Mind|p2a: Blissey\n|-boost|p2a: Blissey|spa|1\n|-boost|p2a: Blissey|spd|1\n|\n|-heal|p1a: Klay Thompson|39/100|[from] item: Leftovers\n|upkeep\n|turn|11\n|\n|t:|1695170835\n|move|p1a: Klay Thompson|Stored Power|p2a: Blissey\n|-damage|p2a: Blissey|0 fnt\n|faint|p2a: Blissey\n|\n|-heal|p1a: Klay Thompson|45/100|[from] item: Leftovers\n|upkeep\n|\n|t:|1695170850\n|switch|p2a: Tornadus|Tornadus-Therian, M, tera:Fire|100/100\n|turn|12\n|\n|t:|1695170861\n|move|p2a: Tornadus|Knock Off|p1a: Klay Thompson\n|-supereffective|p1a: Klay Thompson\n|-damage|p1a: Klay Thompson|9/100\n|-enditem|p1a: Klay Thompson|Leftovers|[from] move: Knock Off|[of] p2a: Tornadus\n|move|p1a: Klay Thompson|Acid Armor|p1a: Klay Thompson\n|-boost|p1a: Klay Thompson|def|2\n|\n|upkeep\n|turn|13\n|\n|t:|1695170878\n|move|p2a: Tornadus|Knock Off|p1a: Klay Thompson\n|-supereffective|p1a: Klay Thompson\n|-damage|p1a: Klay Thompson|0 fnt\n|faint|p1a: Klay Thompson\n|\n|upkeep\n|\n|t:|1695170882\n|switch|p1a: Looney|Garganacl, F, shiny|100/100\n|turn|14\n|\n|t:|1695170895\n|move|p2a: Tornadus|U-turn|p1a: Looney\n|-damage|p1a: Looney|93/100\n|\n|t:|1695170903\n|switch|p2a: Gliscor|Gliscor, F|100/100|[from] U-turn\n|move|p1a: Looney|Salt Cure|p2a: Gliscor\n|-damage|p2a: Gliscor|93/100\n|-start|p2a: Gliscor|Salt Cure\n|\n|-heal|p1a: Looney|99/100|[from] item: Leftovers\n|-damage|p2a: Gliscor|80/100|[from] Salt Cure\n|-status|p2a: Gliscor|tox|[from] item: Toxic Orb\n|upkeep\n|turn|15\n|\n|t:|1695170914\n|switch|p1a: State Farm Chris|Ninetales-Alola, F, shiny|15/100\n|-weather|Snow|[from] ability: Snow Warning|[of] p1a: State Farm Chris\n|move|p2a: Gliscor|Spikes|p1a: State Farm Chris\n|-sidestart|p1: snurke|Spikes\n|\n|-weather|Snow|[upkeep]\n|-heal|p2a: Gliscor|93/100 tox|[from] ability: Poison Heal\n|-damage|p2a: Gliscor|80/100 tox|[from] Salt Cure\n|upkeep\n|turn|16\n|\n|t:|1695170935\n|switch|p2a: Clefable|Clefable, F|100/100\n|move|p1a: State Farm Chris|Aurora Veil|p1a: State Farm Chris\n|-sidestart|p1: snurke|move: Aurora Veil\n|\n|-weather|Snow|[upkeep]\n|upkeep\n|turn|17\n|\n|t:|1695170946\n|switch|p1a: Steph Curry|Ursaluna-Bloodmoon, M|100/100\n|-damage|p1a: Steph Curry|88/100|[from] Spikes\n|move|p2a: Clefable|Stealth Rock|p1a: Steph Curry\n|-sidestart|p1: snurke|move: Stealth Rock\n|\n|-weather|Snow|[upkeep]\n|-heal|p1a: Steph Curry|94/100|[from] item: Leftovers\n|upkeep\n|turn|18\n|\n|t:|1695170969\n|move|p2a: Clefable|Moonblast|p1a: Steph Curry\n|-damage|p1a: Steph Curry|76/100\n|move|p1a: Steph Curry|Blood Moon|p2a: Clefable\n|-damage|p2a: Clefable|19/100\n|\n|-weather|Snow|[upkeep]\n|-heal|p2a: Clefable|25/100|[from] item: Leftovers\n|-heal|p1a: Steph Curry|82/100|[from] item: Leftovers\n|upkeep\n|turn|19\n|\n|t:|1695170975\n|move|p2a: Clefable|Moonblast|p1a: Steph Curry\n|-damage|p1a: Steph Curry|66/100\n|move|p1a: Steph Curry|Earth Power|p2a: Clefable\n|-damage|p2a: Clefable|0 fnt\n|faint|p2a: Clefable\n|\n|-weather|none\n|-heal|p1a: Steph Curry|72/100|[from] item: Leftovers\n|upkeep\n|\n|t:|1695170989\n|switch|p2a: Tornadus|Tornadus-Therian, M, tera:Fire|100/100\n|turn|20\n|\n|t:|1695170992\n|move|p2a: Tornadus|Knock Off|p1a: Steph Curry\n|-damage|p1a: Steph Curry|64/100\n|-enditem|p1a: Steph Curry|Leftovers|[from] move: Knock Off|[of] p2a: Tornadus\n|move|p1a: Steph Curry|Blood Moon|p2a: Tornadus\n|-damage|p2a: Tornadus|5/100\n|\n|upkeep\n|turn|21\n|\n|t:|1695171016\n|move|p1a: Steph Curry|Vacuum Wave|p2a: Tornadus\n|-damage|p2a: Tornadus|0 fnt\n|faint|p2a: Tornadus\n|\n|upkeep\n|\n|t:|1695171023\n|switch|p2a: Dondozo|Dondozo, M|100/100\n|turn|22\n|\n|t:|1695171029\n|move|p1a: Steph Curry|Blood Moon|p2a: Dondozo\n|-damage|p2a: Dondozo|27/100\n|move|p2a: Dondozo|Liquidation|p1a: Steph Curry\n|-supereffective|p1a: Steph Curry\n|-damage|p1a: Steph Curry|45/100\n|\n|upkeep\n|turn|23\n|\n|t:|1695171033\n|move|p1a: Steph Curry|Earth Power|p2a: Dondozo\n|-damage|p2a: Dondozo|0 fnt\n|faint|p2a: Dondozo\n|\n|-sideend|p1: snurke|move: Aurora Veil\n|upkeep\n|-message|minyun811 forfeited.\n|\n|win|snurke\n|raw|snurke's rating: 1550 &rarr; <strong>1571</strong><br />(+21 for winning)\n|raw|minyun811's rating: 1574 &rarr; <strong>1553</strong><br />(-21 for losing)\n|l|\u2606minyun811\n", "uploadtime": 1695171039, "views": 3, "p1id": "snurke", "p2id": "minyun811", "formatid": "gen9ou", "rating": 1553, "private": 0, "password": ""}