{"id": "gen9ou-1947551723", "p1": "The ShimonMaster", "p2": "Carno777", "format": "gen9ou", "log": "|j|\u2606The ShimonMaster\n|j|\u2606Carno777\n|t:|1695171778\n|gametype|singles\n|player|p1|The ShimonMaster|aaron|1052\n|player|p2|Carno777|lance|1122\n|teamsize|p1|6\n|teamsize|p2|6\n|gen|9\n|tier|[Gen 9] OU\n|rated|\n|rule|Sleep Clause Mod: Limit one foe put to sleep\n|rule|Species Clause: Limit one of each Pok\u00e9mon\n|rule|OHKO Clause: OHKO moves are banned\n|rule|Evasion Items Clause: Evasion items are banned\n|rule|Evasion Moves Clause: Evasion moves are banned\n|rule|Endless Battle Clause: Forcing endless battles is banned\n|rule|HP Percentage Mod: HP is shown in percentages\n|clearpoke\n|poke|p1|Okidogi, M|\n|poke|p1|Ursaluna-Bloodmoon, M|\n|poke|p1|Corviknight, M|\n|poke|p1|Ogerpon-Hearthflame, F|\n|poke|p1|Dondozo, F|\n|poke|p1|Dragapult, F|\n|poke|p2|Garchomp, M|\n|poke|p2|Milotic, F|\n|poke|p2|Corviknight, F|\n|poke|p2|Chandelure, M|\n|poke|p2|Ribombee, F|\n|poke|p2|Goodra-Hisui, F|\n|teampreview\n|inactive|Battle timer is ON: inactive players will automatically lose when time's up. (requested by Carno777)\n|inactive|The ShimonMaster has 120 seconds left.\n|\n|t:|1695171818\n|start\n|switch|p1a: Okidogi|Okidogi, M|100/100\n|switch|p2a: Le bee|Ribombee, F, shiny|100/100\n|turn|1\n|\n|t:|1695171828\n|move|p2a: Le bee|Sticky Web|p1a: Okidogi\n|-sidestart|p1: The ShimonMaster|move: Sticky Web\n|move|p1a: Okidogi|Poison Jab|p2a: Le bee\n|-supereffective|p2a: Le bee\n|-enditem|p2a: Le bee|Focus Sash\n|-damage|p2a: Le bee|1/100\n|\n|upkeep\n|turn|2\n|\n|t:|1695171836\n|switch|p1a: Corviknight|Corviknight, M|100/100\n|-ability|p1a: Corviknight|Pressure\n|move|p2a: Le bee|U-turn|p1a: Corviknight\n|-resisted|p1a: Corviknight\n|-damage|p1a: Corviknight|98/100\n|\n|t:|1695171849\n|switch|p2a: Ash|Chandelure, M|100/100|[from] U-turn\n|\n|-heal|p1a: Corviknight|100/100|[from] item: Leftovers\n|upkeep\n|turn|3\n|\n|t:|1695171855\n|switch|p1a: Dondozo|Dondozo, F|100/100\n|-activate|p1a: Dondozo|move: Sticky Web\n|-unboost|p1a: Dondozo|spe|1\n|move|p2a: Ash|Fire Blast|p1a: Dondozo\n|-resisted|p1a: Dondozo\n|-damage|p1a: Dondozo|80/100\n|\n|-heal|p1a: Dondozo|86/100|[from] item: Leftovers\n|upkeep\n|turn|4\n|\n|t:|1695171867\n|switch|p2a: Le bee|Ribombee, F, shiny|1/100\n|move|p1a: Dondozo|Curse|p1a: Dondozo\n|-unboost|p1a: Dondozo|spe|1\n|-boost|p1a: Dondozo|atk|1\n|-boost|p1a: Dondozo|def|1\n|\n|-heal|p1a: Dondozo|93/100|[from] item: Leftovers\n|upkeep\n|turn|5\n|\n|t:|1695171875\n|move|p2a: Le bee|Moonblast|p1a: Dondozo\n|-damage|p1a: Dondozo|71/100\n|-unboost|p1a: Dondozo|spa|1\n|move|p1a: Dondozo|Liquidation|p2a: Le bee\n|-damage|p2a: Le bee|0 fnt\n|faint|p2a: Le bee\n|\n|-heal|p1a: Dondozo|77/100|[from] item: Leftovers\n|upkeep\n|\n|t:|1695171886\n|switch|p2a: Female gyarados|Milotic, F|100/100\n|turn|6\n|\n|t:|1695171890\n|move|p2a: Female gyarados|Scald|p1a: Dondozo\n|-resisted|p1a: Dondozo\n|-damage|p1a: Dondozo|68/100\n|-status|p1a: Dondozo|brn\n|move|p1a: Dondozo|Curse|p1a: Dondozo\n|-unboost|p1a: Dondozo|spe|1\n|-boost|p1a: Dondozo|atk|1\n|-boost|p1a: Dondozo|def|1\n|\n|-heal|p1a: Dondozo|74/100 brn|[from] item: Leftovers\n|-damage|p1a: Dondozo|68/100 brn|[from] brn\n|-status|p2a: Female gyarados|brn|[from] item: Flame Orb\n|upkeep\n|turn|7\n|\n|t:|1695171903\n|move|p2a: Female gyarados|Haze|p2a: Female gyarados\n|-clearallboost\n|move|p1a: Dondozo|Curse|p1a: Dondozo\n|-unboost|p1a: Dondozo|spe|1\n|-boost|p1a: Dondozo|atk|1\n|-boost|p1a: Dondozo|def|1\n|\n|-heal|p1a: Dondozo|74/100 brn|[from] item: Leftovers\n|-damage|p2a: Female gyarados|94/100 brn|[from] brn\n|-damage|p1a: Dondozo|68/100 brn|[from] brn\n|upkeep\n|turn|8\n|\n|t:|1695171912\n|move|p2a: Female gyarados|Aqua Ring|p2a: Female gyarados\n|-start|p2a: Female gyarados|Aqua Ring\n|move|p1a: Dondozo|Earthquake|p2a: Female gyarados\n|-damage|p2a: Female gyarados|87/100 brn\n|\n|-heal|p1a: Dondozo|74/100 brn|[from] item: Leftovers\n|-heal|p2a: Female gyarados|93/100 brn|[from] Aqua Ring\n|-damage|p2a: Female gyarados|87/100 brn|[from] brn\n|-damage|p1a: Dondozo|68/100 brn|[from] brn\n|upkeep\n|turn|9\n|\n|t:|1695171928\n|switch|p1a: Dragapult|Dragapult, F|100/100\n|-activate|p1a: Dragapult|move: Sticky Web\n|-fail|p1a: Dragapult|unboost|[from] ability: Clear Body|[of] p1a: Dragapult\n|move|p2a: Female gyarados|Scald|p1a: Dragapult\n|-resisted|p1a: Dragapult\n|-damage|p1a: Dragapult|83/100\n|\n|-heal|p2a: Female gyarados|93/100 brn|[from] Aqua Ring\n|-damage|p2a: Female gyarados|87/100 brn|[from] brn\n|upkeep\n|turn|10\n|\n|t:|1695171939\n|switch|p2a: Goodra|Goodra-Hisui, F|100/100\n|move|p1a: Dragapult|Draco Meteor|p2a: Goodra\n|-damage|p2a: Goodra|61/100\n|-unboost|p1a: Dragapult|spa|2\n|\n|upkeep\n|turn|11\n|\n|t:|1695171955\n|switch|p1a: Okidogi|Okidogi, M|100/100\n|-activate|p1a: Okidogi|move: Sticky Web\n|-unboost|p1a: Okidogi|spe|1\n|move|p2a: Goodra|Flamethrower|p1a: Okidogi\n|-damage|p1a: Okidogi|61/100\n|\n|upkeep\n|turn|12\n|inactive|The ShimonMaster has 120 seconds left.\n|\n|t:|1695171980\n|-terastallize|p2a: Goodra|Flying\n|move|p1a: Okidogi|Close Combat|p2a: Goodra\n|-resisted|p2a: Goodra\n|-damage|p2a: Goodra|11/100\n|-unboost|p1a: Okidogi|def|1\n|-unboost|p1a: Okidogi|spd|1\n|move|p2a: Goodra|Tera Blast|p1a: Okidogi\n|-supereffective|p1a: Okidogi\n|-damage|p1a: Okidogi|0 fnt\n|faint|p1a: Okidogi\n|\n|upkeep\n|\n|t:|1695171994\n|switch|p1a: Corviknight|Corviknight, M|100/100\n|-ability|p1a: Corviknight|Pressure\n|turn|13\n|\n|t:|1695172000\n|move|p1a: Corviknight|Defog|p2a: Goodra\n|-unboost|p2a: Goodra|evasion|1\n|-sideend|p1: The ShimonMaster|Sticky Web|[from] move: Defog|[of] p1a: Corviknight\n|move|p2a: Goodra|Flamethrower|p1a: Corviknight\n|-supereffective|p1a: Corviknight\n|-damage|p1a: Corviknight|37/100\n|\n|-heal|p1a: Corviknight|43/100|[from] item: Leftovers\n|upkeep\n|turn|14\n|inactive|The ShimonMaster has 120 seconds left.\n|\n|t:|1695172008\n|move|p1a: Corviknight|Brave Bird|p2a: Goodra\n|-damage|p2a: Goodra|0 fnt\n|faint|p2a: Goodra\n|-damage|p1a: Corviknight|40/100|[from] Recoil\n|\n|-heal|p1a: Corviknight|46/100|[from] item: Leftovers\n|upkeep\n|\n|t:|1695172013\n|switch|p2a: It\u2019s not garchover|Garchomp, M|100/100\n|turn|15\n|inactive|The ShimonMaster has 120 seconds left.\n|\n|t:|1695172032\n|move|p2a: It\u2019s not garchover|Scale Shot|p1a: Corviknight\n|-resisted|p1a: Corviknight\n|-damage|p1a: Corviknight|42/100\n|-resisted|p1a: Corviknight\n|-crit|p1a: Corviknight\n|-damage|p1a: Corviknight|36/100\n|-resisted|p1a: Corviknight\n|-damage|p1a: Corviknight|32/100\n|-resisted|p1a: Corviknight\n|-damage|p1a: Corviknight|28/100\n|-hitcount|p1a: Corviknight|4\n|-unboost|p2a: It\u2019s not garchover|def|1\n|-boost|p2a: It\u2019s not garchover|spe|1\n|move|p1a: Corviknight|Roost|p1a: Corviknight\n|-heal|p1a: Corviknight|78/100\n|-singleturn|p1a: Corviknight|move: Roost\n|\n|-heal|p1a: Corviknight|84/100|[from] item: Leftovers\n|upkeep\n|turn|16\n|inactive|The ShimonMaster has 120 seconds left.\n|\n|t:|1695172050\n|move|p2a: It\u2019s not garchover|Swords Dance|p2a: It\u2019s not garchover\n|-boost|p2a: It\u2019s not garchover|atk|2\n|move|p1a: Corviknight|Brave Bird|p2a: It\u2019s not garchover\n|-damage|p2a: It\u2019s not garchover|50/100\n|-damage|p1a: Corviknight|71/100|[from] ability: Rough Skin|[of] p2a: It\u2019s not garchover\n|-damage|p1a: Corviknight|57/100|[from] Recoil\n|\n|-heal|p1a: Corviknight|63/100|[from] item: Leftovers\n|upkeep\n|turn|17\n|inactive|The ShimonMaster has 120 seconds left.\n|\n|t:|1695172060\n|move|p2a: It\u2019s not garchover|Fire Fang|p1a: Corviknight\n|-supereffective|p1a: Corviknight\n|-damage|p1a: Corviknight|9/100\n|move|p1a: Corviknight|Brave Bird|p2a: It\u2019s not garchover\n|-damage|p2a: It\u2019s not garchover|0 fnt\n|-damage|p1a: Corviknight|0 fnt|[from] ability: Rough Skin|[of] p2a: It\u2019s not garchover\n|faint|p2a: It\u2019s not garchover\n|faint|p1a: Corviknight\n|\n|upkeep\n|inactive|The ShimonMaster has 120 seconds left.\n|\n|t:|1695172071\n|switch|p2a: Female gyarados|Milotic, F|87/100 brn\n|switch|p1a: Ursaluna|Ursaluna-Bloodmoon, M|100/100\n|turn|18\n|\n|t:|1695172075\n|-terastallize|p1a: Ursaluna|Electric\n|move|p2a: Female gyarados|Scald|p1a: Ursaluna\n|-damage|p1a: Ursaluna|67/100\n|move|p1a: Ursaluna|Tera Blast|p2a: Female gyarados\n|-supereffective|p2a: Female gyarados\n|-damage|p2a: Female gyarados|0 fnt\n|faint|p2a: Female gyarados\n|-damage|p1a: Ursaluna|57/100|[from] item: Life Orb\n|\n|upkeep\n|\n|t:|1695172081\n|switch|p2a: Corvus|Corviknight, F, shiny|100/100\n|turn|19\n|\n|t:|1695172086\n|move|p2a: Corvus|Body Press|p1a: Ursaluna\n|-damage|p1a: Ursaluna|43/100\n|move|p1a: Ursaluna|Tera Blast|p2a: Corvus\n|-supereffective|p2a: Corvus\n|-damage|p2a: Corvus|18/100\n|-damage|p1a: Ursaluna|33/100|[from] item: Life Orb\n|\n|upkeep\n|turn|20\n|\n|t:|1695172096\n|move|p2a: Corvus|Body Press|p1a: Ursaluna\n|-damage|p1a: Ursaluna|19/100\n|move|p1a: Ursaluna|Tera Blast|p2a: Corvus\n|-supereffective|p2a: Corvus\n|-crit|p2a: Corvus\n|-damage|p2a: Corvus|0 fnt\n|faint|p2a: Corvus\n|-damage|p1a: Ursaluna|9/100|[from] item: Life Orb\n|\n|upkeep\n|\n|t:|1695172099\n|switch|p2a: Ash|Chandelure, M|100/100\n|turn|21\n|\n|t:|1695172111\n|move|p2a: Ash|Shadow Ball|p1a: Ursaluna\n|-damage|p1a: Ursaluna|0 fnt\n|faint|p1a: Ursaluna\n|\n|upkeep\n|\n|t:|1695172122\n|switch|p1a: Ogerpon|Ogerpon-Hearthflame, F|100/100\n|-ability|p1a: Ogerpon|Mold Breaker\n|turn|22\n|\n|t:|1695172126\n|move|p2a: Ash|Shadow Ball|p1a: Ogerpon\n|-damage|p1a: Ogerpon|46/100\n|move|p1a: Ogerpon|Knock Off|p2a: Ash\n|-supereffective|p2a: Ash\n|-damage|p2a: Ash|0 fnt\n|-enditem|p2a: Ash|Choice Scarf|[from] move: Knock Off|[of] p1a: Ogerpon\n|faint|p2a: Ash\n|\n|win|The ShimonMaster\n|raw|The ShimonMaster's rating: 1052 &rarr; <strong>1091</strong><br />(+39 for winning)\n|raw|Carno777's rating: 1122 &rarr; <strong>1092</strong><br />(-30 for losing)\n", "uploadtime": 1695172135, "views": 9, "p1id": "theshimonmaster", "p2id": "carno777", "formatid": "gen9ou", "rating": 1091, "private": 0, "password": ""}