{"id": "gen9ou-1947557659", "p1": "eunaomeconheco", "p2": "Ancient Tito", "format": "gen9ou", "log": "|j|\u2606eunaomeconheco\n|j|\u2606Ancient Tito\n|t:|1695172357\n|gametype|singles\n|player|p1|eunaomeconheco|gambler|1230\n|player|p2|Ancient Tito|rood|1257\n|teamsize|p1|6\n|teamsize|p2|6\n|gen|9\n|tier|[Gen 9] OU\n|rated|\n|rule|Sleep Clause Mod: Limit one foe put to sleep\n|rule|Species Clause: Limit one of each Pok\u00e9mon\n|rule|OHKO Clause: OHKO moves are banned\n|rule|Evasion Items Clause: Evasion items are banned\n|rule|Evasion Moves Clause: Evasion moves are banned\n|rule|Endless Battle Clause: Forcing endless battles is banned\n|rule|HP Percentage Mod: HP is shown in percentages\n|clearpoke\n|poke|p1|Manaphy|\n|poke|p1|Ribombee, M|\n|poke|p1|Ogerpon-Wellspring, F|\n|poke|p1|Clodsire, F|\n|poke|p1|Scizor, M|\n|poke|p1|Clefable, F|\n|poke|p2|Garchomp, M|\n|poke|p2|Conkeldurr, M|\n|poke|p2|Gholdengo|\n|poke|p2|Cinderace, M|\n|poke|p2|Thundurus-Therian, M|\n|poke|p2|Dondozo, M|\n|teampreview\n|inactive|Battle timer is ON: inactive players will automatically lose when time's up. (requested by Ancient Tito)\n|inactive|eunaomeconheco has 120 seconds left.\n|c|\u2606Ancient Tito|!dt ogerpon\n|raw|<div class=\"message\"><ul class=\"utilichart\"><li class=\"result\"><span class=\"col numcol\">OU</span> <span class=\"col iconcol\"><psicon pokemon=\"ogerpon\"/></span> <span class=\"col pokemonnamecol\" style=\"white-space:nowrap\"><a href=\"https://dex.pokemonshowdown.com/pokemon/ogerpon\" target=\"_blank\">Ogerpon</a></span> <span class=\"col typecol\"><img src=\"https://play.pokemonshowdown.com/sprites/types/Grass.png\" alt=\"Grass\" height=\"14\" width=\"32\"></span> <span style=\"float:left;min-height:26px\"><span class=\"col abilitycol\">Defiant</span><span class=\"col abilitycol\"></span></span><span style=\"float:left;min-height:26px\"><span class=\"col statcol\"><em>HP</em><br />80</span> <span class=\"col statcol\"><em>Atk</em><br />120</span> <span class=\"col statcol\"><em>Def</em><br />84</span> <span class=\"col statcol\"><em>SpA</em><br />60</span> <span class=\"col statcol\"><em>SpD</em><br />96</span> <span class=\"col statcol\"><em>Spe</em><br />110</span> <span class=\"col bstcol\"><em>BST<br />550</em></span> </span></li><li style=\"clear:both\"></li></ul></div>\n|raw|<font size=\"1\"><font color=\"#686868\">Dex#:</font> 1017&nbsp;|&ThickSpace;<font color=\"#686868\">Gen:</font> 9&nbsp;|&ThickSpace;<font color=\"#686868\">Height:</font> 1.2 m&nbsp;|&ThickSpace;<font color=\"#686868\">Weight:</font> 39.8 kg <em>(60 BP)</em>&nbsp;|&ThickSpace;<font color=\"#686868\">Dex Colour:</font> Green&nbsp;|&ThickSpace;<font color=\"#686868\">Egg Group(s):</font> Undiscovered&nbsp;|&ThickSpace;<font color=\"#686868\">Does Not Evolve</font></font>\n\n|inactive|eunaomeconheco has 90 seconds left.\n|c|\u2606eunaomeconheco|lol\n|\n|t:|1695172425\n|start\n|switch|p1a: Ribombee|Ribombee, M, shiny|100/100\n|switch|p2a: Cinderace|Cinderace, M, shiny|100/100\n|turn|1\n|\n|t:|1695172432\n|switch|p1a: Manaphy|Manaphy, shiny|100/100\n|move|p2a: Cinderace|Pyro Ball|p1a: Manaphy\n|-resisted|p1a: Manaphy\n|-crit|p1a: Manaphy\n|-damage|p1a: Manaphy|61/100\n|\n|upkeep\n|turn|2\n|\n|t:|1695172444\n|switch|p2a: Conkeldurr|Conkeldurr, M|100/100\n|move|p1a: Manaphy|Rest|p1a: Manaphy\n|-status|p1a: Manaphy|slp|[from] move: Rest\n|-heal|p1a: Manaphy|100/100 slp|[silent]\n|-enditem|p1a: Manaphy|Chesto Berry|[eat]\n|-curestatus|p1a: Manaphy|slp|[msg]\n|\n|upkeep\n|turn|3\n|\n|t:|1695172456\n|switch|p1a: Clefable|Clefable, F|100/100\n|move|p2a: Conkeldurr|Knock Off|p1a: Clefable\n|-resisted|p1a: Clefable\n|-damage|p1a: Clefable|81/100\n|-enditem|p1a: Clefable|Leftovers|[from] move: Knock Off|[of] p2a: Conkeldurr\n|\n|upkeep\n|turn|4\n|\n|t:|1695172467\n|switch|p2a: Gholdengo|Gholdengo|100/100\n|move|p1a: Clefable|Encore|p2a: Gholdengo\n|-immune|p2a: Gholdengo|[from] ability: Good as Gold\n|\n|upkeep\n|turn|5\n|\n|t:|1695172472\n|switch|p2a: Thundurus|Thundurus-Therian, M|100/100\n|switch|p1a: Clodsire|Clodsire, F|100/100\n|\n|upkeep\n|turn|6\n|\n|t:|1695172482\n|switch|p2a: Cinderace|Cinderace, M, shiny|100/100\n|move|p1a: Clodsire|Toxic|p2a: Cinderace\n|-status|p2a: Cinderace|tox\n|\n|-damage|p2a: Cinderace|95/100 tox|[from] psn\n|upkeep\n|turn|7\n|\n|t:|1695172490\n|move|p2a: Cinderace|U-turn|p1a: Clodsire\n|-start|p2a: Cinderace|typechange|Bug|[from] ability: Libero\n|-resisted|p1a: Clodsire\n|-damage|p1a: Clodsire|83/100\n|\n|t:|1695172497\n|switch|p2a: Garchomp|Garchomp, M, shiny|100/100|[from] U-turn\n|move|p1a: Clodsire|Earthquake|p2a: Garchomp\n|-damage|p2a: Garchomp|74/100\n|\n|-heal|p1a: Clodsire|89/100|[from] item: Leftovers\n|upkeep\n|turn|8\n|\n|t:|1695172507\n|switch|p1a: Ribombee|Ribombee, M, shiny|100/100\n|-terastallize|p2a: Garchomp|Steel\n|move|p2a: Garchomp|Swords Dance|p2a: Garchomp\n|-boost|p2a: Garchomp|atk|2\n|\n|upkeep\n|turn|9\n|\n|t:|1695172516\n|move|p1a: Ribombee|Stun Spore|p2a: Garchomp|[miss]\n|-miss|p1a: Ribombee|p2a: Garchomp\n|move|p2a: Garchomp|Scale Shot|p1a: Ribombee\n|-immune|p1a: Ribombee\n|\n|upkeep\n|turn|10\n|c|\u2606Ancient Tito|damn forgot that thing is fairy\n|\n|t:|1695172530\n|switch|p2a: Gholdengo|Gholdengo|100/100\n|move|p1a: Ribombee|Stun Spore|p2a: Gholdengo\n|-immune|p2a: Gholdengo|[from] ability: Good as Gold\n|\n|upkeep\n|turn|11\n|c|\u2606eunaomeconheco|lmao\n|\n|t:|1695172544\n|switch|p2a: Garchomp|Garchomp, M, shiny, tera:Steel|74/100\n|move|p1a: Ribombee|Sticky Web|p2a: Garchomp\n|-sidestart|p2: Ancient Tito|move: Sticky Web\n|\n|upkeep\n|turn|12\n|\n|t:|1695172553\n|switch|p2a: Cinderace|Cinderace, M, shiny|95/100 tox\n|move|p1a: Ribombee|Stun Spore|p2a: Cinderace|[miss]\n|-miss|p1a: Ribombee|p2a: Cinderace\n|\n|-damage|p2a: Cinderace|89/100 tox|[from] psn\n|upkeep\n|turn|13\n|c|\u2606eunaomeconheco|this mon is kinda insane\n|c|\u2606eunaomeconheco|insane speed plus quiver dance and webs\n|inactive|eunaomeconheco has 120 seconds left.\n|\n|t:|1695172583\n|move|p1a: Ribombee|Moonblast|p2a: Cinderace\n|-resisted|p2a: Cinderace\n|-damage|p2a: Cinderace|59/100 tox\n|move|p2a: Cinderace|Pyro Ball|p1a: Ribombee\n|-supereffective|p1a: Ribombee\n|-enditem|p1a: Ribombee|Focus Sash\n|-damage|p1a: Ribombee|1/100\n|\n|-damage|p2a: Cinderace|48/100 tox|[from] psn\n|upkeep\n|turn|14\n|\n|t:|1695172594\n|switch|p1a: Manaphy|Manaphy, shiny|100/100\n|move|p2a: Cinderace|Sucker Punch||[still]\n|-fail|p2a: Cinderace\n|\n|-damage|p2a: Cinderace|30/100 tox|[from] psn\n|upkeep\n|turn|15\n|\n|t:|1695172601\n|move|p2a: Cinderace|Court Change|p2a: Cinderace\n|-start|p2a: Cinderace|typechange|Normal|[from] ability: Libero\n|-swapsideconditions\n|-activate|p2a: Cinderace|move: Court Change\n|move|p1a: Manaphy|Surf|p2a: Cinderace\n|-damage|p2a: Cinderace|0 fnt\n|faint|p2a: Cinderace\n|\n|upkeep\n|c|\u2606eunaomeconheco|damn\n|\n|t:|1695172617\n|switch|p2a: Garchomp|Garchomp, M, shiny, tera:Steel|74/100\n|turn|16\n|\n|t:|1695172625\n|switch|p1a: Clefable|Clefable, F|81/100\n|-activate|p1a: Clefable|move: Sticky Web\n|-unboost|p1a: Clefable|spe|1\n|move|p2a: Garchomp|Swords Dance|p2a: Garchomp\n|-boost|p2a: Garchomp|atk|2\n|\n|upkeep\n|turn|17\n|\n|t:|1695172632\n|move|p2a: Garchomp|Iron Head|p1a: Clefable\n|-supereffective|p1a: Clefable\n|-damage|p1a: Clefable|0 fnt\n|faint|p1a: Clefable\n|\n|upkeep\n|\n|t:|1695172640\n|switch|p1a: Ogerpon|Ogerpon-Wellspring, F|100/100\n|-activate|p1a: Ogerpon|move: Sticky Web\n|-unboost|p1a: Ogerpon|spe|1\n|turn|18\n|\n|t:|1695172645\n|-terastallize|p1a: Ogerpon|Water\n|detailschange|p1a: Ogerpon|Ogerpon-Wellspring-Tera, F, tera:Water\n|-ability|p1a: Ogerpon|Embody Aspect (Wellspring)|boost\n|-boost|p1a: Ogerpon|spd|1\n|move|p2a: Garchomp|Scale Shot|p1a: Ogerpon\n|-damage|p1a: Ogerpon|68/100\n|-damage|p1a: Ogerpon|30/100\n|-damage|p1a: Ogerpon|0 fnt\n|faint|p1a: Ogerpon\n|-hitcount|p1: Ogerpon|3\n|-unboost|p2a: Garchomp|def|1\n|-boost|p2a: Garchomp|spe|1\n|\n|upkeep\n|\n|t:|1695172649\n|switch|p1a: Scizor|Scizor, M|100/100\n|-activate|p1a: Scizor|move: Sticky Web\n|-unboost|p1a: Scizor|spe|1\n|turn|19\n|c|\u2606eunaomeconheco|im fucked\n|\n|t:|1695172661\n|move|p1a: Scizor|Bullet Punch|p2a: Garchomp\n|-resisted|p2a: Garchomp\n|-damage|p2a: Garchomp|37/100\n|-damage|p1a: Scizor|88/100|[from] ability: Rough Skin|[of] p2a: Garchomp\n|move|p2a: Garchomp|Earthquake|p1a: Scizor\n|-damage|p1a: Scizor|0 fnt\n|faint|p1a: Scizor\n|\n|upkeep\n|c|\u2606eunaomeconheco|thats why cinderace is so bad\n|c|\u2606eunaomeconheco|to fight lmao\n|\n|t:|1695172673\n|switch|p1a: Clodsire|Clodsire, F|89/100\n|-activate|p1a: Clodsire|move: Sticky Web\n|-unboost|p1a: Clodsire|spe|1\n|turn|20\n|c|\u2606Ancient Tito|HAHAHA\n|c|\u2606Ancient Tito|yeah\n|c|\u2606Ancient Tito|agreed\n|\n|t:|1695172681\n|move|p2a: Garchomp|Earthquake|p1a: Clodsire\n|-supereffective|p1a: Clodsire\n|-damage|p1a: Clodsire|0 fnt\n|faint|p1a: Clodsire\n|\n|upkeep\n|c|\u2606eunaomeconheco|if you stack rocks webs all spikes and he use this move...\n|c|\u2606eunaomeconheco|welp you are screwed\n|\n|t:|1695172702\n|switch|p1a: Manaphy|Manaphy, shiny|100/100\n|-activate|p1a: Manaphy|move: Sticky Web\n|-unboost|p1a: Manaphy|spe|1\n|turn|21\n|c|\u2606Ancient Tito|yeaaaah\n|n|!Ancient Tito|ancienttito\n|\n|t:|1695172712\n|move|p2a: Garchomp|Earthquake|p1a: Manaphy\n|-damage|p1a: Manaphy|11/100\n|move|p1a: Manaphy|Surf|p2a: Garchomp\n|-damage|p2a: Garchomp|0 fnt\n|faint|p2a: Garchomp\n|\n|upkeep\n|\n|t:|1695172719\n|switch|p2a: Conkeldurr|Conkeldurr, M|100/100\n|turn|22\n|c|\u2606eunaomeconheco|oh\n|\n|t:|1695172722\n|move|p2a: Conkeldurr|Mach Punch|p1a: Manaphy\n|-damage|p1a: Manaphy|0 fnt\n|faint|p1a: Manaphy\n|\n|upkeep\n|\n|t:|1695172724\n|switch|p1a: Ribombee|Ribombee, M, shiny|1/100\n|-activate|p1a: Ribombee|move: Sticky Web\n|-unboost|p1a: Ribombee|spe|1\n|turn|23\n|c|\u2606eunaomeconheco|lmao\n|\n|t:|1695172731\n|move|p1a: Ribombee|Moonblast|p2a: Conkeldurr\n|-supereffective|p2a: Conkeldurr\n|-crit|p2a: Conkeldurr\n|-damage|p2a: Conkeldurr|3/100\n|move|p2a: Conkeldurr|Ice Punch|p1a: Ribombee\n|-damage|p1a: Ribombee|0 fnt\n|faint|p1a: Ribombee\n|\n|win|Ancient Tito\n|raw|eunaomeconheco's rating: 1230 &rarr; <strong>1207</strong><br />(-23 for losing)\n|raw|Ancient Tito's rating: 1257 &rarr; <strong>1280</strong><br />(+23 for winning)\n", "uploadtime": 1695172710, "views": 3, "p1id": "eunaomeconheco", "p2id": "ancienttito", "formatid": "gen9ou", "rating": 1207, "private": 0, "password": ""}