{"id": "gen9ou-1947535170", "p1": "FoilFred", "p2": "andreshxh23", "format": "gen9ou", "log": "|j|\u2606FoilFred\n|j|\u2606andreshxh23\n|t:|1695170184\n|gametype|singles\n|player|p1|FoilFred|gambler|1315\n|player|p2|andreshxh23|1|1411\n|teamsize|p1|6\n|teamsize|p2|6\n|gen|9\n|tier|[Gen 9] OU\n|rated|\n|rule|Sleep Clause Mod: Limit one foe put to sleep\n|rule|Species Clause: Limit one of each Pok\u00e9mon\n|rule|OHKO Clause: OHKO moves are banned\n|rule|Evasion Items Clause: Evasion items are banned\n|rule|Evasion Moves Clause: Evasion moves are banned\n|rule|Endless Battle Clause: Forcing endless battles is banned\n|rule|HP Percentage Mod: HP is shown in percentages\n|clearpoke\n|poke|p1|Munkidori, M|\n|poke|p1|Ting-Lu|\n|poke|p1|Dragapult, F|\n|poke|p1|Iron Treads|\n|poke|p1|Dondozo, F|\n|poke|p1|Tornadus-Therian, M|\n|poke|p2|Meowscarada, F|\n|poke|p2|Ninetales-Alola, M|\n|poke|p2|Heatran, F|\n|poke|p2|Corviknight, M|\n|poke|p2|Great Tusk|\n|poke|p2|Manaphy|\n|teampreview\n|\n|t:|1695170205\n|start\n|switch|p1a: Tornadus|Tornadus-Therian, M|100/100\n|switch|p2a: Ninetales|Ninetales-Alola, M|100/100\n|-weather|Snow|[from] ability: Snow Warning|[of] p2a: Ninetales\n|turn|1\n|\n|t:|1695170218\n|move|p1a: Tornadus|Knock Off|p2a: Ninetales\n|-resisted|p2a: Ninetales\n|-damage|p2a: Ninetales|92/100\n|-enditem|p2a: Ninetales|Light Clay|[from] move: Knock Off|[of] p1a: Tornadus\n|move|p2a: Ninetales|Aurora Veil|p2a: Ninetales\n|-sidestart|p2: andreshxh23|move: Aurora Veil\n|\n|-weather|Snow|[upkeep]\n|upkeep\n|turn|2\n|\n|t:|1695170226\n|move|p1a: Tornadus|U-turn|p2a: Ninetales\n|-resisted|p2a: Ninetales\n|-damage|p2a: Ninetales|88/100\n|\n|t:|1695170233\n|switch|p1a: Iron Treads|Iron Treads|100/100|[from] U-turn\n|move|p2a: Ninetales|Freeze-Dry|p1a: Iron Treads\n|-damage|p1a: Iron Treads|72/100\n|\n|-weather|Snow|[upkeep]\n|-heal|p1a: Iron Treads|78/100|[from] item: Leftovers\n|upkeep\n|turn|3\n|\n|t:|1695170249\n|switch|p2a: Meowscarada|Meowscarada, F|100/100\n|-end|p1a: Iron Treads|Quark Drive|[silent]\n|switch|p1a: Munkidori|Munkidori, M|100/100\n|\n|-weather|Snow|[upkeep]\n|upkeep\n|turn|4\n|\n|t:|1695170256\n|switch|p1a: Tornadus|Tornadus-Therian, M|100/100\n|move|p2a: Meowscarada|Knock Off|p1a: Tornadus\n|-damage|p1a: Tornadus|45/100\n|-enditem|p1a: Tornadus|Heavy-Duty Boots|[from] move: Knock Off|[of] p2a: Meowscarada\n|\n|-weather|Snow|[upkeep]\n|upkeep\n|turn|5\n|\n|t:|1695170266\n|switch|p2a: Heatran|Heatran, F|100/100\n|move|p1a: Tornadus|U-turn|p2a: Heatran\n|-resisted|p2a: Heatran\n|-damage|p2a: Heatran|99/100\n|\n|t:|1695170271\n|switch|p1a: Ting-Lu|Ting-Lu|100/100|[from] U-turn\n|-ability|p1a: Ting-Lu|Vessel of Ruin\n|\n|-weather|none\n|-heal|p2a: Heatran|100/100|[from] item: Leftovers\n|-sideend|p2: andreshxh23|move: Aurora Veil\n|upkeep\n|turn|6\n|\n|t:|1695170277\n|move|p2a: Heatran|Stealth Rock|p1a: Ting-Lu\n|-sidestart|p1: FoilFred|move: Stealth Rock\n|move|p1a: Ting-Lu|Stealth Rock|p2a: Heatran\n|-sidestart|p2: andreshxh23|move: Stealth Rock\n|\n|upkeep\n|turn|7\n|\n|t:|1695170281\n|switch|p2a: Corviknight|Corviknight, M|100/100\n|-damage|p2a: Corviknight|88/100|[from] Stealth Rock\n|-ability|p2a: Corviknight|Pressure\n|move|p1a: Ting-Lu|Spikes|p2a: Corviknight\n|-sidestart|p2: andreshxh23|Spikes\n|\n|-heal|p2a: Corviknight|94/100|[from] item: Leftovers\n|upkeep\n|turn|8\n|\n|t:|1695170286\n|switch|p1a: Munkidori|Munkidori, M|100/100\n|move|p2a: Corviknight|Defog|p1a: Munkidori\n|-unboost|p1a: Munkidori|evasion|1\n|-sideend|p1: FoilFred|Stealth Rock|[from] move: Defog|[of] p2a: Corviknight\n|-sideend|p2: andreshxh23|Spikes|[from] move: Defog|[of] p2a: Corviknight\n|-sideend|p2: andreshxh23|Stealth Rock|[from] move: Defog|[of] p2a: Corviknight\n|\n|-heal|p2a: Corviknight|100/100|[from] item: Leftovers\n|upkeep\n|turn|9\n|\n|t:|1695170291\n|move|p1a: Munkidori|Future Sight|p2a: Corviknight\n|-start|p1a: Munkidori|move: Future Sight\n|move|p2a: Corviknight|U-turn|p1a: Munkidori\n|-crit|p1a: Munkidori\n|-damage|p1a: Munkidori|66/100\n|\n|t:|1695170294\n|switch|p2a: Heatran|Heatran, F|100/100|[from] U-turn\n|\n|upkeep\n|turn|10\n|\n|t:|1695170297\n|move|p1a: Munkidori|U-turn|p2a: Heatran\n|-resisted|p2a: Heatran\n|-damage|p2a: Heatran|98/100\n|\n|t:|1695170304\n|switch|p1a: Ting-Lu|Ting-Lu|100/100|[from] U-turn\n|-ability|p1a: Ting-Lu|Vessel of Ruin\n|move|p2a: Heatran|Magma Storm|p1a: Ting-Lu\n|-damage|p1a: Ting-Lu|68/100\n|-activate|p1a: Ting-Lu|move: Magma Storm|[of] p2a: Heatran\n|\n|-heal|p2a: Heatran|100/100|[from] item: Leftovers\n|-heal|p1a: Ting-Lu|74/100|[from] item: Leftovers\n|-damage|p1a: Ting-Lu|61/100|[from] move: Magma Storm|[partiallytrapped]\n|upkeep\n|turn|11\n|\n|t:|1695170313\n|move|p2a: Heatran|Taunt|p1a: Ting-Lu\n|-start|p1a: Ting-Lu|move: Taunt\n|move|p1a: Ting-Lu|Ruination|p2a: Heatran\n|-damage|p2a: Heatran|50/100\n|\n|-end|p2a: Heatran|move: Future Sight\n|-resisted|p2a: Heatran\n|-damage|p2a: Heatran|30/100\n|-heal|p2a: Heatran|36/100|[from] item: Leftovers\n|-heal|p1a: Ting-Lu|68/100|[from] item: Leftovers\n|-damage|p1a: Ting-Lu|55/100|[from] move: Magma Storm|[partiallytrapped]\n|upkeep\n|turn|12\n|\n|t:|1695170326\n|switch|p2a: Meowscarada|Meowscarada, F|100/100\n|move|p1a: Ting-Lu|Earthquake|p2a: Meowscarada\n|-resisted|p2a: Meowscarada\n|-damage|p2a: Meowscarada|72/100\n|\n|-heal|p1a: Ting-Lu|61/100|[from] item: Leftovers\n|-end|p1a: Ting-Lu|Magma Storm|[partiallytrapped]|[silent]\n|upkeep\n|turn|13\n|\n|t:|1695170330\n|switch|p1a: Tornadus|Tornadus-Therian, M|78/100\n|move|p2a: Meowscarada|U-turn|p1a: Tornadus\n|-resisted|p1a: Tornadus\n|-damage|p1a: Tornadus|64/100\n|\n|t:|1695170337\n|switch|p2a: Heatran|Heatran, F|36/100|[from] U-turn\n|\n|-heal|p2a: Heatran|42/100|[from] item: Leftovers\n|upkeep\n|turn|14\n|\n|t:|1695170349\n|move|p1a: Tornadus|Taunt|p2a: Heatran\n|-start|p2a: Heatran|move: Taunt\n|cant|p2a: Heatran|move: Taunt|Stealth Rock\n|\n|-heal|p2a: Heatran|48/100|[from] item: Leftovers\n|upkeep\n|turn|15\n|\n|t:|1695170352\n|move|p1a: Tornadus|U-turn|p2a: Heatran\n|-resisted|p2a: Heatran\n|-damage|p2a: Heatran|44/100\n|\n|t:|1695170356\n|switch|p1a: Dondozo|Dondozo, F|100/100|[from] U-turn\n|move|p2a: Heatran|Magma Storm|p1a: Dondozo\n|-resisted|p1a: Dondozo\n|-damage|p1a: Dondozo|76/100\n|-activate|p1a: Dondozo|move: Magma Storm|[of] p2a: Heatran\n|\n|-heal|p2a: Heatran|50/100|[from] item: Leftovers\n|-damage|p1a: Dondozo|64/100|[from] move: Magma Storm|[partiallytrapped]\n|upkeep\n|turn|16\n|\n|t:|1695170368\n|switch|p2a: Ninetales|Ninetales-Alola, M|88/100\n|-weather|Snow|[from] ability: Snow Warning|[of] p2a: Ninetales\n|move|p1a: Dondozo|Body Press|p2a: Ninetales\n|-damage|p2a: Ninetales|63/100\n|\n|-weather|Snow|[upkeep]\n|-end|p1a: Dondozo|Magma Storm|[partiallytrapped]|[silent]\n|upkeep\n|turn|17\n|\n|t:|1695170378\n|switch|p1a: Ting-Lu|Ting-Lu|61/100\n|-ability|p1a: Ting-Lu|Vessel of Ruin\n|move|p2a: Ninetales|Aurora Veil|p2a: Ninetales\n|-sidestart|p2: andreshxh23|move: Aurora Veil\n|\n|-weather|Snow|[upkeep]\n|-heal|p1a: Ting-Lu|68/100|[from] item: Leftovers\n|upkeep\n|turn|18\n|\n|t:|1695170386\n|move|p2a: Ninetales|Moonblast|p1a: Ting-Lu\n|-supereffective|p1a: Ting-Lu\n|-damage|p1a: Ting-Lu|31/100\n|move|p1a: Ting-Lu|Stealth Rock|p2a: Ninetales\n|-sidestart|p2: andreshxh23|move: Stealth Rock\n|\n|-weather|Snow|[upkeep]\n|-heal|p1a: Ting-Lu|37/100|[from] item: Leftovers\n|upkeep\n|turn|19\n|\n|t:|1695170396\n|move|p2a: Ninetales|Encore|p1a: Ting-Lu\n|-start|p1a: Ting-Lu|Encore\n|move|p1a: Ting-Lu|Stealth Rock||[still]\n|-fail|p1a: Ting-Lu\n|\n|-weather|Snow|[upkeep]\n|-heal|p1a: Ting-Lu|43/100|[from] item: Leftovers\n|upkeep\n|turn|20\n|\n|t:|1695170403\n|switch|p1a: Iron Treads|Iron Treads|78/100\n|move|p2a: Ninetales|Freeze-Dry|p1a: Iron Treads\n|-damage|p1a: Iron Treads|48/100\n|\n|-weather|none\n|-heal|p1a: Iron Treads|55/100|[from] item: Leftovers\n|upkeep\n|turn|21\n|\n|t:|1695170408\n|switch|p2a: Corviknight|Corviknight, M|100/100\n|-damage|p2a: Corviknight|88/100|[from] Stealth Rock\n|-ability|p2a: Corviknight|Pressure\n|-end|p1a: Iron Treads|Quark Drive|[silent]\n|switch|p1a: Dragapult|Dragapult, F|100/100\n|\n|-heal|p2a: Corviknight|94/100|[from] item: Leftovers\n|-sideend|p2: andreshxh23|move: Aurora Veil\n|upkeep\n|turn|22\n|\n|t:|1695170411\n|move|p1a: Dragapult|Will-O-Wisp|p2a: Corviknight\n|-status|p2a: Corviknight|brn\n|move|p2a: Corviknight|Defog|p1a: Dragapult\n|-unboost|p1a: Dragapult|evasion|1\n|-sideend|p2: andreshxh23|Stealth Rock|[from] move: Defog|[of] p2a: Corviknight\n|\n|-heal|p2a: Corviknight|100/100 brn|[from] item: Leftovers\n|-damage|p2a: Corviknight|94/100 brn|[from] brn\n|upkeep\n|turn|23\n|\n|t:|1695170423\n|move|p1a: Dragapult|Hex|p2a: Corviknight\n|-damage|p2a: Corviknight|43/100 brn\n|move|p2a: Corviknight|U-turn|p1a: Dragapult\n|-resisted|p1a: Dragapult\n|-damage|p1a: Dragapult|96/100\n|\n|t:|1695170425\n|switch|p2a: Meowscarada|Meowscarada, F|72/100|[from] U-turn\n|\n|upkeep\n|turn|24\n|\n|t:|1695170431\n|switch|p1a: Tornadus|Tornadus-Therian, M|97/100\n|move|p2a: Meowscarada|Knock Off|p1a: Tornadus\n|-damage|p1a: Tornadus|59/100\n|\n|upkeep\n|turn|25\n|\n|t:|1695170437\n|switch|p2a: Corviknight|Corviknight, M|43/100 brn\n|-ability|p2a: Corviknight|Pressure\n|move|p1a: Tornadus|U-turn|p2a: Corviknight\n|-resisted|p2a: Corviknight\n|-damage|p2a: Corviknight|41/100 brn\n|\n|t:|1695170440\n|switch|p1a: Dragapult|Dragapult, F|96/100|[from] U-turn\n|\n|-heal|p2a: Corviknight|47/100 brn|[from] item: Leftovers\n|-damage|p2a: Corviknight|41/100 brn|[from] brn\n|upkeep\n|turn|26\n|\n|t:|1695170446\n|move|p1a: Dragapult|Draco Meteor|p2a: Corviknight\n|-resisted|p2a: Corviknight\n|-damage|p2a: Corviknight|15/100 brn\n|-unboost|p1a: Dragapult|spa|2\n|move|p2a: Corviknight|Roost|p2a: Corviknight\n|-heal|p2a: Corviknight|65/100 brn\n|-singleturn|p2a: Corviknight|move: Roost\n|\n|-heal|p2a: Corviknight|71/100 brn|[from] item: Leftovers\n|-damage|p2a: Corviknight|65/100 brn|[from] brn\n|upkeep\n|turn|27\n|\n|t:|1695170450\n|switch|p2a: Ninetales|Ninetales-Alola, M|63/100\n|-weather|Snow|[from] ability: Snow Warning|[of] p2a: Ninetales\n|move|p1a: Dragapult|U-turn|p2a: Ninetales\n|-resisted|p2a: Ninetales\n|-damage|p2a: Ninetales|55/100\n|\n|t:|1695170454\n|switch|p1a: Iron Treads|Iron Treads|55/100|[from] U-turn\n|\n|-weather|Snow|[upkeep]\n|-heal|p1a: Iron Treads|61/100|[from] item: Leftovers\n|upkeep\n|turn|28\n|\n|t:|1695170459\n|move|p2a: Ninetales|Aurora Veil|p2a: Ninetales\n|-sidestart|p2: andreshxh23|move: Aurora Veil\n|move|p1a: Iron Treads|Iron Head|p2a: Ninetales\n|-supereffective|p2a: Ninetales\n|-damage|p2a: Ninetales|0 fnt\n|faint|p2a: Ninetales\n|\n|-weather|Snow|[upkeep]\n|-heal|p1a: Iron Treads|67/100|[from] item: Leftovers\n|upkeep\n|\n|t:|1695170461\n|switch|p2a: Manaphy|Manaphy|100/100\n|turn|29\n|\n|t:|1695170476\n|-end|p1a: Iron Treads|Quark Drive|[silent]\n|switch|p1a: Dondozo|Dondozo, F|64/100\n|move|p2a: Manaphy|Substitute|p2a: Manaphy\n|-start|p2a: Manaphy|Substitute\n|-damage|p2a: Manaphy|75/100\n|\n|-weather|Snow|[upkeep]\n|-heal|p2a: Manaphy|82/100|[from] item: Leftovers\n|upkeep\n|turn|30\n|\n|t:|1695170481\n|move|p2a: Manaphy|Tail Glow|p2a: Manaphy\n|-boost|p2a: Manaphy|spa|3\n|move|p1a: Dondozo|Body Press|p2a: Manaphy\n|-activate|p2a: Manaphy|move: Substitute|[damage]\n|\n|-weather|Snow|[upkeep]\n|-heal|p2a: Manaphy|88/100|[from] item: Leftovers\n|upkeep\n|turn|31\n|\n|t:|1695170485\n|-terastallize|p2a: Manaphy|Water\n|-terastallize|p1a: Dondozo|Dragon\n|move|p2a: Manaphy|Scald|p1a: Dondozo\n|-resisted|p1a: Dondozo\n|-damage|p1a: Dondozo|40/100\n|-status|p1a: Dondozo|brn\n|move|p1a: Dondozo|Body Press|p2a: Manaphy\n|-activate|p2a: Manaphy|move: Substitute|[damage]\n|\n|-weather|none\n|-heal|p2a: Manaphy|94/100|[from] item: Leftovers\n|-damage|p1a: Dondozo|34/100 brn|[from] brn\n|upkeep\n|turn|32\n|\n|t:|1695170498\n|move|p2a: Manaphy|Scald|p1a: Dondozo\n|-resisted|p1a: Dondozo\n|-damage|p1a: Dondozo|13/100 brn\n|move|p1a: Dondozo|Rest|p1a: Dondozo\n|-status|p1a: Dondozo|slp|[from] move: Rest\n|-heal|p1a: Dondozo|100/100 slp|[silent]\n|\n|-heal|p2a: Manaphy|100/100|[from] item: Leftovers\n|-sideend|p2: andreshxh23|move: Aurora Veil\n|upkeep\n|turn|33\n|\n|t:|1695170505\n|switch|p2a: Heatran|Heatran, F|50/100\n|cant|p1a: Dondozo|slp\n|move|p1a: Dondozo|Sleep Talk|p1a: Dondozo\n|move|p1a: Dondozo|Rest||[from]move: Sleep Talk|[still]\n|-fail|p1a: Dondozo\n|\n|-heal|p2a: Heatran|57/100|[from] item: Leftovers\n|upkeep\n|turn|34\n|\n|t:|1695170516\n|move|p2a: Heatran|Magma Storm|p1a: Dondozo\n|-resisted|p1a: Dondozo\n|-damage|p1a: Dondozo|76/100 slp\n|-activate|p1a: Dondozo|move: Magma Storm|[of] p2a: Heatran\n|cant|p1a: Dondozo|slp\n|move|p1a: Dondozo|Sleep Talk|p1a: Dondozo\n|move|p1a: Dondozo|Rest||[from]move: Sleep Talk|[still]\n|-fail|p1a: Dondozo\n|\n|-heal|p2a: Heatran|63/100|[from] item: Leftovers\n|-damage|p1a: Dondozo|64/100 slp|[from] move: Magma Storm|[partiallytrapped]\n|upkeep\n|turn|35\n|\n|t:|1695170525\n|move|p2a: Heatran|Taunt|p1a: Dondozo\n|-start|p1a: Dondozo|move: Taunt\n|-curestatus|p1a: Dondozo|slp|[msg]\n|move|p1a: Dondozo|Liquidation|p2a: Heatran\n|-supereffective|p2a: Heatran\n|-damage|p2a: Heatran|14/100\n|\n|-heal|p2a: Heatran|20/100|[from] item: Leftovers\n|-damage|p1a: Dondozo|51/100|[from] move: Magma Storm|[partiallytrapped]\n|upkeep\n|turn|36\n|\n|t:|1695170531\n|move|p2a: Heatran|Earth Power|p1a: Dondozo\n|-damage|p1a: Dondozo|20/100\n|move|p1a: Dondozo|Liquidation|p2a: Heatran\n|-supereffective|p2a: Heatran\n|-damage|p2a: Heatran|0 fnt\n|faint|p2a: Heatran\n|\n|-end|p1a: Dondozo|Magma Storm|[partiallytrapped]|[silent]\n|upkeep\n|\n|t:|1695170540\n|switch|p2a: Great Tusk|Great Tusk|100/100\n|turn|37\n|\n|t:|1695170545\n|move|p2a: Great Tusk|Ice Spinner|p1a: Dondozo\n|-supereffective|p1a: Dondozo\n|-damage|p1a: Dondozo|0 fnt\n|faint|p1a: Dondozo\n|\n|upkeep\n|\n|t:|1695170550\n|switch|p1a: Tornadus|Tornadus-Therian, M|92/100\n|turn|38\n|\n|t:|1695170556\n|-end|p2a: Great Tusk|Protosynthesis|[silent]\n|switch|p2a: Corviknight|Corviknight, M|65/100 brn\n|-ability|p2a: Corviknight|Pressure\n|move|p1a: Tornadus|Bleakwind Storm|p2a: Corviknight\n|-resisted|p2a: Corviknight\n|-damage|p2a: Corviknight|47/100 brn\n|\n|-heal|p2a: Corviknight|53/100 brn|[from] item: Leftovers\n|-damage|p2a: Corviknight|47/100 brn|[from] brn\n|upkeep\n|turn|39\n|\n|t:|1695170562\n|move|p1a: Tornadus|Taunt|p2a: Corviknight\n|-start|p2a: Corviknight|move: Taunt\n|move|p2a: Corviknight|U-turn|p1a: Tornadus\n|-resisted|p1a: Tornadus\n|-damage|p1a: Tornadus|87/100\n|\n|t:|1695170571\n|switch|p2a: Manaphy|Manaphy, tera:Water|100/100|[from] U-turn\n|\n|upkeep\n|turn|40\n|\n|t:|1695170577\n|move|p1a: Tornadus|U-turn|p2a: Manaphy\n|-damage|p2a: Manaphy|84/100\n|\n|t:|1695170579\n|switch|p1a: Iron Treads|Iron Treads|67/100|[from] U-turn\n|move|p2a: Manaphy|Ice Beam|p1a: Iron Treads\n|-damage|p1a: Iron Treads|31/100\n|\n|-heal|p1a: Iron Treads|37/100|[from] item: Leftovers\n|-heal|p2a: Manaphy|90/100|[from] item: Leftovers\n|upkeep\n|turn|41\n|\n|t:|1695170583\n|move|p1a: Iron Treads|Earthquake|p2a: Manaphy\n|-damage|p2a: Manaphy|44/100\n|move|p2a: Manaphy|Scald|p1a: Iron Treads\n|-supereffective|p1a: Iron Treads\n|-damage|p1a: Iron Treads|0 fnt\n|faint|p1a: Iron Treads\n|-end|p1a: Iron Treads|Quark Drive|[silent]\n|\n|-heal|p2a: Manaphy|50/100|[from] item: Leftovers\n|upkeep\n|\n|t:|1695170586\n|switch|p1a: Dragapult|Dragapult, F|96/100\n|turn|42\n|\n|t:|1695170595\n|switch|p2a: Corviknight|Corviknight, M|47/100 brn\n|-ability|p2a: Corviknight|Pressure\n|move|p1a: Dragapult|Will-O-Wisp|p2a: Corviknight\n|-fail|p2a: Corviknight|brn\n|\n|-heal|p2a: Corviknight|53/100 brn|[from] item: Leftovers\n|-damage|p2a: Corviknight|47/100 brn|[from] brn\n|upkeep\n|turn|43\n|\n|t:|1695170598\n|switch|p2a: Meowscarada|Meowscarada, F|72/100\n|move|p1a: Dragapult|Hex|p2a: Meowscarada\n|-resisted|p2a: Meowscarada\n|-damage|p2a: Meowscarada|52/100\n|\n|upkeep\n|turn|44\n|\n|t:|1695170608\n|switch|p1a: Ting-Lu|Ting-Lu|43/100\n|-ability|p1a: Ting-Lu|Vessel of Ruin\n|move|p2a: Meowscarada|Knock Off|p1a: Ting-Lu\n|-resisted|p1a: Ting-Lu\n|-damage|p1a: Ting-Lu|35/100\n|-enditem|p1a: Ting-Lu|Leftovers|[from] move: Knock Off|[of] p2a: Meowscarada\n|\n|upkeep\n|turn|45\n|\n|t:|1695170613\n|switch|p2a: Great Tusk|Great Tusk|100/100\n|move|p1a: Ting-Lu|Stealth Rock|p2a: Great Tusk\n|-sidestart|p2: andreshxh23|move: Stealth Rock\n|\n|upkeep\n|turn|46\n|\n|t:|1695170615\n|move|p2a: Great Tusk|Ice Spinner|p1a: Ting-Lu\n|-supereffective|p1a: Ting-Lu\n|-damage|p1a: Ting-Lu|13/100\n|move|p1a: Ting-Lu|Ruination|p2a: Great Tusk\n|-damage|p2a: Great Tusk|51/100\n|\n|upkeep\n|turn|47\n|\n|t:|1695170620\n|move|p2a: Great Tusk|Ice Spinner|p1a: Ting-Lu\n|-supereffective|p1a: Ting-Lu\n|-damage|p1a: Ting-Lu|0 fnt\n|faint|p1a: Ting-Lu\n|\n|upkeep\n|\n|t:|1695170627\n|switch|p1a: Tornadus|Tornadus-Therian, M|100/100\n|turn|48\n|\n|t:|1695170632\n|-end|p2a: Great Tusk|Protosynthesis|[silent]\n|switch|p2a: Corviknight|Corviknight, M|47/100 brn\n|-damage|p2a: Corviknight|34/100 brn|[from] Stealth Rock\n|-ability|p2a: Corviknight|Pressure\n|move|p1a: Tornadus|U-turn|p2a: Corviknight\n|-resisted|p2a: Corviknight\n|-damage|p2a: Corviknight|32/100 brn\n|\n|t:|1695170634\n|switch|p1a: Dragapult|Dragapult, F|96/100|[from] U-turn\n|\n|-heal|p2a: Corviknight|38/100 brn|[from] item: Leftovers\n|-damage|p2a: Corviknight|32/100 brn|[from] brn\n|upkeep\n|turn|49\n|\n|t:|1695170639\n|move|p1a: Dragapult|Draco Meteor|p2a: Corviknight\n|-resisted|p2a: Corviknight\n|-damage|p2a: Corviknight|4/100 brn\n|-unboost|p1a: Dragapult|spa|2\n|move|p2a: Corviknight|Defog|p1a: Dragapult\n|-unboost|p1a: Dragapult|evasion|1\n|-sideend|p2: andreshxh23|Stealth Rock|[from] move: Defog|[of] p2a: Corviknight\n|\n|-heal|p2a: Corviknight|10/100 brn|[from] item: Leftovers\n|-damage|p2a: Corviknight|4/100 brn|[from] brn\n|upkeep\n|turn|50\n|\n|t:|1695170644\n|move|p1a: Dragapult|U-turn|p2a: Corviknight\n|-resisted|p2a: Corviknight\n|-damage|p2a: Corviknight|1/100 brn\n|\n|t:|1695170646\n|switch|p1a: Munkidori|Munkidori, M|66/100|[from] U-turn\n|move|p2a: Corviknight|Roost|p2a: Corviknight\n|-heal|p2a: Corviknight|51/100 brn\n|-singleturn|p2a: Corviknight|move: Roost\n|\n|-heal|p2a: Corviknight|58/100 brn|[from] item: Leftovers\n|-damage|p2a: Corviknight|51/100 brn|[from] brn\n|upkeep\n|turn|51\n|\n|t:|1695170651\n|move|p1a: Munkidori|Future Sight|p2a: Corviknight\n|-start|p1a: Munkidori|move: Future Sight\n|move|p2a: Corviknight|U-turn|p1a: Munkidori\n|-damage|p1a: Munkidori|55/100\n|\n|t:|1695170654\n|switch|p2a: Meowscarada|Meowscarada, F|52/100|[from] U-turn\n|\n|upkeep\n|turn|52\n|\n|t:|1695170661\n|switch|p1a: Tornadus|Tornadus-Therian, M|100/100\n|move|p2a: Meowscarada|Knock Off|p1a: Tornadus\n|-damage|p1a: Tornadus|65/100\n|\n|upkeep\n|turn|53\n|\n|t:|1695170668\n|switch|p2a: Corviknight|Corviknight, M|51/100 brn\n|-ability|p2a: Corviknight|Pressure\n|move|p1a: Tornadus|Knock Off|p2a: Corviknight\n|-damage|p2a: Corviknight|37/100 brn\n|-enditem|p2a: Corviknight|Leftovers|[from] move: Knock Off|[of] p1a: Tornadus\n|\n|-end|p2a: Corviknight|move: Future Sight\n|-resisted|p2a: Corviknight\n|-damage|p2a: Corviknight|7/100 brn\n|-damage|p2a: Corviknight|1/100 brn|[from] brn\n|upkeep\n|turn|54\n|\n|t:|1695170673\n|move|p1a: Tornadus|Knock Off|p2a: Corviknight\n|-damage|p2a: Corviknight|0 fnt\n|faint|p2a: Corviknight\n|\n|upkeep\n|\n|t:|1695170677\n|switch|p2a: Manaphy|Manaphy, tera:Water|50/100\n|turn|55\n|\n|t:|1695170684\n|move|p1a: Tornadus|U-turn|p2a: Manaphy\n|-damage|p2a: Manaphy|35/100\n|\n|t:|1695170685\n|switch|p1a: Munkidori|Munkidori, M|55/100|[from] U-turn\n|move|p2a: Manaphy|Ice Beam|p1a: Munkidori\n|-damage|p1a: Munkidori|25/100\n|\n|-heal|p2a: Manaphy|42/100|[from] item: Leftovers\n|upkeep\n|turn|56\n|\n|t:|1695170694\n|move|p1a: Munkidori|Sludge Wave|p2a: Manaphy\n|-damage|p2a: Manaphy|0 fnt\n|faint|p2a: Manaphy\n|\n|upkeep\n|\n|t:|1695170697\n|switch|p2a: Meowscarada|Meowscarada, F|52/100\n|turn|57\n|\n|t:|1695170713\n|move|p2a: Meowscarada|Knock Off|p1a: Munkidori\n|-supereffective|p1a: Munkidori\n|-damage|p1a: Munkidori|0 fnt\n|-enditem|p1a: Munkidori|Heavy-Duty Boots|[from] move: Knock Off|[of] p2a: Meowscarada\n|faint|p1a: Munkidori\n|\n|upkeep\n|\n|t:|1695170714\n|switch|p1a: Tornadus|Tornadus-Therian, M|98/100\n|turn|58\n|\n|t:|1695170717\n|move|p2a: Meowscarada|Knock Off|p1a: Tornadus\n|-damage|p1a: Tornadus|59/100\n|move|p1a: Tornadus|Bleakwind Storm|p2a: Meowscarada\n|-supereffective|p2a: Meowscarada\n|-damage|p2a: Meowscarada|0 fnt\n|faint|p2a: Meowscarada\n|\n|upkeep\n|\n|t:|1695170719\n|switch|p2a: Great Tusk|Great Tusk|51/100\n|turn|59\n|\n|t:|1695170721\n|move|p2a: Great Tusk|Ice Spinner|p1a: Tornadus\n|-supereffective|p1a: Tornadus\n|-damage|p1a: Tornadus|0 fnt\n|faint|p1a: Tornadus\n|\n|upkeep\n|\n|t:|1695170723\n|switch|p1a: Dragapult|Dragapult, F|96/100\n|turn|60\n|\n|t:|1695170726\n|move|p2a: Great Tusk|Ice Spinner|p1a: Dragapult\n|-supereffective|p1a: Dragapult\n|-damage|p1a: Dragapult|24/100\n|move|p1a: Dragapult|Draco Meteor|p2a: Great Tusk\n|-damage|p2a: Great Tusk|0 fnt\n|-unboost|p1a: Dragapult|spa|2\n|faint|p2a: Great Tusk\n|-end|p2a: Great Tusk|Protosynthesis|[silent]\n|\n|win|FoilFred\n|raw|FoilFred's rating: 1315 &rarr; <strong>1340</strong><br />(+25 for winning)\n|raw|andreshxh23's rating: 1411 &rarr; <strong>1386</strong><br />(-25 for losing)\n", "uploadtime": 1695170732, "views": 2, "p1id": "foilfred", "p2id": "andreshxh23", "formatid": "gen9ou", "rating": 1340, "private": 0, "password": ""}