{"id": "gen9ou-1947564993", "p1": "Pikka888", "p2": "xdd-Rayleigh", "format": "gen9ou", "log": "|j|\u2606Pikka888\n|j|\u2606xdd-Rayleigh\n|t:|1695173072\n|gametype|singles\n|player|p1|Pikka888|102|1569\n|player|p2|xdd-Rayleigh|blue|1496\n|teamsize|p1|6\n|teamsize|p2|6\n|gen|9\n|tier|[Gen 9] OU\n|rated|\n|rule|Sleep Clause Mod: Limit one foe put to sleep\n|rule|Species Clause: Limit one of each Pok\u00e9mon\n|rule|OHKO Clause: OHKO moves are banned\n|rule|Evasion Items Clause: Evasion items are banned\n|rule|Evasion Moves Clause: Evasion moves are banned\n|rule|Endless Battle Clause: Forcing endless battles is banned\n|rule|HP Percentage Mod: HP is shown in percentages\n|clearpoke\n|poke|p1|Ogerpon-Hearthflame, F|\n|poke|p1|Weezing-Galar, M|\n|poke|p1|Dondozo, M|\n|poke|p1|Ninetales-Alola, F|\n|poke|p1|Kingambit, F|\n|poke|p1|Ursaluna-Bloodmoon, M|\n|poke|p2|Great Tusk|\n|poke|p2|Ogerpon-Hearthflame, F|\n|poke|p2|Moltres|\n|poke|p2|Empoleon, M|\n|poke|p2|Iron Valiant|\n|poke|p2|Garchomp, F|\n|teampreview\n|\n|t:|1695173082\n|start\n|switch|p1a: Ogerpon|Ogerpon-Hearthflame, F|100/100\n|switch|p2a: Iron Valiant|Iron Valiant|100/100\n|-ability|p1a: Ogerpon|Mold Breaker\n|-enditem|p2a: Iron Valiant|Booster Energy\n|-activate|p2a: Iron Valiant|ability: Quark Drive|[fromitem]\n|-start|p2a: Iron Valiant|quarkdrivespe\n|turn|1\n|\n|t:|1695173091\n|switch|p1a: Dondozo|Dondozo, M|100/100\n|move|p2a: Iron Valiant|Close Combat|p1a: Dondozo\n|-damage|p1a: Dondozo|77/100\n|-unboost|p2a: Iron Valiant|def|1\n|-unboost|p2a: Iron Valiant|spd|1\n|\n|-heal|p1a: Dondozo|83/100|[from] item: Leftovers\n|upkeep\n|turn|2\n|\n|t:|1695173095\n|move|p2a: Iron Valiant|Calm Mind|p2a: Iron Valiant\n|-boost|p2a: Iron Valiant|spa|1\n|-boost|p2a: Iron Valiant|spd|1\n|move|p1a: Dondozo|Liquidation|p2a: Iron Valiant\n|-damage|p2a: Iron Valiant|63/100\n|\n|-heal|p1a: Dondozo|89/100|[from] item: Leftovers\n|upkeep\n|turn|3\n|\n|t:|1695173098\n|move|p2a: Iron Valiant|Moonblast|p1a: Dondozo\n|-damage|p1a: Dondozo|41/100\n|move|p1a: Dondozo|Liquidation|p2a: Iron Valiant\n|-damage|p2a: Iron Valiant|22/100\n|\n|-heal|p1a: Dondozo|47/100|[from] item: Leftovers\n|upkeep\n|turn|4\n|\n|t:|1695173103\n|move|p2a: Iron Valiant|Moonblast|p1a: Dondozo\n|-damage|p1a: Dondozo|4/100\n|move|p1a: Dondozo|Liquidation|p2a: Iron Valiant\n|-damage|p2a: Iron Valiant|0 fnt\n|faint|p2a: Iron Valiant\n|-end|p2a: Iron Valiant|Quark Drive|[silent]\n|\n|-heal|p1a: Dondozo|11/100|[from] item: Leftovers\n|upkeep\n|\n|t:|1695173108\n|switch|p2a: Ogerpon|Ogerpon-Hearthflame, F|100/100\n|-ability|p2a: Ogerpon|Mold Breaker\n|turn|5\n|\n|t:|1695173112\n|move|p2a: Ogerpon|Swords Dance|p2a: Ogerpon\n|-boost|p2a: Ogerpon|atk|2\n|move|p1a: Dondozo|Liquidation|p2a: Ogerpon\n|-damage|p2a: Ogerpon|59/100\n|\n|-heal|p1a: Dondozo|17/100|[from] item: Leftovers\n|upkeep\n|turn|6\n|\n|t:|1695173116\n|move|p2a: Ogerpon|Horn Leech|p1a: Dondozo\n|-supereffective|p1a: Dondozo\n|-damage|p1a: Dondozo|0 fnt\n|-heal|p2a: Ogerpon|73/100|[from] drain|[of] p1a: Dondozo\n|faint|p1a: Dondozo\n|\n|upkeep\n|\n|t:|1695173118\n|switch|p1a: Kingambit|Kingambit, F|100/100\n|-activate|p1a: Kingambit|ability: Supreme Overlord\n|-start|p1a: Kingambit|fallen1|[silent]\n|turn|7\n|\n|t:|1695173122\n|switch|p2a: Moltres|Moltres|100/100\n|move|p1a: Kingambit|Sucker Punch||[still]\n|-fail|p1a: Kingambit\n|\n|upkeep\n|turn|8\n|\n|t:|1695173126\n|-end|p1a: Kingambit|fallen1|[silent]\n|switch|p1a: Weezing|Weezing-Galar, M|100/100\n|-ability|p1a: Weezing|Neutralizing Gas\n|move|p2a: Moltres|U-turn|p1a: Weezing\n|-resisted|p1a: Weezing\n|-damage|p1a: Weezing|98/100\n|\n|t:|1695173129\n|switch|p2a: Great Tusk|Great Tusk|100/100|[from] U-turn\n|\n|-heal|p1a: Weezing|100/100|[from] item: Leftovers\n|upkeep\n|turn|9\n|\n|t:|1695173133\n|move|p2a: Great Tusk|Earthquake|p1a: Weezing\n|-supereffective|p1a: Weezing\n|-damage|p1a: Weezing|41/100\n|move|p1a: Weezing|Strange Steam|p2a: Great Tusk\n|-supereffective|p2a: Great Tusk\n|-damage|p2a: Great Tusk|30/100\n|\n|-heal|p2a: Great Tusk|36/100|[from] item: Leftovers\n|-heal|p1a: Weezing|47/100|[from] item: Leftovers\n|upkeep\n|turn|10\n|\n|t:|1695173138\n|-end|p1a: Weezing|ability: Neutralizing Gas\n|switch|p1a: Ninetales|Ninetales-Alola, F|100/100\n|-weather|Snow|[from] ability: Snow Warning|[of] p1a: Ninetales\n|move|p2a: Great Tusk|Earthquake|p1a: Ninetales\n|-crit|p1a: Ninetales\n|-damage|p1a: Ninetales|48/100\n|\n|-weather|Snow|[upkeep]\n|-heal|p2a: Great Tusk|42/100|[from] item: Leftovers\n|upkeep\n|turn|11\n|\n|t:|1695173141\n|move|p1a: Ninetales|Aurora Veil|p1a: Ninetales\n|-sidestart|p1: Pikka888|move: Aurora Veil\n|move|p2a: Great Tusk|Rapid Spin|p1a: Ninetales\n|-damage|p1a: Ninetales|42/100\n|-boost|p2a: Great Tusk|spe|1\n|\n|-weather|Snow|[upkeep]\n|-heal|p2a: Great Tusk|48/100|[from] item: Leftovers\n|upkeep\n|turn|12\n|\n|t:|1695173143\n|move|p2a: Great Tusk|Knock Off|p1a: Ninetales\n|-resisted|p1a: Ninetales\n|-damage|p1a: Ninetales|36/100\n|-enditem|p1a: Ninetales|Light Clay|[from] move: Knock Off|[of] p2a: Great Tusk\n|move|p1a: Ninetales|Freeze-Dry|p2a: Great Tusk\n|-supereffective|p2a: Great Tusk\n|-damage|p2a: Great Tusk|0 fnt\n|faint|p2a: Great Tusk\n|-end|p2a: Great Tusk|Protosynthesis|[silent]\n|\n|-weather|Snow|[upkeep]\n|upkeep\n|\n|t:|1695173146\n|switch|p2a: Moltres|Moltres|100/100\n|turn|13\n|\n|t:|1695173149\n|move|p1a: Ninetales|Encore||[still]\n|-fail|p1a: Ninetales\n|move|p2a: Moltres|U-turn|p1a: Ninetales\n|-resisted|p1a: Ninetales\n|-damage|p1a: Ninetales|33/100\n|\n|t:|1695173152\n|switch|p2a: Empoleon|Empoleon, M|100/100|[from] U-turn\n|\n|-weather|Snow|[upkeep]\n|upkeep\n|turn|14\n|\n|t:|1695173157\n|move|p1a: Ninetales|Freeze-Dry|p2a: Empoleon\n|-damage|p2a: Empoleon|88/100\n|move|p2a: Empoleon|Flip Turn|p1a: Ninetales\n|-damage|p1a: Ninetales|27/100\n|\n|t:|1695173158\n|switch|p2a: Moltres|Moltres|100/100|[from] Flip Turn\n|\n|-weather|none\n|upkeep\n|turn|15\n|\n|t:|1695173169\n|switch|p1a: Weezing|Weezing-Galar, M|47/100\n|-ability|p1a: Weezing|Neutralizing Gas\n|move|p2a: Moltres|Flamethrower|p1a: Weezing\n|-damage|p1a: Weezing|24/100\n|\n|-heal|p1a: Weezing|30/100|[from] item: Leftovers\n|upkeep\n|turn|16\n|\n|t:|1695173174\n|move|p2a: Moltres|Flamethrower|p1a: Weezing\n|-damage|p1a: Weezing|4/100\n|-status|p1a: Weezing|brn\n|move|p1a: Weezing|Thunderbolt|p2a: Moltres\n|-supereffective|p2a: Moltres\n|-damage|p2a: Moltres|63/100\n|\n|-heal|p1a: Weezing|10/100 brn|[from] item: Leftovers\n|-damage|p1a: Weezing|4/100 brn|[from] brn\n|upkeep\n|turn|17\n|\n|t:|1695173178\n|move|p2a: Moltres|Roost|p2a: Moltres\n|-heal|p2a: Moltres|100/100\n|-singleturn|p2a: Moltres|move: Roost\n|move|p1a: Weezing|Toxic|p2a: Moltres\n|-status|p2a: Moltres|tox\n|\n|-heal|p1a: Weezing|10/100 brn|[from] item: Leftovers\n|-damage|p2a: Moltres|94/100 tox|[from] psn\n|-damage|p1a: Weezing|4/100 brn|[from] brn\n|upkeep\n|turn|18\n|\n|t:|1695173181\n|move|p2a: Moltres|U-turn|p1a: Weezing\n|-resisted|p1a: Weezing\n|-damage|p1a: Weezing|3/100 brn\n|\n|t:|1695173182\n|switch|p2a: Empoleon|Empoleon, M|88/100|[from] U-turn\n|move|p1a: Weezing|Strange Steam|p2a: Empoleon\n|-resisted|p2a: Empoleon\n|-damage|p2a: Empoleon|79/100\n|\n|-heal|p2a: Empoleon|85/100|[from] item: Leftovers\n|-heal|p1a: Weezing|9/100 brn|[from] item: Leftovers\n|-damage|p1a: Weezing|3/100 brn|[from] brn\n|-sideend|p1: Pikka888|move: Aurora Veil\n|upkeep\n|turn|19\n|\n|t:|1695173185\n|move|p1a: Weezing|Thunderbolt|p2a: Empoleon\n|-supereffective|p2a: Empoleon\n|-damage|p2a: Empoleon|59/100\n|move|p2a: Empoleon|Stealth Rock|p1a: Weezing\n|-sidestart|p1: Pikka888|move: Stealth Rock\n|\n|-heal|p1a: Weezing|9/100 brn|[from] item: Leftovers\n|-heal|p2a: Empoleon|65/100|[from] item: Leftovers\n|-damage|p1a: Weezing|3/100 brn|[from] brn\n|upkeep\n|turn|20\n|\n|t:|1695173189\n|move|p2a: Empoleon|Flip Turn|p1a: Weezing\n|-damage|p1a: Weezing|0 fnt\n|faint|p1a: Weezing\n|-end|p1a: Weezing|ability: Neutralizing Gas\n|\n|t:|1695173191\n|switch|p2a: Ogerpon|Ogerpon-Hearthflame, F|73/100|[from] Flip Turn\n|-ability|p2a: Ogerpon|Mold Breaker\n|\n|upkeep\n|\n|t:|1695173195\n|switch|p1a: Kingambit|Kingambit, F|100/100\n|-damage|p1a: Kingambit|94/100|[from] Stealth Rock\n|-activate|p1a: Kingambit|ability: Supreme Overlord\n|-start|p1a: Kingambit|fallen2|[silent]\n|turn|21\n|\n|t:|1695173202\n|move|p2a: Ogerpon|Ivy Cudgel|p1a: Kingambit\n|-supereffective|p1a: Kingambit\n|-damage|p1a: Kingambit|16/100\n|move|p1a: Kingambit|Kowtow Cleave|p2a: Ogerpon\n|-damage|p2a: Ogerpon|0 fnt\n|faint|p2a: Ogerpon\n|\n|upkeep\n|\n|t:|1695173211\n|switch|p2a: Empoleon|Empoleon, M|65/100\n|turn|22\n|\n|t:|1695173215\n|move|p1a: Kingambit|Sucker Punch||[still]\n|-fail|p1a: Kingambit\n|move|p2a: Empoleon|Roost|p2a: Empoleon\n|-heal|p2a: Empoleon|100/100\n|-singleturn|p2a: Empoleon|move: Roost\n|\n|upkeep\n|turn|23\n|\n|t:|1695173220\n|move|p1a: Kingambit|Sucker Punch|p2a: Empoleon\n|-damage|p2a: Empoleon|40/100\n|move|p2a: Empoleon|Surf|p1a: Kingambit\n|-damage|p1a: Kingambit|0 fnt\n|faint|p1a: Kingambit\n|-end|p1a: Kingambit|fallen2|[silent]\n|\n|-heal|p2a: Empoleon|46/100|[from] item: Leftovers\n|upkeep\n|\n|t:|1695173222\n|switch|p1a: Ogerpon|Ogerpon-Hearthflame, F|100/100\n|-damage|p1a: Ogerpon|76/100|[from] Stealth Rock\n|-ability|p1a: Ogerpon|Mold Breaker\n|turn|24\n|\n|t:|1695173227\n|switch|p2a: Moltres|Moltres|94/100 tox\n|move|p1a: Ogerpon|Swords Dance|p1a: Ogerpon\n|-boost|p1a: Ogerpon|atk|2\n|\n|-damage|p2a: Moltres|88/100 tox|[from] psn\n|upkeep\n|turn|25\n|\n|t:|1695173234\n|-terastallize|p1a: Ogerpon|Fire\n|detailschange|p1a: Ogerpon|Ogerpon-Hearthflame-Tera, F, tera:Fire\n|-ability|p1a: Ogerpon|Embody Aspect (Hearthflame)|boost\n|-boost|p1a: Ogerpon|atk|1\n|move|p1a: Ogerpon|Ivy Cudgel|p2a: Moltres\n|-resisted|p2a: Moltres\n|-damage|p2a: Moltres|19/100 tox\n|move|p2a: Moltres|Flamethrower|p1a: Ogerpon\n|-resisted|p1a: Ogerpon\n|-damage|p1a: Ogerpon|53/100\n|\n|-damage|p2a: Moltres|7/100 tox|[from] psn\n|upkeep\n|turn|26\n|\n|t:|1695173238\n|move|p1a: Ogerpon|Trailblaze|p2a: Moltres\n|-resisted|p2a: Moltres\n|-damage|p2a: Moltres|0 fnt\n|-boost|p1a: Ogerpon|spe|1\n|faint|p2a: Moltres\n|\n|upkeep\n|\n|t:|1695173239\n|switch|p2a: Garchomp|Garchomp, F|100/100\n|turn|27\n|\n|t:|1695173248\n|move|p1a: Ogerpon|Trailblaze|p2a: Garchomp\n|-damage|p2a: Garchomp|26/100\n|-boost|p1a: Ogerpon|spe|1\n|-damage|p1a: Ogerpon|41/100|[from] ability: Rough Skin|[of] p2a: Garchomp\n|move|p2a: Garchomp|Earthquake|p1a: Ogerpon\n|-supereffective|p1a: Ogerpon\n|-crit|p1a: Ogerpon\n|-damage|p1a: Ogerpon|0 fnt\n|faint|p1a: Ogerpon\n|\n|upkeep\n|\n|t:|1695173252\n|switch|p1a: Ninetales|Ninetales-Alola, F|27/100\n|-damage|p1a: Ninetales|2/100|[from] Stealth Rock\n|-weather|Snow|[from] ability: Snow Warning|[of] p1a: Ninetales\n|turn|28\n|\n|t:|1695173256\n|switch|p2a: Empoleon|Empoleon, M|46/100\n|move|p1a: Ninetales|Freeze-Dry|p2a: Empoleon\n|-crit|p2a: Empoleon\n|-damage|p2a: Empoleon|25/100\n|\n|-weather|Snow|[upkeep]\n|-heal|p2a: Empoleon|31/100|[from] item: Leftovers\n|upkeep\n|turn|29\n|\n|t:|1695173259\n|move|p1a: Ninetales|Aurora Veil|p1a: Ninetales\n|-sidestart|p1: Pikka888|move: Aurora Veil\n|move|p2a: Empoleon|Roost|p2a: Empoleon\n|-heal|p2a: Empoleon|81/100\n|-singleturn|p2a: Empoleon|move: Roost\n|\n|-weather|Snow|[upkeep]\n|-heal|p2a: Empoleon|87/100|[from] item: Leftovers\n|upkeep\n|turn|30\n|\n|t:|1695173262\n|move|p1a: Ninetales|Encore|p2a: Empoleon\n|-start|p2a: Empoleon|Encore\n|move|p2a: Empoleon|Roost|p2a: Empoleon\n|-heal|p2a: Empoleon|100/100\n|-singleturn|p2a: Empoleon|move: Roost\n|\n|-weather|Snow|[upkeep]\n|upkeep\n|turn|31\n|\n|t:|1695173265\n|switch|p1a: Ursaluna|Ursaluna-Bloodmoon, M|100/100\n|-damage|p1a: Ursaluna|94/100|[from] Stealth Rock\n|switch|p2a: Garchomp|Garchomp, F|26/100\n|\n|-weather|Snow|[upkeep]\n|-heal|p1a: Ursaluna|100/100|[from] item: Leftovers\n|upkeep\n|turn|32\n|\n|t:|1695173267\n|move|p2a: Garchomp|Substitute|p2a: Garchomp\n|-start|p2a: Garchomp|Substitute\n|-damage|p2a: Garchomp|1/100\n|move|p1a: Ursaluna|Calm Mind|p1a: Ursaluna\n|-boost|p1a: Ursaluna|spa|1\n|-boost|p1a: Ursaluna|spd|1\n|\n|-weather|none\n|upkeep\n|turn|33\n|\n|t:|1695173270\n|move|p2a: Garchomp|Swords Dance|p2a: Garchomp\n|-boost|p2a: Garchomp|atk|2\n|move|p1a: Ursaluna|Earth Power|p2a: Garchomp\n|-end|p2a: Garchomp|Substitute\n|\n|-sideend|p1: Pikka888|move: Aurora Veil\n|upkeep\n|turn|34\n|\n|t:|1695173272\n|move|p2a: Garchomp|Earthquake|p1a: Ursaluna\n|-damage|p1a: Ursaluna|38/100\n|move|p1a: Ursaluna|Earth Power|p2a: Garchomp\n|-damage|p2a: Garchomp|0 fnt\n|faint|p2a: Garchomp\n|\n|-heal|p1a: Ursaluna|44/100|[from] item: Leftovers\n|upkeep\n|\n|t:|1695173273\n|switch|p2a: Empoleon|Empoleon, M|100/100\n|turn|35\n|\n|t:|1695173277\n|-terastallize|p2a: Empoleon|Water\n|move|p2a: Empoleon|Surf|p1a: Ursaluna\n|-supereffective|p1a: Ursaluna\n|-damage|p1a: Ursaluna|0 fnt\n|faint|p1a: Ursaluna\n|\n|upkeep\n|-message|Pikka888 forfeited.\n|\n|win|xdd-Rayleigh\n|raw|Pikka888's rating: 1569 &rarr; <strong>1545</strong><br />(-24 for losing)\n|raw|xdd-Rayleigh's rating: 1496 &rarr; <strong>1520</strong><br />(+24 for winning)\n|l|\u2606Pikka888\n", "uploadtime": 1695173315, "views": 4, "p1id": "pikka888", "p2id": "xddrayleigh", "formatid": "gen9ou", "rating": 1520, "private": 0, "password": ""}