{"id": "gen9ou-1947478499", "p1": "Gen6wasgood", "p2": "Weavy 2", "format": "gen9ou", "log": "|j|\u2606Gen6wasgood\n|j|\u2606Weavy 2\n|t:|1695164569\n|gametype|singles\n|player|p1|Gen6wasgood|roxie|1141\n|player|p2|Weavy 2|maid|1166\n|teamsize|p1|6\n|teamsize|p2|6\n|gen|9\n|tier|[Gen 9] OU\n|rated|\n|rule|Sleep Clause Mod: Limit one foe put to sleep\n|rule|Species Clause: Limit one of each Pok\u00e9mon\n|rule|OHKO Clause: OHKO moves are banned\n|rule|Evasion Items Clause: Evasion items are banned\n|rule|Evasion Moves Clause: Evasion moves are banned\n|rule|Endless Battle Clause: Forcing endless battles is banned\n|rule|HP Percentage Mod: HP is shown in percentages\n|clearpoke\n|poke|p1|Dragapult, M|\n|poke|p1|Dragonite, M|\n|poke|p1|Quagsire, M|\n|poke|p1|Corviknight, F|\n|poke|p1|Milotic, M|\n|poke|p1|Iron Moth|\n|poke|p2|Fezandipiti, M|\n|poke|p2|Garganacl, F|\n|poke|p2|Moltres|\n|poke|p2|Tyranitar, M|\n|poke|p2|Dragapult, F|\n|poke|p2|Great Tusk|\n|teampreview\n|inactive|Battle timer is ON: inactive players will automatically lose when time's up. (requested by Weavy 2)\n|inactive|Gen6wasgood also wants the timer to be on.\n|\n|t:|1695164595\n|start\n|switch|p1a: Dragonite|Dragonite, M|100/100\n|switch|p2a: Great Tusk|Great Tusk|100/100\n|turn|1\n|\n|t:|1695164602\n|move|p1a: Dragonite|Dragon Dance|p1a: Dragonite\n|-boost|p1a: Dragonite|atk|1\n|-boost|p1a: Dragonite|spe|1\n|move|p2a: Great Tusk|Ice Spinner|p1a: Dragonite\n|-supereffective|p1a: Dragonite\n|-damage|p1a: Dragonite|44/100\n|\n|upkeep\n|turn|2\n|\n|t:|1695164616\n|switch|p1a: Corviknight|Corviknight, F, shiny|100/100\n|move|p2a: Great Tusk|Ice Spinner|p1a: Corviknight\n|-damage|p1a: Corviknight|78/100\n|\n|-heal|p1a: Corviknight|85/100|[from] item: Leftovers\n|upkeep\n|turn|3\n|\n|t:|1695164626\n|-end|p2a: Great Tusk|Protosynthesis|[silent]\n|switch|p2a: Moltres|Moltres|100/100\n|move|p1a: Corviknight|Iron Head|p2a: Moltres\n|-resisted|p2a: Moltres\n|-damage|p2a: Moltres|90/100\n|\n|-heal|p1a: Corviknight|91/100|[from] item: Leftovers\n|upkeep\n|turn|4\n|\n|t:|1695164644\n|switch|p1a: Milotic|Milotic, M, shiny|100/100\n|move|p2a: Moltres|Flamethrower|p1a: Milotic\n|-resisted|p1a: Milotic\n|-damage|p1a: Milotic|83/100\n|\n|-heal|p1a: Milotic|90/100|[from] item: Leftovers\n|upkeep\n|turn|5\n|\n|t:|1695164657\n|switch|p2a: Birb|Fezandipiti, M|100/100\n|move|p1a: Milotic|Blizzard|p2a: Birb|[miss]\n|-miss|p1a: Milotic|p2a: Birb\n|\n|-heal|p1a: Milotic|96/100|[from] item: Leftovers\n|upkeep\n|turn|6\n|\n|t:|1695164677\n|switch|p1a: Corviknight|Corviknight, F, shiny|91/100\n|move|p2a: Birb|Beat Up|p1a: Corviknight\n|-damage|p1a: Corviknight|88/100\n|-damage|p1a: Corviknight|85/100\n|-damage|p1a: Corviknight|82/100\n|-damage|p1a: Corviknight|78/100\n|-damage|p1a: Corviknight|75/100\n|-damage|p1a: Corviknight|72/100\n|-hitcount|p1a: Corviknight|6\n|\n|-heal|p1a: Corviknight|79/100|[from] item: Leftovers\n|upkeep\n|turn|7\n|c|\u2606Weavy 2|Man a rocky helmet on that would have hurt\n|\n|t:|1695164700\n|switch|p2a: Moltres|Moltres|90/100\n|move|p1a: Corviknight|Brave Bird|p2a: Moltres\n|-damage|p2a: Moltres|56/100\n|-damage|p1a: Corviknight|68/100|[from] Recoil\n|\n|-heal|p1a: Corviknight|74/100|[from] item: Leftovers\n|upkeep\n|turn|8\n|c|\u2606Gen6wasgood|oh yeah\n|\n|t:|1695164718\n|switch|p1a: Milotic|Milotic, M, shiny|96/100\n|move|p2a: Moltres|Roost|p2a: Moltres\n|-heal|p2a: Moltres|100/100\n|-singleturn|p2a: Moltres|move: Roost\n|\n|-heal|p1a: Milotic|100/100|[from] item: Leftovers\n|upkeep\n|turn|9\n|\n|t:|1695164727\n|switch|p2a: Birb|Fezandipiti, M|100/100\n|move|p1a: Milotic|Scald|p2a: Birb\n|-damage|p2a: Birb|84/100\n|\n|-heal|p2a: Birb|90/100|[from] item: Leftovers\n|upkeep\n|turn|10\n|\n|t:|1695164736\n|move|p2a: Birb|Beat Up|p1a: Milotic\n|-damage|p1a: Milotic|98/100\n|-status|p1a: Milotic|tox|[from] ability: Toxic Chain|[of] p2a: Birb\n|-damage|p1a: Milotic|96/100 tox\n|-damage|p1a: Milotic|94/100 tox\n|-damage|p1a: Milotic|92/100 tox\n|-damage|p1a: Milotic|90/100 tox\n|-damage|p1a: Milotic|89/100 tox\n|-hitcount|p1a: Milotic|6\n|move|p1a: Milotic|Scald|p2a: Birb\n|-damage|p2a: Birb|74/100\n|\n|-heal|p2a: Birb|80/100|[from] item: Leftovers\n|-heal|p1a: Milotic|95/100 tox|[from] item: Leftovers\n|-damage|p1a: Milotic|89/100 tox|[from] psn\n|upkeep\n|turn|11\n|\n|t:|1695164759\n|move|p2a: Birb|Play Rough|p1a: Milotic\n|-damage|p1a: Milotic|76/100 tox\n|move|p1a: Milotic|Scald|p2a: Birb\n|-damage|p2a: Birb|66/100\n|\n|-heal|p2a: Birb|72/100|[from] item: Leftovers\n|-heal|p1a: Milotic|82/100 tox|[from] item: Leftovers\n|-damage|p1a: Milotic|70/100 tox|[from] psn\n|upkeep\n|turn|12\n|\n|t:|1695164773\n|switch|p1a: Corviknight|Corviknight, F, shiny|74/100\n|move|p2a: Birb|Play Rough|p1a: Corviknight\n|-resisted|p1a: Corviknight\n|-damage|p1a: Corviknight|62/100\n|\n|-heal|p2a: Birb|78/100|[from] item: Leftovers\n|-heal|p1a: Corviknight|69/100|[from] item: Leftovers\n|upkeep\n|turn|13\n|\n|t:|1695164783\n|switch|p2a: Moltres|Moltres|100/100\n|move|p1a: Corviknight|Roost|p1a: Corviknight\n|-heal|p1a: Corviknight|100/100\n|-singleturn|p1a: Corviknight|move: Roost\n|\n|upkeep\n|turn|14\n|inactive|Gen6wasgood has 120 seconds left.\n|\n|t:|1695164808\n|switch|p1a: Dragapult|Dragapult, M, shiny|100/100\n|move|p2a: Moltres|Flamethrower|p1a: Dragapult\n|-resisted|p1a: Dragapult\n|-damage|p1a: Dragapult|72/100\n|-status|p1a: Dragapult|brn\n|\n|-damage|p1a: Dragapult|66/100 brn|[from] brn\n|upkeep\n|turn|15\n|inactive|Gen6wasgood has 120 seconds left.\n|\n|t:|1695164823\n|switch|p2a: Birb|Fezandipiti, M|78/100\n|move|p1a: Dragapult|U-turn|p2a: Birb\n|-resisted|p2a: Birb\n|-damage|p2a: Birb|73/100\n|inactive|Gen6wasgood has 120 seconds left.\n|\n|t:|1695164828\n|switch|p1a: Milotic|Milotic, M, shiny|70/100 tox|[from] U-turn\n|\n|-heal|p2a: Birb|79/100|[from] item: Leftovers\n|-heal|p1a: Milotic|76/100 tox|[from] item: Leftovers\n|-damage|p1a: Milotic|70/100 tox|[from] psn\n|upkeep\n|turn|16\n|\n|t:|1695164837\n|move|p2a: Birb|Play Rough|p1a: Milotic\n|-damage|p1a: Milotic|56/100 tox\n|move|p1a: Milotic|Recover|p1a: Milotic\n|-heal|p1a: Milotic|100/100 tox\n|\n|-heal|p2a: Birb|85/100|[from] item: Leftovers\n|-damage|p1a: Milotic|88/100 tox|[from] psn\n|upkeep\n|turn|17\n|\n|t:|1695164847\n|move|p2a: Birb|Poison Jab|p1a: Milotic\n|-damage|p1a: Milotic|76/100 tox\n|move|p1a: Milotic|Scald|p2a: Birb\n|-damage|p2a: Birb|69/100\n|\n|-heal|p2a: Birb|75/100|[from] item: Leftovers\n|-heal|p1a: Milotic|82/100 tox|[from] item: Leftovers\n|-damage|p1a: Milotic|64/100 tox|[from] psn\n|upkeep\n|turn|18\n|\n|t:|1695164866\n|switch|p1a: Corviknight|Corviknight, F, shiny|100/100\n|move|p2a: Birb|Poison Jab|p1a: Corviknight\n|-immune|p1a: Corviknight\n|\n|-heal|p2a: Birb|81/100|[from] item: Leftovers\n|upkeep\n|turn|19\n|\n|t:|1695164876\n|switch|p2a: Moltres|Moltres|100/100\n|move|p1a: Corviknight|Brave Bird|p2a: Moltres\n|-damage|p2a: Moltres|65/100\n|-damage|p1a: Corviknight|89/100|[from] Recoil\n|\n|-heal|p1a: Corviknight|95/100|[from] item: Leftovers\n|upkeep\n|turn|20\n|inactive|Gen6wasgood has 120 seconds left.\n|\n|t:|1695164900\n|switch|p1a: Milotic|Milotic, M, shiny|64/100 tox\n|move|p2a: Moltres|Flamethrower|p1a: Milotic\n|-resisted|p1a: Milotic\n|-damage|p1a: Milotic|49/100 tox\n|\n|-heal|p1a: Milotic|55/100 tox|[from] item: Leftovers\n|-damage|p1a: Milotic|49/100 tox|[from] psn\n|upkeep\n|turn|21\n|inactive|Gen6wasgood has 120 seconds left.\n|\n|t:|1695164910\n|switch|p2a: Birb|Fezandipiti, M|81/100\n|move|p1a: Milotic|Recover|p1a: Milotic\n|-heal|p1a: Milotic|99/100 tox\n|\n|-heal|p2a: Birb|87/100|[from] item: Leftovers\n|-heal|p1a: Milotic|100/100 tox|[from] item: Leftovers\n|-damage|p1a: Milotic|88/100 tox|[from] psn\n|upkeep\n|turn|22\n|\n|t:|1695164920\n|move|p2a: Birb|Poison Jab|p1a: Milotic\n|-damage|p1a: Milotic|76/100 tox\n|move|p1a: Milotic|Scald|p2a: Birb\n|-damage|p2a: Birb|72/100\n|-status|p2a: Birb|brn\n|\n|-heal|p2a: Birb|78/100 brn|[from] item: Leftovers\n|-heal|p1a: Milotic|82/100 tox|[from] item: Leftovers\n|-damage|p1a: Milotic|64/100 tox|[from] psn\n|-damage|p2a: Birb|72/100 brn|[from] brn\n|upkeep\n|turn|23\n|inactive|Gen6wasgood has 120 seconds left.\n|\n|t:|1695164937\n|switch|p1a: Iron Moth|Iron Moth|100/100\n|-enditem|p1a: Iron Moth|Booster Energy\n|-activate|p1a: Iron Moth|ability: Quark Drive|[fromitem]\n|-start|p1a: Iron Moth|quarkdrivespa\n|move|p2a: Birb|Poison Jab|p1a: Iron Moth\n|-resisted|p1a: Iron Moth\n|-damage|p1a: Iron Moth|91/100\n|\n|-heal|p2a: Birb|78/100 brn|[from] item: Leftovers\n|-damage|p2a: Birb|72/100 brn|[from] brn\n|upkeep\n|turn|24\n|inactive|Gen6wasgood has 120 seconds left.\n|\n|t:|1695164949\n|switch|p2a: Tyranitar|Tyranitar, M|100/100\n|-weather|Sandstorm|[from] ability: Sand Stream|[of] p2a: Tyranitar\n|move|p1a: Iron Moth|Psychic|p2a: Tyranitar\n|-immune|p2a: Tyranitar\n|\n|-weather|Sandstorm|[upkeep]\n|-damage|p1a: Iron Moth|85/100|[from] Sandstorm\n|upkeep\n|turn|25\n|inactive|Gen6wasgood has 120 seconds left.\n|\n|t:|1695164971\n|-end|p1a: Iron Moth|Quark Drive|[silent]\n|switch|p1a: Corviknight|Corviknight, F, shiny|95/100\n|move|p2a: Tyranitar|Earthquake|p1a: Corviknight\n|-immune|p1a: Corviknight\n|\n|-weather|Sandstorm|[upkeep]\n|-heal|p1a: Corviknight|100/100|[from] item: Leftovers\n|upkeep\n|turn|26\n|\n|t:|1695164981\n|switch|p2a: Moltres|Moltres|65/100\n|move|p1a: Corviknight|Iron Head|p2a: Moltres\n|-resisted|p2a: Moltres\n|-damage|p2a: Moltres|53/100\n|\n|-weather|Sandstorm|[upkeep]\n|-damage|p2a: Moltres|47/100|[from] Sandstorm\n|upkeep\n|turn|27\n|inactive|Gen6wasgood has 120 seconds left.\n|\n|t:|1695164998\n|switch|p1a: Milotic|Milotic, M, shiny|64/100 tox\n|move|p2a: Moltres|Roost|p2a: Moltres\n|-heal|p2a: Moltres|97/100\n|-singleturn|p2a: Moltres|move: Roost\n|\n|-weather|Sandstorm|[upkeep]\n|-damage|p2a: Moltres|91/100|[from] Sandstorm\n|-damage|p1a: Milotic|58/100 tox|[from] Sandstorm\n|-heal|p1a: Milotic|64/100 tox|[from] item: Leftovers\n|-damage|p1a: Milotic|58/100 tox|[from] psn\n|upkeep\n|turn|28\n|\n|t:|1695165010\n|switch|p2a: Birb|Fezandipiti, M|72/100 brn\n|move|p1a: Milotic|Recover|p1a: Milotic\n|-heal|p1a: Milotic|100/100 tox\n|\n|-weather|none\n|-heal|p2a: Birb|78/100 brn|[from] item: Leftovers\n|-damage|p1a: Milotic|88/100 tox|[from] psn\n|-damage|p2a: Birb|72/100 brn|[from] brn\n|upkeep\n|turn|29\n|\n|t:|1695165028\n|move|p2a: Birb|Poison Jab|p1a: Milotic\n|-damage|p1a: Milotic|82/100 tox\n|move|p1a: Milotic|Scald|p2a: Birb\n|-damage|p2a: Birb|56/100 brn\n|\n|-heal|p2a: Birb|62/100 brn|[from] item: Leftovers\n|-heal|p1a: Milotic|88/100 tox|[from] item: Leftovers\n|-damage|p1a: Milotic|70/100 tox|[from] psn\n|-damage|p2a: Birb|56/100 brn|[from] brn\n|upkeep\n|turn|30\n|\n|t:|1695165048\n|switch|p1a: Corviknight|Corviknight, F, shiny|100/100\n|move|p2a: Birb|Poison Jab|p1a: Corviknight\n|-immune|p1a: Corviknight\n|\n|-heal|p2a: Birb|62/100 brn|[from] item: Leftovers\n|-damage|p2a: Birb|56/100 brn|[from] brn\n|upkeep\n|turn|31\n|c|\u2606Weavy 2|We both have the same team, built to answer all the offensive threats that just came out...\n|inactive|Weavy 2 has 120 seconds left.\n|\n|t:|1695165081\n|switch|p2a: Moltres|Moltres|91/100\n|move|p1a: Corviknight|Brave Bird|p2a: Moltres\n|-damage|p2a: Moltres|61/100\n|-damage|p1a: Corviknight|91/100|[from] Recoil\n|\n|-heal|p1a: Corviknight|97/100|[from] item: Leftovers\n|upkeep\n|turn|32\n|inactive|Weavy 2 has 120 seconds left.\n|inactive|Gen6wasgood has 90 seconds left.\n|c|\u2606Gen6wasgood|ikr like dragonite is crippled rn help\n|\n|t:|1695165107\n|switch|p1a: Milotic|Milotic, M, shiny|70/100 tox\n|move|p2a: Moltres|Roost|p2a: Moltres\n|-heal|p2a: Moltres|100/100\n|-singleturn|p2a: Moltres|move: Roost\n|\n|-heal|p1a: Milotic|76/100 tox|[from] item: Leftovers\n|-damage|p1a: Milotic|70/100 tox|[from] psn\n|upkeep\n|turn|33\n|inactive|Gen6wasgood has 90 seconds left.\n|\n|t:|1695165117\n|switch|p2a: Birb|Fezandipiti, M|56/100 brn\n|move|p1a: Milotic|Recover|p1a: Milotic\n|-heal|p1a: Milotic|100/100 tox\n|\n|-heal|p2a: Birb|62/100 brn|[from] item: Leftovers\n|-damage|p1a: Milotic|88/100 tox|[from] psn\n|-damage|p2a: Birb|56/100 brn|[from] brn\n|upkeep\n|turn|34\n|inactive|Gen6wasgood has 90 seconds left.\n|c|\u2606Gen6wasgood|also just noticed only birb is nicknamed lol\n|inactive|Weavy 2 has 120 seconds left.\n|\n|t:|1695165150\n|move|p2a: Birb|Poison Jab|p1a: Milotic\n|-damage|p1a: Milotic|82/100 tox\n|move|p1a: Milotic|Scald|p2a: Birb\n|-damage|p2a: Birb|40/100 brn\n|\n|-heal|p2a: Birb|47/100 brn|[from] item: Leftovers\n|-heal|p1a: Milotic|89/100 tox|[from] item: Leftovers\n|-damage|p1a: Milotic|70/100 tox|[from] psn\n|-damage|p2a: Birb|40/100 brn|[from] brn\n|upkeep\n|turn|35\n|inactive|Weavy 2 has 90 seconds left.\n|c|\u2606Weavy 2|He is the most important birb\n|c|\u2606Weavy 2|Wanna see something funny?\n|\n|t:|1695165190\n|move|p2a: Birb|Roost|p2a: Birb\n|-heal|p2a: Birb|90/100 brn\n|-singleturn|p2a: Birb|move: Roost\n|move|p1a: Milotic|Recover|p1a: Milotic\n|-heal|p1a: Milotic|100/100 tox\n|\n|-heal|p2a: Birb|97/100 brn|[from] item: Leftovers\n|-damage|p1a: Milotic|76/100 tox|[from] psn\n|-damage|p2a: Birb|90/100 brn|[from] brn\n|upkeep\n|turn|36\n|c|\u2606Gen6wasgood|omg lmao\n|\n|t:|1695165203\n|switch|p1a: Corviknight|Corviknight, F, shiny|97/100\n|move|p2a: Birb|Poison Jab|p1a: Corviknight\n|-immune|p1a: Corviknight\n|\n|-heal|p2a: Birb|97/100 brn|[from] item: Leftovers\n|-heal|p1a: Corviknight|100/100|[from] item: Leftovers\n|-damage|p2a: Birb|90/100 brn|[from] brn\n|upkeep\n|turn|37\n|\n|t:|1695165222\n|switch|p2a: Moltres|Moltres|100/100\n|move|p1a: Corviknight|Brave Bird|p2a: Moltres\n|-damage|p2a: Moltres|68/100\n|-damage|p1a: Corviknight|90/100|[from] Recoil\n|\n|-heal|p1a: Corviknight|96/100|[from] item: Leftovers\n|upkeep\n|turn|38\n|inactive|Weavy 2 has 90 seconds left.\n|c|\u2606Weavy 2|Someday flame body will trigger\n|inactive|Gen6wasgood has 60 seconds left.\n|\n|t:|1695165248\n|switch|p1a: Milotic|Milotic, M, shiny|76/100 tox\n|move|p2a: Moltres|Flamethrower|p1a: Milotic\n|-resisted|p1a: Milotic\n|-damage|p1a: Milotic|59/100 tox\n|\n|-heal|p1a: Milotic|65/100 tox|[from] item: Leftovers\n|-damage|p1a: Milotic|59/100 tox|[from] psn\n|upkeep\n|turn|39\n|inactive|Gen6wasgood has 60 seconds left.\n|\n|t:|1695165262\n|switch|p2a: Birb|Fezandipiti, M|90/100 brn\n|move|p1a: Milotic|Recover|p1a: Milotic\n|-heal|p1a: Milotic|100/100 tox\n|\n|-heal|p2a: Birb|97/100 brn|[from] item: Leftovers\n|-damage|p1a: Milotic|88/100 tox|[from] psn\n|-damage|p2a: Birb|90/100 brn|[from] brn\n|upkeep\n|turn|40\n|inactive|Gen6wasgood has 60 seconds left.\n|inactive|Weavy 2 has 90 seconds left.\n|\n|t:|1695165276\n|switch|p1a: Corviknight|Corviknight, F, shiny|96/100\n|move|p2a: Birb|Poison Jab|p1a: Corviknight\n|-immune|p1a: Corviknight\n|\n|-heal|p2a: Birb|97/100 brn|[from] item: Leftovers\n|-heal|p1a: Corviknight|100/100|[from] item: Leftovers\n|-damage|p2a: Birb|90/100 brn|[from] brn\n|upkeep\n|turn|41\n|inactive|Gen6wasgood has 60 seconds left.\n|inactive|Weavy 2 has 90 seconds left.\n|\n|t:|1695165303\n|switch|p1a: Dragonite|Dragonite, M|44/100\n|move|p2a: Birb|Poison Jab|p1a: Dragonite\n|-damage|p1a: Dragonite|31/100\n|\n|-heal|p2a: Birb|97/100 brn|[from] item: Leftovers\n|-damage|p2a: Birb|90/100 brn|[from] brn\n|upkeep\n|turn|42\n|\n|t:|1695165316\n|switch|p1a: Corviknight|Corviknight, F, shiny|100/100\n|move|p2a: Birb|Play Rough|p1a: Corviknight\n|-resisted|p1a: Corviknight\n|-damage|p1a: Corviknight|94/100\n|\n|-heal|p2a: Birb|97/100 brn|[from] item: Leftovers\n|-heal|p1a: Corviknight|100/100|[from] item: Leftovers\n|-damage|p2a: Birb|90/100 brn|[from] brn\n|upkeep\n|turn|43\n|inactive|Gen6wasgood has 30 seconds left.\n|\n|t:|1695165338\n|switch|p2a: Moltres|Moltres|68/100\n|switch|p1a: Dragonite|Dragonite, M|31/100\n|\n|upkeep\n|turn|44\n|\n|t:|1695165345\n|move|p1a: Dragonite|Roost|p1a: Dragonite\n|-heal|p1a: Dragonite|81/100\n|-singleturn|p1a: Dragonite|move: Roost\n|move|p2a: Moltres|Will-O-Wisp|p1a: Dragonite\n|-status|p1a: Dragonite|brn\n|\n|-damage|p1a: Dragonite|75/100 brn|[from] brn\n|upkeep\n|turn|45\n|\n|t:|1695165357\n|move|p1a: Dragonite|Roost|p1a: Dragonite\n|-heal|p1a: Dragonite|100/100 brn\n|-singleturn|p1a: Dragonite|move: Roost\n|move|p2a: Moltres|Air Slash|p1a: Dragonite\n|-damage|p1a: Dragonite|81/100 brn\n|\n|-damage|p1a: Dragonite|75/100 brn|[from] brn\n|upkeep\n|turn|46\n|inactive|Gen6wasgood has 30 seconds left.\n|inactive|Gen6wasgood has 20 seconds left.\n|inactive|Gen6wasgood has 15 seconds left.\n|inactive|Gen6wasgood has 10 seconds left.\n|inactive|Weavy 2 no longer wants the timer on, but the timer is staying on because gen6wasgood still does.\n|inactive|Gen6wasgood has 5 seconds left.\n|\n|t:|1695165397\n|switch|p1a: Iron Moth|Iron Moth|85/100\n|move|p2a: Moltres|Air Slash|p1a: Iron Moth\n|-damage|p1a: Iron Moth|46/100\n|\n|upkeep\n|turn|47\n|inactive|Gen6wasgood has 15 seconds left this turn.\n|inactive|Gen6wasgood has 10 seconds left.\n|inactive|Gen6wasgood has 5 seconds left.\n|\n|t:|1695165408\n|move|p1a: Iron Moth|Psychic|p2a: Moltres\n|-damage|p2a: Moltres|39/100\n|move|p2a: Moltres|Air Slash|p1a: Iron Moth\n|-damage|p1a: Iron Moth|11/100\n|\n|upkeep\n|turn|48\n|inactive|Gen6wasgood has 15 seconds left this turn.\n|inactive|Gen6wasgood has 10 seconds left.\n|inactive|Weavy 2 has 120 seconds left.\n|inactive|Gen6wasgood has 5 seconds left.\n|\n|t:|1695165419\n|-end|p1a: Iron Moth|Quark Drive|[silent]\n|switch|p1a: Milotic|Milotic, M, shiny|88/100 tox\n|move|p2a: Moltres|Roost|p2a: Moltres\n|-heal|p2a: Moltres|90/100\n|-singleturn|p2a: Moltres|move: Roost\n|\n|-heal|p1a: Milotic|94/100 tox|[from] item: Leftovers\n|-damage|p1a: Milotic|88/100 tox|[from] psn\n|upkeep\n|turn|49\n|inactive|Gen6wasgood has 15 seconds left this turn.\n|inactive|Gen6wasgood has 10 seconds left.\n|inactive|Gen6wasgood has 5 seconds left.\n|\n|t:|1695165429\n|switch|p2a: Birb|Fezandipiti, M|90/100 brn\n|move|p1a: Milotic|Scald|p2a: Birb\n|-damage|p2a: Birb|74/100 brn\n|\n|-heal|p2a: Birb|80/100 brn|[from] item: Leftovers\n|-heal|p1a: Milotic|94/100 tox|[from] item: Leftovers\n|-damage|p1a: Milotic|82/100 tox|[from] psn\n|-damage|p2a: Birb|74/100 brn|[from] brn\n|upkeep\n|turn|50\n|inactive|Gen6wasgood has 15 seconds left this turn.\n|inactive|Gen6wasgood has 10 seconds left.\n|inactive|Gen6wasgood has 5 seconds left.\n|\n|t:|1695165440\n|switch|p1a: Corviknight|Corviknight, F, shiny|100/100\n|move|p2a: Birb|Poison Jab|p1a: Corviknight\n|-immune|p1a: Corviknight\n|\n|-heal|p2a: Birb|80/100 brn|[from] item: Leftovers\n|-damage|p2a: Birb|74/100 brn|[from] brn\n|upkeep\n|turn|51\n|inactive|Gen6wasgood has 15 seconds left this turn.\n|inactive|Gen6wasgood has 10 seconds left.\n|\n|t:|1695165449\n|switch|p2a: Moltres|Moltres|90/100\n|move|p1a: Corviknight|Iron Head|p2a: Moltres\n|-resisted|p2a: Moltres\n|-damage|p2a: Moltres|78/100\n|-status|p1a: Corviknight|brn|[from] ability: Flame Body|[of] p2a: Moltres\n|\n|-damage|p1a: Corviknight|94/100 brn|[from] brn\n|upkeep\n|turn|52\n|inactive|Gen6wasgood has 20 seconds left this turn.\n|inactive|Gen6wasgood has 15 seconds left.\n|c|\u2606Weavy 2|AAY\n|inactive|Gen6wasgood has 10 seconds left.\n|\n|t:|1695165462\n|-terastallize|p1a: Corviknight|Fairy\n|move|p2a: Moltres|Flamethrower|p1a: Corviknight\n|-damage|p1a: Corviknight|64/100 brn\n|move|p1a: Corviknight|Brave Bird|p2a: Moltres\n|-damage|p2a: Moltres|62/100\n|-damage|p1a: Corviknight|59/100 brn|[from] Recoil\n|\n|-heal|p1a: Corviknight|65/100 brn|[from] item: Leftovers\n|-damage|p1a: Corviknight|59/100 brn|[from] brn\n|upkeep\n|turn|53\n|inactive|Gen6wasgood has 20 seconds left this turn.\n|inactive|Gen6wasgood has 15 seconds left.\n|inactive|Gen6wasgood has 10 seconds left.\n|\n|t:|1695165475\n|move|p2a: Moltres|Air Slash|p1a: Corviknight\n|-damage|p1a: Corviknight|34/100 brn\n|cant|p1a: Corviknight|flinch\n|\n|-heal|p1a: Corviknight|40/100 brn|[from] item: Leftovers\n|-damage|p1a: Corviknight|34/100 brn|[from] brn\n|upkeep\n|turn|54\n|inactive|Gen6wasgood has 20 seconds left this turn.\n|inactive|Gen6wasgood has 15 seconds left.\n|\n|t:|1695165483\n|move|p2a: Moltres|Air Slash|p1a: Corviknight\n|-damage|p1a: Corviknight|8/100 brn\n|move|p1a: Corviknight|Roost|p1a: Corviknight\n|-heal|p1a: Corviknight|58/100 brn\n|\n|-heal|p1a: Corviknight|64/100 brn|[from] item: Leftovers\n|-damage|p1a: Corviknight|58/100 brn|[from] brn\n|upkeep\n|turn|55\n|inactive|Gen6wasgood has 25 seconds left this turn.\n|inactive|Gen6wasgood has 20 seconds left.\n|\n|t:|1695165492\n|move|p2a: Moltres|Air Slash|p1a: Corviknight\n|-crit|p1a: Corviknight\n|-damage|p1a: Corviknight|23/100 brn\n|cant|p1a: Corviknight|flinch\n|\n|-heal|p1a: Corviknight|29/100 brn|[from] item: Leftovers\n|-damage|p1a: Corviknight|23/100 brn|[from] brn\n|upkeep\n|turn|56\n|inactive|Gen6wasgood has 30 seconds left this turn.\n|\n|t:|1695165501\n|move|p2a: Moltres|Air Slash|p1a: Corviknight\n|-damage|p1a: Corviknight|0 fnt\n|faint|p1a: Corviknight\n|\n|upkeep\n|inactive|Gen6wasgood has 30 seconds left this turn.\n|\n|t:|1695165507\n|switch|p1a: Dragapult|Dragapult, M, shiny|66/100 brn\n|turn|57\n|\n|t:|1695165512\n|switch|p2a: Birb|Fezandipiti, M|74/100 brn\n|move|p1a: Dragapult|Dragon Darts|p2a: Birb\n|-immune|p2a: Birb\n|\n|-heal|p2a: Birb|80/100 brn|[from] item: Leftovers\n|-damage|p1a: Dragapult|60/100 brn|[from] brn\n|-damage|p2a: Birb|74/100 brn|[from] brn\n|upkeep\n|turn|58\n|c|\u2606Gen6wasgood|Gg lol\n|-message|Gen6wasgood forfeited.\n|\n|win|Weavy 2\n|raw|Gen6wasgood's rating: 1141 &rarr; <strong>1118</strong><br />(-23 for losing)\n|raw|Weavy 2's rating: 1166 &rarr; <strong>1189</strong><br />(+23 for winning)\n|c|\u2606Weavy 2|Gg wp\n|l|\u2606Gen6wasgood\n", "uploadtime": 1695165527, "views": 6, "p1id": "gen6wasgood", "p2id": "weavy2", "formatid": "gen9ou", "rating": 1118, "private": 0, "password": ""}