{"id": "gen9ou-1947511192", "p1": "Pokemon161", "p2": "EndercrusherPoke", "format": "gen9ou", "log": "|j|\u2606Pokemon161\n|j|\u203dEndercrusherPoke\n|t:|1695167810\n|gametype|singles\n|player|p1|Pokemon161|2|1165\n|player|p2|EndercrusherPoke|266|1243\n|teamsize|p1|6\n|teamsize|p2|6\n|gen|9\n|tier|[Gen 9] OU\n|rated|\n|rule|Sleep Clause Mod: Limit one foe put to sleep\n|rule|Species Clause: Limit one of each Pok\u00e9mon\n|rule|OHKO Clause: OHKO moves are banned\n|rule|Evasion Items Clause: Evasion items are banned\n|rule|Evasion Moves Clause: Evasion moves are banned\n|rule|Endless Battle Clause: Forcing endless battles is banned\n|rule|HP Percentage Mod: HP is shown in percentages\n|clearpoke\n|poke|p1|Ursaluna, M|\n|poke|p1|Cresselia, F|\n|poke|p1|Slowking-Galar, F|\n|poke|p1|Iron Hands|\n|poke|p1|Glastrier|\n|poke|p1|Kingambit, F|\n|poke|p2|Slowking-Galar, F|\n|poke|p2|Sneasler, F|\n|poke|p2|Ogerpon-Hearthflame, F|\n|poke|p2|Corviknight, M|\n|poke|p2|Samurott-Hisui, F|\n|poke|p2|Zapdos|\n|teampreview\n|\n|t:|1695167830\n|start\n|switch|p1a: Cresselia|Cresselia, F|100/100\n|switch|p2a: Sneasler|Sneasler, F|100/100\n|turn|1\n|\n|t:|1695167836\n|move|p2a: Sneasler|Swords Dance|p2a: Sneasler\n|-boost|p2a: Sneasler|atk|2\n|move|p1a: Cresselia|Trick Room|p1a: Cresselia\n|-fieldstart|move: Trick Room|[of] p1a: Cresselia\n|\n|upkeep\n|turn|2\n|\n|t:|1695167848\n|move|p1a: Cresselia|Moonblast|p2a: Sneasler\n|-damage|p2a: Sneasler|78/100\n|-unboost|p2a: Sneasler|spa|1\n|-enditem|p2a: Sneasler|White Herb\n|-clearnegativeboost|p2a: Sneasler|[silent]\n|move|p2a: Sneasler|Shadow Claw|p1a: Cresselia\n|-supereffective|p1a: Cresselia\n|-damage|p1a: Cresselia|20/100\n|\n|upkeep\n|turn|3\n|\n|t:|1695167864\n|switch|p1a: Ursaluna|Ursaluna, M|100/100\n|move|p2a: Sneasler|Dire Claw|p1a: Ursaluna\n|-resisted|p1a: Ursaluna\n|-damage|p1a: Ursaluna|70/100\n|-status|p1a: Ursaluna|psn\n|\n|-damage|p1a: Ursaluna|58/100 psn|[from] psn\n|upkeep\n|turn|4\n|\n|t:|1695167878\n|move|p1a: Ursaluna|Facade|p2a: Sneasler\n|-damage|p2a: Sneasler|0 fnt\n|faint|p2a: Sneasler\n|\n|-damage|p1a: Ursaluna|45/100 psn|[from] psn\n|upkeep\n|\n|t:|1695167885\n|switch|p2a: Zapdos|Zapdos|100/100\n|turn|5\n|\n|t:|1695167890\n|move|p1a: Ursaluna|Facade|p2a: Zapdos\n|-damage|p2a: Zapdos|0 fnt\n|faint|p2a: Zapdos\n|\n|-damage|p1a: Ursaluna|33/100 psn|[from] psn\n|-fieldend|move: Trick Room\n|upkeep\n|\n|t:|1695167896\n|switch|p2a: Samurott|Samurott-Hisui, F|100/100\n|turn|6\n|\n|t:|1695167915\n|switch|p1a: Glastrier|Glastrier|100/100\n|move|p2a: Samurott|Ceaseless Edge|p1a: Glastrier\n|-damage|p1a: Glastrier|72/100\n|-sidestart|p1: Pokemon161|Spikes\n|\n|upkeep\n|turn|7\n|\n|t:|1695167920\n|move|p2a: Samurott|Swords Dance|p2a: Samurott\n|-boost|p2a: Samurott|atk|2\n|move|p1a: Glastrier|Close Combat|p2a: Samurott\n|-supereffective|p2a: Samurott\n|-damage|p2a: Samurott|0 fnt\n|-unboost|p1a: Glastrier|def|1\n|-unboost|p1a: Glastrier|spd|1\n|faint|p2a: Samurott\n|-ability|p1a: Glastrier|Chilling Neigh|boost\n|-boost|p1a: Glastrier|atk|1\n|\n|upkeep\n|\n|t:|1695167925\n|switch|p2a: Ogerpon|Ogerpon-Hearthflame, F|100/100\n|-ability|p2a: Ogerpon|Mold Breaker\n|turn|8\n|\n|t:|1695167930\n|move|p2a: Ogerpon|Trailblaze|p1a: Glastrier\n|-crit|p1a: Glastrier\n|-damage|p1a: Glastrier|29/100\n|-boost|p2a: Ogerpon|spe|1\n|move|p1a: Glastrier|Icicle Crash|p2a: Ogerpon\n|-damage|p2a: Ogerpon|7/100\n|\n|upkeep\n|turn|9\n|\n|t:|1695167936\n|move|p2a: Ogerpon|Ivy Cudgel|p1a: Glastrier\n|-supereffective|p1a: Glastrier\n|-damage|p1a: Glastrier|0 fnt\n|faint|p1a: Glastrier\n|\n|upkeep\n|\n|t:|1695167941\n|switch|p1a: Kingambit|Kingambit, F|100/100\n|-damage|p1a: Kingambit|88/100|[from] Spikes\n|-activate|p1a: Kingambit|ability: Supreme Overlord\n|-start|p1a: Kingambit|fallen1|[silent]\n|turn|10\n|\n|t:|1695167946\n|move|p1a: Kingambit|Sucker Punch||[still]\n|-fail|p1a: Kingambit\n|move|p2a: Ogerpon|Encore|p1a: Kingambit\n|-start|p1a: Kingambit|Encore\n|\n|upkeep\n|turn|11\n|\n|t:|1695167958\n|switch|p2a: Slowking|Slowking-Galar, F|100/100\n|move|p1a: Kingambit|Sucker Punch||[still]\n|-fail|p1a: Kingambit\n|\n|upkeep\n|turn|12\n|\n|t:|1695167964\n|-end|p1a: Kingambit|fallen1|[silent]\n|switch|p1a: Slowking|Slowking-Galar, F|100/100\n|move|p2a: Slowking|Future Sight|p1a: Slowking\n|-start|p2a: Slowking|move: Future Sight\n|\n|upkeep\n|turn|13\n|\n|t:|1695167971\n|move|p2a: Slowking|Ice Beam|p1a: Slowking\n|-crit|p1a: Slowking\n|-damage|p1a: Slowking|72/100\n|move|p1a: Slowking|Trick Room|p1a: Slowking\n|-fieldstart|move: Trick Room|[of] p1a: Slowking\n|\n|upkeep\n|turn|14\n|\n|t:|1695167977\n|move|p1a: Slowking|Chilly Reception|p1a: Slowking\n|-weather|Snow\n|\n|t:|1695167984\n|switch|p1a: Ursaluna|Ursaluna, M|33/100 psn|[from] Chilly Reception\n|-damage|p1a: Ursaluna|21/100 psn|[from] Spikes\n|move|p2a: Slowking|Flamethrower|p1a: Ursaluna\n|-damage|p1a: Ursaluna|0 fnt\n|faint|p1a: Ursaluna\n|\n|-weather|Snow|[upkeep]\n|-hint|Future Sight did not hit because the target is fainted.\n|upkeep\n|\n|t:|1695168001\n|switch|p1a: Kingambit|Kingambit, F|88/100\n|-damage|p1a: Kingambit|76/100|[from] Spikes\n|-activate|p1a: Kingambit|ability: Supreme Overlord\n|-start|p1a: Kingambit|fallen2|[silent]\n|turn|15\n|l|\u203dEndercrusherPoke\n|player|p2|\n|\n|t:|1695168009\n|-terastallize|p2a: Slowking|Poison\n|-terastallize|p1a: Kingambit|Dark\n|move|p2a: Slowking|Flamethrower|p1a: Kingambit\n|-damage|p1a: Kingambit|51/100\n|-status|p1a: Kingambit|brn\n|move|p1a: Kingambit|Kowtow Cleave|p2a: Slowking\n|-damage|p2a: Slowking|54/100\n|\n|-weather|Snow|[upkeep]\n|-damage|p1a: Kingambit|45/100 brn|[from] brn\n|upkeep\n|turn|16\n|j|\u203dEndercrusherPoke\n|player|p2|EndercrusherPoke|266\n|n|\u203dEndercrusherPoke|endercrusherpoke\n|\n|t:|1695168037\n|move|p2a: Slowking|Sludge Bomb|p1a: Kingambit\n|-damage|p1a: Kingambit|0 fnt\n|faint|p1a: Kingambit\n|-end|p1a: Kingambit|fallen2|[silent]\n|\n|-weather|Snow|[upkeep]\n|upkeep\n|\n|t:|1695168040\n|switch|p1a: Cresselia|Cresselia, F|20/100\n|turn|17\n|\n|t:|1695168049\n|move|p2a: Slowking|Ice Beam|p1a: Cresselia\n|-damage|p1a: Cresselia|8/100\n|move|p1a: Cresselia|Trick Room|p1a: Cresselia\n|-fieldend|move: Trick Room\n|\n|-weather|Snow|[upkeep]\n|upkeep\n|turn|18\n|\n|t:|1695168055\n|move|p2a: Slowking|Ice Beam|p1a: Cresselia\n|-damage|p1a: Cresselia|0 fnt\n|faint|p1a: Cresselia\n|\n|-weather|none\n|upkeep\n|\n|t:|1695168059\n|switch|p1a: Iron Hands|Iron Hands|100/100\n|-damage|p1a: Iron Hands|88/100|[from] Spikes\n|turn|19\n|\n|t:|1695168062\n|move|p1a: Iron Hands|Fake Out|p2a: Slowking\n|-damage|p2a: Slowking|37/100\n|cant|p2a: Slowking|flinch\n|\n|upkeep\n|turn|20\n|\n|t:|1695168068\n|move|p1a: Iron Hands|Wild Charge|p2a: Slowking\n|-damage|p2a: Slowking|0 fnt\n|faint|p2a: Slowking\n|-damage|p1a: Iron Hands|81/100|[from] Recoil\n|\n|upkeep\n|\n|t:|1695168072\n|switch|p2a: Ogerpon|Ogerpon-Hearthflame, F|7/100\n|-ability|p2a: Ogerpon|Mold Breaker\n|turn|21\n|\n|t:|1695168080\n|move|p2a: Ogerpon|Ivy Cudgel|p1a: Iron Hands\n|-damage|p1a: Iron Hands|45/100\n|-enditem|p1a: Iron Hands|Sitrus Berry|[eat]\n|-heal|p1a: Iron Hands|70/100|[from] item: Sitrus Berry\n|move|p1a: Iron Hands|Drain Punch|p2a: Ogerpon\n|-damage|p2a: Ogerpon|0 fnt\n|-heal|p1a: Iron Hands|72/100|[from] drain|[of] p2a: Ogerpon\n|faint|p2a: Ogerpon\n|\n|upkeep\n|\n|t:|1695168084\n|switch|p2a: Corviknight|Corviknight, M|100/100\n|-ability|p2a: Corviknight|Pressure\n|turn|22\n|\n|t:|1695168087\n|move|p2a: Corviknight|Brave Bird|p1a: Iron Hands\n|-damage|p1a: Iron Hands|47/100\n|-damage|p2a: Corviknight|90/100|[from] Recoil\n|move|p1a: Iron Hands|Wild Charge|p2a: Corviknight\n|-supereffective|p2a: Corviknight\n|-damage|p2a: Corviknight|24/100\n|-damage|p1a: Iron Hands|34/100|[from] Recoil\n|\n|-heal|p2a: Corviknight|30/100|[from] item: Leftovers\n|upkeep\n|turn|23\n|c|\u2606Pokemon161|gg\n|\n|t:|1695168101\n|move|p2a: Corviknight|Roost|p2a: Corviknight\n|-heal|p2a: Corviknight|80/100\n|-singleturn|p2a: Corviknight|move: Roost\n|move|p1a: Iron Hands|Wild Charge|p2a: Corviknight\n|-damage|p2a: Corviknight|48/100\n|-damage|p1a: Iron Hands|28/100|[from] Recoil\n|\n|-heal|p2a: Corviknight|54/100|[from] item: Leftovers\n|upkeep\n|turn|24\n|c|\u2606Pokemon161|?\n|\n|t:|1695168126\n|-end|p1a: Iron Hands|Quark Drive|[silent]\n|switch|p1a: Slowking|Slowking-Galar, F|100/100\n|move|p2a: Corviknight|Roost|p2a: Corviknight\n|-heal|p2a: Corviknight|100/100\n|-singleturn|p2a: Corviknight|move: Roost\n|\n|upkeep\n|turn|25\n|\n|t:|1695168141\n|move|p2a: Corviknight|U-turn|p1a: Slowking\n|-damage|p1a: Slowking|91/100\n|move|p1a: Slowking|Psychic|p2a: Corviknight\n|-resisted|p2a: Corviknight\n|-damage|p2a: Corviknight|84/100\n|\n|-heal|p2a: Corviknight|90/100|[from] item: Leftovers\n|upkeep\n|turn|26\n|\n|t:|1695168147\n|move|p2a: Corviknight|Brave Bird|p1a: Slowking\n|-damage|p1a: Slowking|64/100\n|-damage|p2a: Corviknight|82/100|[from] Recoil\n|move|p1a: Slowking|Psychic|p2a: Corviknight\n|-resisted|p2a: Corviknight\n|-damage|p2a: Corviknight|66/100\n|\n|-heal|p2a: Corviknight|73/100|[from] item: Leftovers\n|upkeep\n|turn|27\n|\n|t:|1695168157\n|move|p2a: Corviknight|Brave Bird|p1a: Slowking\n|-damage|p1a: Slowking|39/100\n|-damage|p2a: Corviknight|64/100|[from] Recoil\n|move|p1a: Slowking|Psychic|p2a: Corviknight\n|-resisted|p2a: Corviknight\n|-damage|p2a: Corviknight|49/100\n|\n|-heal|p2a: Corviknight|55/100|[from] item: Leftovers\n|upkeep\n|turn|28\n|\n|t:|1695168162\n|move|p2a: Corviknight|Roost|p2a: Corviknight\n|-heal|p2a: Corviknight|100/100\n|-singleturn|p2a: Corviknight|move: Roost\n|move|p1a: Slowking|Trick Room|p1a: Slowking\n|-fieldstart|move: Trick Room|[of] p1a: Slowking\n|\n|upkeep\n|turn|29\n|\n|t:|1695168167\n|move|p1a: Slowking|Psychic|p2a: Corviknight\n|-resisted|p2a: Corviknight\n|-damage|p2a: Corviknight|83/100\n|-unboost|p2a: Corviknight|spd|1\n|move|p2a: Corviknight|Brave Bird|p1a: Slowking\n|-damage|p1a: Slowking|12/100\n|-damage|p2a: Corviknight|74/100|[from] Recoil\n|\n|-heal|p2a: Corviknight|81/100|[from] item: Leftovers\n|upkeep\n|turn|30\n|\n|t:|1695168174\n|move|p1a: Slowking|Chilly Reception|p1a: Slowking\n|-weather|Snow\n|\n|t:|1695168178\n|switch|p1a: Iron Hands|Iron Hands|28/100|[from] Chilly Reception\n|-damage|p1a: Iron Hands|16/100|[from] Spikes\n|move|p2a: Corviknight|Brave Bird|p1a: Iron Hands\n|-damage|p1a: Iron Hands|0 fnt\n|faint|p1a: Iron Hands\n|-end|p1a: Iron Hands|Quark Drive|[silent]\n|-damage|p2a: Corviknight|74/100|[from] Recoil\n|\n|-weather|Snow|[upkeep]\n|-heal|p2a: Corviknight|81/100|[from] item: Leftovers\n|upkeep\n|\n|t:|1695168183\n|switch|p1a: Slowking|Slowking-Galar, F|46/100\n|turn|31\n|c|\u2606Pokemon161|gg\n|\n|t:|1695168189\n|move|p1a: Slowking|Psychic|p2a: Corviknight\n|-resisted|p2a: Corviknight\n|-damage|p2a: Corviknight|54/100\n|move|p2a: Corviknight|Brave Bird|p1a: Slowking\n|-damage|p1a: Slowking|17/100\n|-damage|p2a: Corviknight|45/100|[from] Recoil\n|\n|-weather|Snow|[upkeep]\n|-heal|p2a: Corviknight|51/100|[from] item: Leftovers\n|upkeep\n|turn|32\n|\n|t:|1695168201\n|move|p1a: Slowking|Psychic|p2a: Corviknight\n|-resisted|p2a: Corviknight\n|-crit|p2a: Corviknight\n|-damage|p2a: Corviknight|15/100\n|move|p2a: Corviknight|Brave Bird|p1a: Slowking\n|-damage|p1a: Slowking|0 fnt\n|faint|p1a: Slowking\n|-damage|p2a: Corviknight|10/100|[from] Recoil\n|\n|win|EndercrusherPoke\n|raw|Pokemon161's rating: 1165 &rarr; <strong>1146</strong><br />(-19 for losing)\n|raw|EndercrusherPoke's rating: 1243 &rarr; <strong>1262</strong><br />(+19 for winning)\n|n|\u2606EndercrusherPoke|endercrusherpoke\n|c|\u2606EndercrusherPoke|ggs\n", "uploadtime": 1695168206, "views": 3, "p1id": "pokemon161", "p2id": "endercrusherpoke", "formatid": "gen9ou", "rating": 1146, "private": 0, "password": ""}