{"id": "gen9ou-1947484133", "p1": "AvgPikaEnthusiast", "p2": "fbgdftgjgtkjhyu", "format": "gen9ou", "log": "|j|\u2606AvgPikaEnthusiast\n|j|\u2606fbgdftgjgtkjhyu\n|t:|1695165129\n|gametype|singles\n|player|p1|AvgPikaEnthusiast|102|1087\n|player|p2|fbgdftgjgtkjhyu|burglar-gen1rb|1000\n|teamsize|p1|6\n|teamsize|p2|6\n|gen|9\n|tier|[Gen 9] OU\n|rated|\n|rule|Sleep Clause Mod: Limit one foe put to sleep\n|rule|Species Clause: Limit one of each Pok\u00e9mon\n|rule|OHKO Clause: OHKO moves are banned\n|rule|Evasion Items Clause: Evasion items are banned\n|rule|Evasion Moves Clause: Evasion moves are banned\n|rule|Endless Battle Clause: Forcing endless battles is banned\n|rule|HP Percentage Mod: HP is shown in percentages\n|clearpoke\n|poke|p1|Ogerpon, F|\n|poke|p1|Cinderace, F|\n|poke|p1|Crawdaunt, F|\n|poke|p1|Mienshao, M|\n|poke|p1|Landorus-Therian, M|\n|poke|p1|Slowking-Galar, M|\n|poke|p2|Sneasler, M|\n|poke|p2|Glimmora, F|\n|poke|p2|Amoonguss, M|\n|poke|p2|Muk-Alola, F|\n|poke|p2|Iron Moth|\n|poke|p2|Munkidori, M|\n|teampreview\n|inactive|Battle timer is ON: inactive players will automatically lose when time's up. (requested by fbgdftgjgtkjhyu)\n|\n|t:|1695165145\n|start\n|switch|p1a: Landorus|Landorus-Therian, M|100/100\n|switch|p2a: Glimmora|Glimmora, F|100/100\n|-ability|p1a: Landorus|Intimidate|boost\n|-unboost|p2a: Glimmora|atk|1\n|turn|1\n|\n|t:|1695165148\n|move|p2a: Glimmora|Power Gem|p1a: Landorus\n|-damage|p1a: Landorus|54/100\n|move|p1a: Landorus|Earth Power|p2a: Glimmora\n|-supereffective|p2a: Glimmora\n|-enditem|p2a: Glimmora|Focus Sash\n|-damage|p2a: Glimmora|1/100\n|\n|-heal|p1a: Landorus|60/100|[from] item: Leftovers\n|upkeep\n|turn|2\n|\n|t:|1695165158\n|switch|p2a: Amoonguss|Amoonguss, M, shiny|100/100\n|switch|p1a: PLUH \ud83d\udde3\ufe0f|Mienshao, M|100/100\n|\n|upkeep\n|turn|3\n|\n|t:|1695165163\n|move|p1a: PLUH \ud83d\udde3\ufe0f|Ice Spinner|p2a: Amoonguss\n|-supereffective|p2a: Amoonguss\n|-damage|p2a: Amoonguss|50/100\n|-damage|p1a: PLUH \ud83d\udde3\ufe0f|84/100|[from] item: Rocky Helmet|[of] p2a: Amoonguss\n|-damage|p1a: PLUH \ud83d\udde3\ufe0f|74/100|[from] item: Life Orb\n|move|p2a: Amoonguss|Spore|p1a: PLUH \ud83d\udde3\ufe0f\n|-status|p1a: PLUH \ud83d\udde3\ufe0f|slp|[from] move: Spore\n|\n|upkeep\n|turn|4\n|\n|t:|1695165169\n|switch|p1a: Slowking|Slowking-Galar, M|100/100\n|move|p2a: Amoonguss|Synthesis|p2a: Amoonguss\n|-heal|p2a: Amoonguss|99/100\n|\n|upkeep\n|turn|5\n|\n|t:|1695165178\n|switch|p2a: Muk|Muk-Alola, F, shiny|100/100\n|move|p1a: Slowking|Future Sight|p2a: Muk\n|-start|p1a: Slowking|move: Future Sight\n|\n|upkeep\n|turn|6\n|inactive|AvgPikaEnthusiast has 120 seconds left.\n|\n|t:|1695165209\n|switch|p1a: PLUH \ud83d\udde3\ufe0f|Mienshao, M|100/100 slp\n|move|p2a: Muk|Knock Off|p1a: PLUH \ud83d\udde3\ufe0f\n|-resisted|p1a: PLUH \ud83d\udde3\ufe0f\n|-damage|p1a: PLUH \ud83d\udde3\ufe0f|53/100 slp\n|-enditem|p1a: PLUH \ud83d\udde3\ufe0f|Life Orb|[from] move: Knock Off|[of] p2a: Muk\n|\n|upkeep\n|turn|7\n|\n|t:|1695165215\n|cant|p1a: PLUH \ud83d\udde3\ufe0f|slp\n|move|p2a: Muk|Poison Jab|p1a: PLUH \ud83d\udde3\ufe0f\n|-damage|p1a: PLUH \ud83d\udde3\ufe0f|0 fnt\n|faint|p1a: PLUH \ud83d\udde3\ufe0f\n|\n|-end|p2a: Muk|move: Future Sight\n|-immune|p2a: Muk\n|upkeep\n|inactive|AvgPikaEnthusiast has 120 seconds left.\n|\n|t:|1695165249\n|switch|p1a: Landorus|Landorus-Therian, M|60/100\n|-ability|p1a: Landorus|Intimidate|boost\n|-unboost|p2a: Muk|atk|1\n|turn|8\n|\n|t:|1695165257\n|switch|p2a: Amoonguss|Amoonguss, M, shiny|100/100\n|move|p1a: Landorus|Stealth Rock|p2a: Amoonguss\n|-sidestart|p2: fbgdftgjgtkjhyu|move: Stealth Rock\n|\n|-heal|p1a: Landorus|67/100|[from] item: Leftovers\n|upkeep\n|turn|9\n|\n|t:|1695165261\n|move|p1a: Landorus|U-turn|p2a: Amoonguss\n|-damage|p2a: Amoonguss|88/100\n|-damage|p1a: Landorus|50/100|[from] item: Rocky Helmet|[of] p2a: Amoonguss\n|\n|t:|1695165263\n|switch|p1a: Mask Off|Ogerpon, F|100/100|[from] U-turn\n|move|p2a: Amoonguss|Spore|p1a: Mask Off\n|-immune|p1a: Mask Off\n|\n|upkeep\n|turn|10\n|\n|t:|1695165265\n|move|p1a: Mask Off|U-turn|p2a: Amoonguss\n|-damage|p2a: Amoonguss|62/100\n|-damage|p1a: Mask Off|84/100|[from] item: Rocky Helmet|[of] p2a: Amoonguss\n|\n|t:|1695165269\n|switch|p1a: Landorus|Landorus-Therian, M|50/100|[from] U-turn\n|-ability|p1a: Landorus|Intimidate|boost\n|-unboost|p2a: Amoonguss|atk|1\n|move|p2a: Amoonguss|Foul Play|p1a: Landorus\n|-damage|p1a: Landorus|32/100\n|\n|-heal|p1a: Landorus|38/100|[from] item: Leftovers\n|upkeep\n|turn|11\n|\n|t:|1695165274\n|move|p1a: Landorus|U-turn|p2a: Amoonguss\n|-damage|p2a: Amoonguss|46/100\n|-damage|p1a: Landorus|21/100|[from] item: Rocky Helmet|[of] p2a: Amoonguss\n|\n|t:|1695165276\n|switch|p1a: Slowking|Slowking-Galar, M|100/100|[from] U-turn\n|move|p2a: Amoonguss|Synthesis|p2a: Amoonguss\n|-heal|p2a: Amoonguss|96/100\n|\n|upkeep\n|turn|12\n|\n|t:|1695165283\n|switch|p1a: Mask Off|Ogerpon, F|84/100\n|move|p2a: Amoonguss|Spore|p1a: Mask Off\n|-immune|p1a: Mask Off\n|\n|upkeep\n|turn|13\n|\n|t:|1695165286\n|move|p1a: Mask Off|U-turn|p2a: Amoonguss\n|-damage|p2a: Amoonguss|70/100\n|-damage|p1a: Mask Off|67/100|[from] item: Rocky Helmet|[of] p2a: Amoonguss\n|\n|t:|1695165288\n|switch|p1a: Landorus|Landorus-Therian, M|21/100|[from] U-turn\n|-ability|p1a: Landorus|Intimidate|boost\n|-unboost|p2a: Amoonguss|atk|1\n|move|p2a: Amoonguss|Foul Play|p1a: Landorus\n|-damage|p1a: Landorus|2/100\n|\n|-heal|p1a: Landorus|9/100|[from] item: Leftovers\n|upkeep\n|turn|14\n|\n|t:|1695165295\n|switch|p1a: Slowking|Slowking-Galar, M|100/100\n|move|p2a: Amoonguss|Synthesis|p2a: Amoonguss\n|-heal|p2a: Amoonguss|100/100\n|\n|upkeep\n|turn|15\n|\n|t:|1695165299\n|move|p1a: Slowking|Future Sight|p2a: Amoonguss\n|-start|p1a: Slowking|move: Future Sight\n|move|p2a: Amoonguss|Spore|p1a: Slowking\n|-status|p1a: Slowking|slp|[from] move: Spore\n|\n|upkeep\n|turn|16\n|\n|t:|1695165305\n|switch|p2a: Muk|Muk-Alola, F, shiny|100/100\n|-damage|p2a: Muk|88/100|[from] Stealth Rock\n|cant|p1a: Slowking|slp\n|\n|upkeep\n|turn|17\n|\n|t:|1695165312\n|switch|p1a: Mr. Craw \ud83d\udcde\ud83d\udcde\ud83d\udcde|Crawdaunt, F|100/100\n|move|p2a: Muk|Knock Off|p1a: Mr. Craw \ud83d\udcde\ud83d\udcde\ud83d\udcde\n|-resisted|p1a: Mr. Craw \ud83d\udcde\ud83d\udcde\ud83d\udcde\n|-damage|p1a: Mr. Craw \ud83d\udcde\ud83d\udcde\ud83d\udcde|64/100\n|-enditem|p1a: Mr. Craw \ud83d\udcde\ud83d\udcde\ud83d\udcde|Life Orb|[from] move: Knock Off|[of] p2a: Muk\n|\n|-end|p2a: Muk|move: Future Sight\n|-immune|p2a: Muk\n|upkeep\n|turn|18\n|\n|t:|1695165322\n|switch|p2a: Amoonguss|Amoonguss, M, shiny|100/100\n|-damage|p2a: Amoonguss|88/100|[from] Stealth Rock\n|move|p1a: Mr. Craw \ud83d\udcde\ud83d\udcde\ud83d\udcde|Swords Dance|p1a: Mr. Craw \ud83d\udcde\ud83d\udcde\ud83d\udcde\n|-boost|p1a: Mr. Craw \ud83d\udcde\ud83d\udcde\ud83d\udcde|atk|2\n|\n|upkeep\n|turn|19\n|\n|t:|1695165325\n|move|p1a: Mr. Craw \ud83d\udcde\ud83d\udcde\ud83d\udcde|Knock Off|p2a: Amoonguss\n|-damage|p2a: Amoonguss|0 fnt\n|-damage|p1a: Mr. Craw \ud83d\udcde\ud83d\udcde\ud83d\udcde|47/100|[from] item: Rocky Helmet|[of] p2a: Amoonguss\n|-enditem|p2a: Amoonguss|Rocky Helmet|[from] move: Knock Off|[of] p1a: Mr. Craw \ud83d\udcde\ud83d\udcde\ud83d\udcde\n|faint|p2a: Amoonguss\n|\n|upkeep\n|\n|t:|1695165348\n|switch|p2a: Sneasler|Sneasler, M|100/100\n|-damage|p2a: Sneasler|95/100|[from] Stealth Rock\n|turn|20\n|\n|t:|1695165353\n|-terastallize|p1a: Mr. Craw \ud83d\udcde\ud83d\udcde\ud83d\udcde|Water\n|move|p1a: Mr. Craw \ud83d\udcde\ud83d\udcde\ud83d\udcde|Aqua Jet|p2a: Sneasler\n|-damage|p2a: Sneasler|0 fnt\n|faint|p2a: Sneasler\n|\n|upkeep\n|l|\u2606fbgdftgjgtkjhyu\n|inactive|fbgdftgjgtkjhyu disconnected and has a minute to reconnect!\n|player|p2|\n|c|\u2606AvgPikaEnthusiast|COME BACK NO\n|c|\u2606AvgPikaEnthusiast|im sorry\n|inactive|fbgdftgjgtkjhyu has 30 seconds to reconnect!\n|inactive|fbgdftgjgtkjhyu has 20 seconds to reconnect!\n|inactive|fbgdftgjgtkjhyu has 15 seconds to reconnect!\n|inactive|fbgdftgjgtkjhyu has 10 seconds to reconnect!\n|inactive|fbgdftgjgtkjhyu has 5 seconds to reconnect!\n|-message|fbgdftgjgtkjhyu lost due to inactivity.\n|\n|win|AvgPikaEnthusiast\n|raw|AvgPikaEnthusiast's rating: 1087 &rarr; <strong>1107</strong><br />(+20 for winning)\n|raw|fbgdftgjgtkjhyu's rating: 1000 &rarr; <strong>1000</strong><br />(+0 for losing)\n", "uploadtime": 1695165426, "views": 2, "p1id": "avgpikaenthusiast", "p2id": "fbgdftgjgtkjhyu", "formatid": "gen9ou", "rating": 1000, "private": 0, "password": ""}