{"id": "gen9ou-1947556861", "p1": "Rex1218", "p2": "abeshoken", "format": "gen9ou", "log": "|j|\u2606Rex1218\n|j|\u2606abeshoken\n|t:|1695172280\n|gametype|singles\n|player|p1|Rex1218|marlon|1070\n|player|p2|abeshoken|gambler|1154\n|teamsize|p1|6\n|teamsize|p2|6\n|gen|9\n|tier|[Gen 9] OU\n|rated|\n|rule|Sleep Clause Mod: Limit one foe put to sleep\n|rule|Species Clause: Limit one of each Pok\u00e9mon\n|rule|OHKO Clause: OHKO moves are banned\n|rule|Evasion Items Clause: Evasion items are banned\n|rule|Evasion Moves Clause: Evasion moves are banned\n|rule|Endless Battle Clause: Forcing endless battles is banned\n|rule|HP Percentage Mod: HP is shown in percentages\n|clearpoke\n|poke|p1|Infernape, M|\n|poke|p1|Dipplin, M|\n|poke|p1|Great Tusk|\n|poke|p1|Cresselia, F|\n|poke|p1|Samurott-Hisui, F|\n|poke|p1|Gholdengo|\n|poke|p2|Ogerpon-Cornerstone, F|\n|poke|p2|Garchomp, M|\n|poke|p2|Ursaluna-Bloodmoon, M|\n|poke|p2|Corviknight, M|\n|poke|p2|Fezandipiti, M|\n|poke|p2|Rotom-Wash|\n|teampreview\n|\n|t:|1695172292\n|start\n|switch|p1a: Samurott|Samurott-Hisui, F|100/100\n|switch|p2a: Garchomp|Garchomp, M|100/100\n|turn|1\n|\n|t:|1695172298\n|move|p2a: Garchomp|Stealth Rock|p1a: Samurott\n|-sidestart|p1: Rex1218|move: Stealth Rock\n|move|p1a: Samurott|Ceaseless Edge|p2a: Garchomp\n|-damage|p2a: Garchomp|63/100\n|-damage|p1a: Samurott|88/100|[from] ability: Rough Skin|[of] p2a: Garchomp\n|-damage|p1a: Samurott|72/100|[from] item: Rocky Helmet|[of] p2a: Garchomp\n|-sidestart|p2: abeshoken|Spikes\n|\n|upkeep\n|turn|2\n|\n|t:|1695172307\n|move|p1a: Samurott|Razor Shell|p2a: Garchomp\n|-damage|p2a: Garchomp|17/100\n|-damage|p1a: Samurott|59/100|[from] ability: Rough Skin|[of] p2a: Garchomp\n|-damage|p1a: Samurott|43/100|[from] item: Rocky Helmet|[of] p2a: Garchomp\n|move|p2a: Garchomp|Dragon Tail|p1a: Samurott\n|-damage|p1a: Samurott|7/100\n|drag|p1a: Great Tusk|Great Tusk|100/100\n|-damage|p1a: Great Tusk|98/100|[from] Stealth Rock\n|-enditem|p1a: Great Tusk|Booster Energy\n|-activate|p1a: Great Tusk|ability: Protosynthesis|[fromitem]\n|-start|p1a: Great Tusk|protosynthesisspe\n|\n|upkeep\n|turn|3\n|\n|t:|1695172323\n|switch|p2a: Rotom|Rotom-Wash|100/100\n|move|p1a: Great Tusk|Bulk Up|p1a: Great Tusk\n|-boost|p1a: Great Tusk|atk|1\n|-boost|p1a: Great Tusk|def|1\n|\n|upkeep\n|turn|4\n|\n|t:|1695172331\n|move|p1a: Great Tusk|Close Combat|p2a: Rotom\n|-damage|p2a: Rotom|19/100\n|-unboost|p1a: Great Tusk|def|1\n|-unboost|p1a: Great Tusk|spd|1\n|move|p2a: Rotom|Will-O-Wisp|p1a: Great Tusk\n|-status|p1a: Great Tusk|brn\n|\n|-heal|p2a: Rotom|25/100|[from] item: Leftovers\n|-damage|p1a: Great Tusk|91/100 brn|[from] brn\n|upkeep\n|turn|5\n|\n|t:|1695172344\n|switch|p2a: Corviknight|Corviknight, M|100/100\n|-ability|p2a: Corviknight|Pressure\n|move|p1a: Great Tusk|Close Combat|p2a: Corviknight\n|-crit|p2a: Corviknight\n|-damage|p2a: Corviknight|67/100\n|-unboost|p1a: Great Tusk|def|1\n|-unboost|p1a: Great Tusk|spd|1\n|-damage|p1a: Great Tusk|75/100 brn|[from] item: Rocky Helmet|[of] p2a: Corviknight\n|\n|-damage|p1a: Great Tusk|68/100 brn|[from] brn\n|upkeep\n|turn|6\n|\n|t:|1695172358\n|-end|p1a: Great Tusk|Protosynthesis|[silent]\n|switch|p1a: Gholdengo|Gholdengo|100/100\n|-damage|p1a: Gholdengo|94/100|[from] Stealth Rock\n|-item|p1a: Gholdengo|Air Balloon\n|move|p2a: Corviknight|U-turn|p1a: Gholdengo\n|-resisted|p1a: Gholdengo\n|-damage|p1a: Gholdengo|91/100\n|-enditem|p1a: Gholdengo|Air Balloon\n|\n|t:|1695172368\n|switch|p2a: Ursaluna|Ursaluna-Bloodmoon, M|100/100|[from] U-turn\n|-damage|p2a: Ursaluna|88/100|[from] Spikes\n|\n|-heal|p2a: Ursaluna|94/100|[from] item: Leftovers\n|upkeep\n|turn|7\n|\n|t:|1695172387\n|switch|p1a: Great Tusk|Great Tusk|68/100 brn\n|-damage|p1a: Great Tusk|65/100 brn|[from] Stealth Rock\n|move|p2a: Ursaluna|Blood Moon|p1a: Great Tusk\n|-damage|p1a: Great Tusk|0 fnt\n|faint|p1a: Great Tusk\n|-end|p1a: Great Tusk|Protosynthesis|[silent]\n|\n|-heal|p2a: Ursaluna|99/100|[from] item: Leftovers\n|upkeep\n|\n|t:|1695172397\n|switch|p1a: Cresselia|Cresselia, F|100/100\n|-damage|p1a: Cresselia|88/100|[from] Stealth Rock\n|turn|8\n|\n|t:|1695172401\n|move|p1a: Cresselia|Calm Mind|p1a: Cresselia\n|-boost|p1a: Cresselia|spa|1\n|-boost|p1a: Cresselia|spd|1\n|move|p2a: Ursaluna|Calm Mind|p2a: Ursaluna\n|-boost|p2a: Ursaluna|spa|1\n|-boost|p2a: Ursaluna|spd|1\n|\n|-heal|p1a: Cresselia|94/100|[from] item: Leftovers\n|-heal|p2a: Ursaluna|100/100|[from] item: Leftovers\n|upkeep\n|turn|9\n|\n|t:|1695172413\n|move|p1a: Cresselia|Calm Mind|p1a: Cresselia\n|-boost|p1a: Cresselia|spa|1\n|-boost|p1a: Cresselia|spd|1\n|move|p2a: Ursaluna|Blood Moon|p1a: Cresselia\n|-damage|p1a: Cresselia|54/100\n|\n|-heal|p1a: Cresselia|60/100|[from] item: Leftovers\n|upkeep\n|turn|10\n|\n|t:|1695172420\n|switch|p2a: Ogerpon|Ogerpon-Cornerstone, F|100/100\n|-damage|p2a: Ogerpon|88/100|[from] Spikes\n|move|p1a: Cresselia|Calm Mind|p1a: Cresselia\n|-boost|p1a: Cresselia|spa|1\n|-boost|p1a: Cresselia|spd|1\n|\n|-heal|p1a: Cresselia|66/100|[from] item: Leftovers\n|upkeep\n|turn|11\n|\n|t:|1695172429\n|move|p2a: Ogerpon|Swords Dance|p2a: Ogerpon\n|-boost|p2a: Ogerpon|atk|2\n|move|p1a: Cresselia|Moonlight|p1a: Cresselia\n|-heal|p1a: Cresselia|100/100\n|\n|upkeep\n|turn|12\n|\n|t:|1695172435\n|-terastallize|p2a: Ogerpon|Rock\n|detailschange|p2a: Ogerpon|Ogerpon-Cornerstone-Tera, F, tera:Rock\n|-ability|p2a: Ogerpon|Embody Aspect (Cornerstone)|boost\n|-boost|p2a: Ogerpon|def|1\n|move|p2a: Ogerpon|Ivy Cudgel|p1a: Cresselia\n|-damage|p1a: Cresselia|10/100\n|move|p1a: Cresselia|Stored Power|p2a: Ogerpon\n|-damage|p2a: Ogerpon|0 fnt\n|faint|p2a: Ogerpon\n|\n|-heal|p1a: Cresselia|16/100|[from] item: Leftovers\n|upkeep\n|\n|t:|1695172452\n|switch|p2a: Fezandipiti|Fezandipiti, M|100/100\n|-damage|p2a: Fezandipiti|88/100|[from] Spikes\n|turn|13\n|\n|t:|1695172456\n|move|p2a: Fezandipiti|Play Rough|p1a: Cresselia\n|-damage|p1a: Cresselia|0 fnt\n|faint|p1a: Cresselia\n|-damage|p2a: Fezandipiti|78/100|[from] item: Life Orb\n|\n|upkeep\n|\n|t:|1695172464\n|switch|p1a: Gholdengo|Gholdengo|91/100\n|-damage|p1a: Gholdengo|85/100|[from] Stealth Rock\n|turn|14\n|\n|t:|1695172469\n|switch|p2a: Ursaluna|Ursaluna-Bloodmoon, M|100/100\n|-damage|p2a: Ursaluna|88/100|[from] Spikes\n|move|p1a: Gholdengo|Nasty Plot|p1a: Gholdengo\n|-boost|p1a: Gholdengo|spa|2\n|\n|-heal|p2a: Ursaluna|94/100|[from] item: Leftovers\n|upkeep\n|turn|15\n|\n|t:|1695172479\n|move|p1a: Gholdengo|Make It Rain|p2a: Ursaluna\n|-damage|p2a: Ursaluna|0 fnt\n|-unboost|p1a: Gholdengo|spa|1\n|faint|p2a: Ursaluna\n|\n|upkeep\n|\n|t:|1695172486\n|switch|p2a: Garchomp|Garchomp, M|17/100\n|-damage|p2a: Garchomp|4/100|[from] Spikes\n|turn|16\n|\n|t:|1695172492\n|move|p2a: Garchomp|Earthquake|p1a: Gholdengo\n|-supereffective|p1a: Gholdengo\n|-damage|p1a: Gholdengo|0 fnt\n|faint|p1a: Gholdengo\n|\n|upkeep\n|\n|t:|1695172498\n|switch|p1a: Dipplin|Dipplin, M|100/100\n|-damage|p1a: Dipplin|88/100|[from] Stealth Rock\n|turn|17\n|\n|t:|1695172503\n|move|p2a: Garchomp|Spikes|p1a: Dipplin\n|-sidestart|p1: Rex1218|Spikes\n|move|p1a: Dipplin|Syrup Bomb|p2a: Garchomp\n|-damage|p2a: Garchomp|0 fnt\n|faint|p2a: Garchomp\n|\n|upkeep\n|\n|t:|1695172509\n|switch|p2a: Fezandipiti|Fezandipiti, M|78/100\n|-damage|p2a: Fezandipiti|66/100|[from] Spikes\n|turn|18\n|\n|t:|1695172518\n|move|p2a: Fezandipiti|Swords Dance|p2a: Fezandipiti\n|-boost|p2a: Fezandipiti|atk|2\n|move|p1a: Dipplin|Substitute|p1a: Dipplin\n|-start|p1a: Dipplin|Substitute\n|-damage|p1a: Dipplin|63/100\n|\n|upkeep\n|turn|19\n|\n|t:|1695172524\n|move|p2a: Fezandipiti|Play Rough|p1a: Dipplin\n|-supereffective|p1a: Dipplin\n|-end|p1a: Dipplin|Substitute\n|-damage|p2a: Fezandipiti|56/100|[from] item: Life Orb\n|move|p1a: Dipplin|Syrup Bomb|p2a: Fezandipiti\n|-resisted|p2a: Fezandipiti\n|-damage|p2a: Fezandipiti|47/100\n|-start|p2a: Fezandipiti|Syrup Bomb\n|\n|-unboost|p2a: Fezandipiti|spe|1\n|upkeep\n|turn|20\n|\n|t:|1695172535\n|switch|p1a: Samurott|Samurott-Hisui, F|7/100\n|-damage|p1a: Samurott|0 fnt|[from] Stealth Rock\n|faint|p1a: Samurott\n|move|p2a: Fezandipiti|Play Rough|p1: Samurott|[notarget]\n|-fail|p2a: Fezandipiti\n|\n|-unboost|p2a: Fezandipiti|spe|1\n|upkeep\n|\n|t:|1695172545\n|switch|p1a: Infernape|Infernape, M|100/100\n|-damage|p1a: Infernape|88/100|[from] Stealth Rock\n|-damage|p1a: Infernape|76/100|[from] Spikes\n|turn|21\n|\n|t:|1695172554\n|move|p1a: Infernape|Close Combat|p2a: Fezandipiti\n|-resisted|p2a: Fezandipiti\n|-damage|p2a: Fezandipiti|21/100\n|-unboost|p1a: Infernape|def|1\n|-unboost|p1a: Infernape|spd|1\n|move|p2a: Fezandipiti|Play Rough|p1a: Infernape\n|-damage|p1a: Infernape|0 fnt\n|faint|p1a: Infernape\n|-damage|p2a: Fezandipiti|11/100|[from] item: Life Orb\n|\n|-end|p2a: Fezandipiti|Syrup Bomb\n|upkeep\n|-message|Rex1218 forfeited.\n|\n|win|abeshoken\n|raw|Rex1218's rating: 1070 &rarr; <strong>1054</strong><br />(-16 for losing)\n|raw|abeshoken's rating: 1154 &rarr; <strong>1173</strong><br />(+19 for winning)\n|l|\u2606Rex1218\n|c|\u2606abeshoken|gg\n", "uploadtime": 1695172569, "views": 4, "p1id": "rex1218", "p2id": "abeshoken", "formatid": "gen9ou", "rating": 1054, "private": 0, "password": ""}