{"id": "gen9ou-1947494341", "p1": "IC Oshawott", "p2": "DuckyNucky", "format": "gen9ou", "log": "|j|\u2606IC Oshawott\n|j|\u2606DuckyNucky\n|t:|1695166146\n|gametype|singles\n|player|p1|IC Oshawott|colress|1305\n|player|p2|DuckyNucky|n-masters3|1272\n|teamsize|p1|6\n|teamsize|p2|6\n|gen|9\n|tier|[Gen 9] OU\n|rated|\n|rule|Sleep Clause Mod: Limit one foe put to sleep\n|rule|Species Clause: Limit one of each Pok\u00e9mon\n|rule|OHKO Clause: OHKO moves are banned\n|rule|Evasion Items Clause: Evasion items are banned\n|rule|Evasion Moves Clause: Evasion moves are banned\n|rule|Endless Battle Clause: Forcing endless battles is banned\n|rule|HP Percentage Mod: HP is shown in percentages\n|clearpoke\n|poke|p1|Ursaluna-Bloodmoon, M|\n|poke|p1|Cyclizar, M|\n|poke|p1|Ogerpon-Wellspring, F|\n|poke|p1|Iron Valiant|\n|poke|p1|Crawdaunt, M|\n|poke|p1|Ribombee, F|\n|poke|p2|Great Tusk|\n|poke|p2|Kingambit, M|\n|poke|p2|Frosmoth, F|\n|poke|p2|Ninetales-Alola, M|\n|poke|p2|Cetitan, M|\n|poke|p2|Dragapult, M|\n|teampreview\n|inactive|Battle timer is ON: inactive players will automatically lose when time's up. (requested by IC Oshawott)\n|\n|t:|1695166151\n|start\n|switch|p1a: Cyclizar|Cyclizar, M|100/100\n|switch|p2a: Great Tusk|Great Tusk|100/100\n|turn|1\n|\n|t:|1695166154\n|move|p1a: Cyclizar|U-turn|p2a: Great Tusk\n|-resisted|p2a: Great Tusk\n|-damage|p2a: Great Tusk|95/100\n|\n|t:|1695166156\n|switch|p1a: Iron Valiant|Iron Valiant|100/100|[from] U-turn\n|-enditem|p1a: Iron Valiant|Booster Energy\n|-activate|p1a: Iron Valiant|ability: Quark Drive|[fromitem]\n|-start|p1a: Iron Valiant|quarkdrivespe\n|move|p2a: Great Tusk|Stealth Rock|p1a: Iron Valiant\n|-sidestart|p1: IC Oshawott|move: Stealth Rock\n|\n|-heal|p2a: Great Tusk|100/100|[from] item: Leftovers\n|upkeep\n|turn|2\n|\n|t:|1695166162\n|move|p1a: Iron Valiant|Encore|p2a: Great Tusk\n|-start|p2a: Great Tusk|Encore\n|move|p2a: Great Tusk|Stealth Rock||[still]\n|-fail|p2a: Great Tusk\n|\n|upkeep\n|turn|3\n|\n|t:|1695166165\n|move|p1a: Iron Valiant|Calm Mind|p1a: Iron Valiant\n|-boost|p1a: Iron Valiant|spa|1\n|-boost|p1a: Iron Valiant|spd|1\n|move|p2a: Great Tusk|Stealth Rock||[still]\n|-fail|p2a: Great Tusk\n|\n|upkeep\n|turn|4\n|\n|t:|1695166169\n|-end|p2a: Great Tusk|Protosynthesis|[silent]\n|switch|p2a: Ninetales|Ninetales-Alola, M|100/100\n|-weather|Snow|[from] ability: Snow Warning|[of] p2a: Ninetales\n|move|p1a: Iron Valiant|Calm Mind|p1a: Iron Valiant\n|-boost|p1a: Iron Valiant|spa|1\n|-boost|p1a: Iron Valiant|spd|1\n|\n|-weather|Snow|[upkeep]\n|upkeep\n|turn|5\n|\n|t:|1695166174\n|move|p1a: Iron Valiant|Moonblast|p2a: Ninetales\n|-damage|p2a: Ninetales|0 fnt\n|faint|p2a: Ninetales\n|\n|-weather|Snow|[upkeep]\n|upkeep\n|\n|t:|1695166185\n|switch|p2a: Cetitan|Cetitan, M|100/100\n|turn|6\n|\n|t:|1695166192\n|move|p1a: Iron Valiant|Moonblast|p2a: Cetitan\n|-damage|p2a: Cetitan|8/100\n|-enditem|p2a: Cetitan|Sitrus Berry|[eat]\n|-heal|p2a: Cetitan|33/100|[from] item: Sitrus Berry\n|move|p2a: Cetitan|Icicle Crash|p1a: Iron Valiant\n|-damage|p1a: Iron Valiant|47/100\n|\n|-weather|Snow|[upkeep]\n|upkeep\n|turn|7\n|\n|t:|1695166199\n|move|p1a: Iron Valiant|Moonblast|p2a: Cetitan\n|-damage|p2a: Cetitan|0 fnt\n|faint|p2a: Cetitan\n|\n|-weather|Snow|[upkeep]\n|upkeep\n|\n|t:|1695166217\n|switch|p2a: Frosmoth|Frosmoth, F|100/100\n|turn|8\n|\n|t:|1695166220\n|move|p1a: Iron Valiant|Moonblast|p2a: Frosmoth\n|-damage|p2a: Frosmoth|41/100\n|move|p2a: Frosmoth|Ice Beam|p1a: Iron Valiant\n|-damage|p1a: Iron Valiant|6/100\n|\n|-weather|none\n|upkeep\n|turn|9\n|\n|t:|1695166227\n|move|p1a: Iron Valiant|Moonblast|p2a: Frosmoth\n|-damage|p2a: Frosmoth|0 fnt\n|faint|p2a: Frosmoth\n|\n|upkeep\n|\n|t:|1695166230\n|switch|p2a: Kingambit|Kingambit, M|100/100\n|-activate|p2a: Kingambit|ability: Supreme Overlord\n|-start|p2a: Kingambit|fallen3|[silent]\n|turn|10\n|\n|t:|1695166232\n|move|p2a: Kingambit|Sucker Punch||[still]\n|-fail|p2a: Kingambit\n|move|p1a: Iron Valiant|Calm Mind|p1a: Iron Valiant\n|-boost|p1a: Iron Valiant|spa|1\n|-boost|p1a: Iron Valiant|spd|1\n|\n|upkeep\n|turn|11\n|\n|t:|1695166238\n|move|p1a: Iron Valiant|Encore|p2a: Kingambit\n|-start|p2a: Kingambit|Encore\n|move|p2a: Kingambit|Sucker Punch||[still]\n|-fail|p2a: Kingambit\n|\n|upkeep\n|turn|12\n|\n|t:|1695166245\n|-end|p2a: Kingambit|fallen3|[silent]\n|switch|p2a: Great Tusk|Great Tusk|100/100\n|move|p1a: Iron Valiant|Calm Mind|p1a: Iron Valiant\n|-boost|p1a: Iron Valiant|spa|1\n|-boost|p1a: Iron Valiant|spd|1\n|\n|upkeep\n|turn|13\n|\n|t:|1695166250\n|move|p1a: Iron Valiant|Moonblast|p2a: Great Tusk\n|-supereffective|p2a: Great Tusk\n|-damage|p2a: Great Tusk|0 fnt\n|faint|p2a: Great Tusk\n|-end|p2a: Great Tusk|Protosynthesis|[silent]\n|\n|upkeep\n|\n|t:|1695166252\n|switch|p2a: Kingambit|Kingambit, M|100/100\n|-activate|p2a: Kingambit|ability: Supreme Overlord\n|-start|p2a: Kingambit|fallen4|[silent]\n|turn|14\n|\n|t:|1695166256\n|move|p1a: Iron Valiant|Moonblast|p2a: Kingambit\n|-damage|p2a: Kingambit|0 fnt\n|faint|p2a: Kingambit\n|-end|p2a: Kingambit|fallen4|[silent]\n|\n|upkeep\n|-message|DuckyNucky forfeited.\n|\n|win|IC Oshawott\n|raw|IC Oshawott's rating: 1305 &rarr; <strong>1323</strong><br />(+18 for winning)\n|raw|DuckyNucky's rating: 1272 &rarr; <strong>1249</strong><br />(-23 for losing)\n|c|\u2606IC Oshawott|gg\n|l|\u2606DuckyNucky\n", "uploadtime": 1695166264, "views": 1, "p1id": "icoshawott", "p2id": "duckynucky", "formatid": "gen9ou", "rating": 1249, "private": 0, "password": ""}