{"id": "gen9ou-1947557336", "p1": "Morales_gabs", "p2": "TitanYT", "format": "gen9ou", "log": "|j|\u2606Morales_gabs\n|j|\u2606TitanYT\n|t:|1695172326\n|gametype|singles\n|player|p1|Morales_gabs|hilbert|1004\n|player|p2|TitanYT|2|1109\n|teamsize|p1|6\n|teamsize|p2|6\n|gen|9\n|tier|[Gen 9] OU\n|rated|\n|rule|Sleep Clause Mod: Limit one foe put to sleep\n|rule|Species Clause: Limit one of each Pok\u00e9mon\n|rule|OHKO Clause: OHKO moves are banned\n|rule|Evasion Items Clause: Evasion items are banned\n|rule|Evasion Moves Clause: Evasion moves are banned\n|rule|Endless Battle Clause: Forcing endless battles is banned\n|rule|HP Percentage Mod: HP is shown in percentages\n|clearpoke\n|poke|p1|Great Tusk|\n|poke|p1|Kingambit, M|\n|poke|p1|Skeledirge, M|\n|poke|p1|Dudunsparce-*, F|\n|poke|p1|Spidops, M|\n|poke|p1|Veluza, F|\n|poke|p2|Hoopa-Unbound|\n|poke|p2|Corviknight, F|\n|poke|p2|Great Tusk|\n|poke|p2|Toxapex, M|\n|poke|p2|Dragapult, F|\n|poke|p2|Ursaluna, M|\n|teampreview\n|inactive|Battle timer is ON: inactive players will automatically lose when time's up. (requested by TitanYT)\n|\n|t:|1695172345\n|start\n|switch|p1a: Pi|Spidops, M|100/100\n|switch|p2a: Great Tusk|Great Tusk|100/100\n|-enditem|p2a: Great Tusk|Booster Energy\n|-activate|p2a: Great Tusk|ability: Protosynthesis|[fromitem]\n|-start|p2a: Great Tusk|protosynthesisatk\n|turn|1\n|\n|t:|1695172355\n|move|p2a: Great Tusk|Stealth Rock|p1a: Pi\n|-sidestart|p1: Morales_gabs|move: Stealth Rock\n|move|p1a: Pi|Sticky Web|p2a: Great Tusk\n|-sidestart|p2: TitanYT|move: Sticky Web\n|\n|upkeep\n|turn|2\n|j| small-rubber\n|\n|t:|1695172376\n|move|p2a: Great Tusk|Knock Off|p1a: Pi\n|-damage|p1a: Pi|47/100\n|-enditem|p1a: Pi|Focus Sash|[from] move: Knock Off|[of] p2a: Great Tusk\n|move|p1a: Pi|Taunt|p2a: Great Tusk\n|-start|p2a: Great Tusk|move: Taunt\n|\n|upkeep\n|turn|3\n|\n|t:|1695172384\n|move|p2a: Great Tusk|Rapid Spin|p1a: Pi\n|-damage|p1a: Pi|20/100\n|-boost|p2a: Great Tusk|spe|1\n|-sideend|p2: TitanYT|Sticky Web|[from] move: Rapid Spin|[of] p2a: Great Tusk\n|move|p1a: Pi|Memento|p2a: Great Tusk\n|-unboost|p2a: Great Tusk|atk|2\n|-unboost|p2a: Great Tusk|spa|2\n|faint|p1a: Pi\n|\n|upkeep\n|inactive|Morales_gabs has 120 seconds left.\n|inactive|Morales_gabs has 90 seconds left.\n|\n|t:|1695172440\n|switch|p1a: luz|Veluza, F|100/100\n|-damage|p1a: luz|88/100|[from] Stealth Rock\n|-ability|p1a: luz|Mold Breaker\n|turn|4\n|inactive|TitanYT has 120 seconds left.\n|\n|t:|1695172493\n|-end|p2a: Great Tusk|Protosynthesis|[silent]\n|switch|p2a: Hoopa|Hoopa-Unbound|100/100\n|move|p1a: luz|Psycho Cut|p2a: Hoopa\n|-immune|p2a: Hoopa\n|\n|upkeep\n|turn|5\n|inactive|Morales_gabs has 90 seconds left.\n|inactive|Morales_gabs has 60 seconds left.\n|\n|t:|1695172557\n|switch|p1a: Dudunsparce|Dudunsparce, F|100/100\n|-damage|p1a: Dudunsparce|88/100|[from] Stealth Rock\n|move|p2a: Hoopa|Trick Room|p2a: Hoopa\n|-fieldstart|move: Trick Room|[of] p2a: Hoopa\n|\n|-heal|p1a: Dudunsparce|94/100|[from] item: Leftovers\n|upkeep\n|turn|6\n|\n|t:|1695172577\n|move|p1a: Dudunsparce|Calm Mind|p1a: Dudunsparce\n|-boost|p1a: Dudunsparce|spa|1\n|-boost|p1a: Dudunsparce|spd|1\n|move|p2a: Hoopa|Drain Punch|p1a: Dudunsparce\n|-supereffective|p1a: Dudunsparce\n|-damage|p1a: Dudunsparce|53/100\n|\n|-heal|p1a: Dudunsparce|59/100|[from] item: Leftovers\n|upkeep\n|turn|7\n|\n|t:|1695172589\n|move|p1a: Dudunsparce|Boomburst|p2a: Hoopa\n|-damage|p2a: Hoopa|54/100\n|move|p2a: Hoopa|Drain Punch|p1a: Dudunsparce\n|-supereffective|p1a: Dudunsparce\n|-damage|p1a: Dudunsparce|15/100\n|-heal|p2a: Hoopa|81/100|[from] drain|[of] p1a: Dudunsparce\n|\n|-heal|p1a: Dudunsparce|21/100|[from] item: Leftovers\n|upkeep\n|turn|8\n|\n|t:|1695172600\n|move|p1a: Dudunsparce|Body Slam|p2a: Hoopa\n|-damage|p2a: Hoopa|44/100\n|move|p2a: Hoopa|Drain Punch|p1a: Dudunsparce\n|-supereffective|p1a: Dudunsparce\n|-damage|p1a: Dudunsparce|0 fnt\n|-heal|p2a: Hoopa|57/100|[from] drain|[of] p1a: Dudunsparce\n|faint|p1a: Dudunsparce\n|\n|upkeep\n|\n|t:|1695172607\n|switch|p1a: Ma\u00e7\u00e3|Skeledirge, M|100/100\n|turn|9\n|\n|t:|1695172618\n|-terastallize|p1a: Ma\u00e7\u00e3|Fairy\n|move|p1a: Ma\u00e7\u00e3|Will-O-Wisp|p2a: Hoopa\n|-status|p2a: Hoopa|brn\n|move|p2a: Hoopa|Hyperspace Fury|p1a: Ma\u00e7\u00e3\n|-resisted|p1a: Ma\u00e7\u00e3\n|-damage|p1a: Ma\u00e7\u00e3|90/100\n|-unboost|p2a: Hoopa|def|1\n|-enditem|p2a: Hoopa|Eject Pack\n|inactive|TitanYT has 90 seconds left.\n|\n|t:|1695172650\n|switch|p2a: Toxapex|Toxapex, M|100/100\n|\n|-fieldend|move: Trick Room\n|upkeep\n|turn|10\n|\n|t:|1695172659\n|move|p1a: Ma\u00e7\u00e3|Will-O-Wisp|p2a: Toxapex\n|-status|p2a: Toxapex|brn\n|move|p2a: Toxapex|Gunk Shot|p1a: Ma\u00e7\u00e3\n|-supereffective|p1a: Ma\u00e7\u00e3\n|-damage|p1a: Ma\u00e7\u00e3|76/100\n|\n|-damage|p2a: Toxapex|94/100 brn|[from] brn\n|upkeep\n|turn|11\n|\n|t:|1695172670\n|move|p1a: Ma\u00e7\u00e3|Torch Song|p2a: Toxapex\n|-resisted|p2a: Toxapex\n|-damage|p2a: Toxapex|81/100 brn\n|-boost|p1a: Ma\u00e7\u00e3|spa|1\n|move|p2a: Toxapex|Toxic|p1a: Ma\u00e7\u00e3\n|-status|p1a: Ma\u00e7\u00e3|tox\n|\n|-heal|p2a: Toxapex|88/100 brn|[from] item: Leftovers\n|-damage|p1a: Ma\u00e7\u00e3|70/100 tox|[from] psn\n|-damage|p2a: Toxapex|81/100 brn|[from] brn\n|upkeep\n|turn|12\n|\n|t:|1695172683\n|move|p1a: Ma\u00e7\u00e3|Earth Power|p2a: Toxapex\n|-supereffective|p2a: Toxapex\n|-damage|p2a: Toxapex|24/100 brn\n|move|p2a: Toxapex|Recover|p2a: Toxapex\n|-heal|p2a: Toxapex|74/100 brn\n|\n|-heal|p2a: Toxapex|80/100 brn|[from] item: Leftovers\n|-damage|p1a: Ma\u00e7\u00e3|57/100 tox|[from] psn\n|-damage|p2a: Toxapex|74/100 brn|[from] brn\n|upkeep\n|turn|13\n|\n|t:|1695172697\n|move|p1a: Ma\u00e7\u00e3|Earth Power|p2a: Toxapex\n|-supereffective|p2a: Toxapex\n|-crit|p2a: Toxapex\n|-damage|p2a: Toxapex|0 fnt\n|faint|p2a: Toxapex\n|\n|-damage|p1a: Ma\u00e7\u00e3|39/100 tox|[from] psn\n|upkeep\n|\n|t:|1695172708\n|switch|p2a: Corviknight|Corviknight, F|100/100\n|turn|14\n|inactive|TitanYT has 60 seconds left.\n|\n|t:|1695172741\n|switch|p2a: Great Tusk|Great Tusk|100/100\n|move|p1a: Ma\u00e7\u00e3|Torch Song|p2a: Great Tusk\n|-damage|p2a: Great Tusk|38/100\n|-boost|p1a: Ma\u00e7\u00e3|spa|1\n|\n|-damage|p1a: Ma\u00e7\u00e3|15/100 tox|[from] psn\n|upkeep\n|turn|15\n|inactive|TitanYT has 60 seconds left.\n|\n|t:|1695172755\n|move|p2a: Great Tusk|Knock Off|p1a: Ma\u00e7\u00e3\n|-resisted|p1a: Ma\u00e7\u00e3\n|-damage|p1a: Ma\u00e7\u00e3|3/100 tox\n|-enditem|p1a: Ma\u00e7\u00e3|Heavy-Duty Boots|[from] move: Knock Off|[of] p2a: Great Tusk\n|move|p1a: Ma\u00e7\u00e3|Torch Song|p2a: Great Tusk\n|-damage|p2a: Great Tusk|0 fnt\n|-boost|p1a: Ma\u00e7\u00e3|spa|1\n|faint|p2a: Great Tusk\n|-end|p2a: Great Tusk|Protosynthesis|[silent]\n|\n|-damage|p1a: Ma\u00e7\u00e3|0 fnt|[from] psn\n|faint|p1a: Ma\u00e7\u00e3\n|upkeep\n|inactive|Morales_gabs has 120 seconds left.\n|inactive|TitanYT has 60 seconds left.\n|\n|t:|1695172769\n|switch|p2a: Hoopa|Hoopa-Unbound|57/100 brn\n|switch|p1a: luz|Veluza, F|88/100\n|-damage|p1a: luz|76/100|[from] Stealth Rock\n|-ability|p1a: luz|Mold Breaker\n|turn|16\n|inactive|Morales_gabs has 120 seconds left.\n|inactive|TitanYT has 60 seconds left.\n|\n|t:|1695172778\n|move|p1a: luz|Aqua Cutter|p2a: Hoopa\n|-damage|p2a: Hoopa|11/100 brn\n|move|p2a: Hoopa|Trick Room|p2a: Hoopa\n|-fieldstart|move: Trick Room|[of] p2a: Hoopa\n|\n|-damage|p2a: Hoopa|5/100 brn|[from] brn\n|upkeep\n|turn|17\n|inactive|Morales_gabs has 120 seconds left.\n|inactive|TitanYT has 60 seconds left.\n|\n|t:|1695172803\n|move|p2a: Hoopa|Hyperspace Fury|p1a: luz\n|-supereffective|p1a: luz\n|-damage|p1a: luz|0 fnt\n|-unboost|p2a: Hoopa|def|1\n|faint|p1a: luz\n|\n|-damage|p2a: Hoopa|0 fnt|[from] brn\n|faint|p2a: Hoopa\n|upkeep\n|\n|t:|1695172812\n|switch|p2a: Ursaluna|Ursaluna, M|100/100\n|switch|p1a: GREAT|Great Tusk|100/100\n|-damage|p1a: GREAT|98/100|[from] Stealth Rock\n|-enditem|p1a: GREAT|Booster Energy\n|-activate|p1a: GREAT|ability: Protosynthesis|[fromitem]\n|-start|p1a: GREAT|protosynthesisspe\n|turn|18\n|inactive|TitanYT has 60 seconds left.\n|\n|t:|1695172830\n|move|p2a: Ursaluna|Facade|p1a: GREAT\n|-damage|p1a: GREAT|71/100\n|move|p1a: GREAT|Ice Spinner|p2a: Ursaluna\n|-supereffective|p2a: Ursaluna\n|-damage|p2a: Ursaluna|69/100\n|\n|-status|p2a: Ursaluna|brn|[from] item: Flame Orb\n|upkeep\n|turn|19\n|inactive|Morales_gabs has 120 seconds left.\n|\n|t:|1695172859\n|move|p2a: Ursaluna|Facade|p1a: GREAT\n|-damage|p1a: GREAT|0 fnt\n|faint|p1a: GREAT\n|-end|p1a: GREAT|Protosynthesis|[silent]\n|\n|-damage|p2a: Ursaluna|63/100 brn|[from] brn\n|upkeep\n|\n|t:|1695172865\n|switch|p1a: Kingo|Kingambit, M|100/100\n|-damage|p1a: Kingo|94/100|[from] Stealth Rock\n|-activate|p1a: Kingo|ability: Supreme Overlord\n|-start|p1a: Kingo|fallen5|[silent]\n|turn|20\n|\n|t:|1695172873\n|move|p1a: Kingo|Sucker Punch|p2a: Ursaluna\n|-damage|p2a: Ursaluna|9/100 brn\n|move|p2a: Ursaluna|Headlong Rush|p1a: Kingo\n|-supereffective|p1a: Kingo\n|-damage|p1a: Kingo|0 fnt\n|-unboost|p2a: Ursaluna|def|1\n|-unboost|p2a: Ursaluna|spd|1\n|faint|p1a: Kingo\n|-end|p1a: Kingo|fallen5|[silent]\n|\n|win|TitanYT\n|raw|Morales_gabs's rating: 1004 &rarr; <strong>1000</strong><br />(-4 for losing)\n|raw|TitanYT's rating: 1109 &rarr; <strong>1127</strong><br />(+18 for winning)\n|l|\u2606Morales_gabs\n", "uploadtime": 1695172891, "views": 12, "p1id": "moralesgabs", "p2id": "titanyt", "formatid": "gen9ou", "rating": 1000, "private": 0, "password": ""}