{"id": "gen9ou-1947550904", "p1": "kamboody", "p2": "ForANewWorld", "format": "gen9ou", "log": "|j|\u2606kamboody\n|j|\u2606ForANewWorld\n|t:|1695171694\n|gametype|singles\n|player|p1|kamboody|hilbert|1195\n|player|p2|ForANewWorld|volo|1188\n|teamsize|p1|6\n|teamsize|p2|6\n|gen|9\n|tier|[Gen 9] OU\n|rated|\n|rule|Sleep Clause Mod: Limit one foe put to sleep\n|rule|Species Clause: Limit one of each Pok\u00e9mon\n|rule|OHKO Clause: OHKO moves are banned\n|rule|Evasion Items Clause: Evasion items are banned\n|rule|Evasion Moves Clause: Evasion moves are banned\n|rule|Endless Battle Clause: Forcing endless battles is banned\n|rule|HP Percentage Mod: HP is shown in percentages\n|clearpoke\n|poke|p1|Ariados, F|\n|poke|p1|Munkidori, M|\n|poke|p1|Ogerpon-Hearthflame, F|\n|poke|p1|Ursaluna-Bloodmoon, M|\n|poke|p1|Kingambit, M|\n|poke|p1|Great Tusk|\n|poke|p2|Munkidori, M|\n|poke|p2|Okidogi, M|\n|poke|p2|Ogerpon, F|\n|poke|p2|Infernape, M|\n|poke|p2|Empoleon, F|\n|poke|p2|Torterra, M|\n|teampreview\n|inactive|Battle timer is ON: inactive players will automatically lose when time's up. (requested by kamboody)\n|\n|t:|1695171708\n|start\n|switch|p1a: Ariados|Ariados, F|100/100\n|switch|p2a: Infernape|Infernape, M|100/100\n|turn|1\n|\n|t:|1695171731\n|move|p2a: Infernape|Flamethrower|p1a: Ariados\n|-supereffective|p1a: Ariados\n|-damage|p1a: Ariados|30/100\n|move|p1a: Ariados|Sticky Web|p2a: Infernape\n|-sidestart|p2: ForANewWorld|move: Sticky Web\n|\n|upkeep\n|turn|2\n|\n|t:|1695171738\n|move|p2a: Infernape|Flamethrower|p1a: Ariados\n|-supereffective|p1a: Ariados\n|-damage|p1a: Ariados|0 fnt\n|faint|p1a: Ariados\n|\n|upkeep\n|\n|t:|1695171743\n|switch|p1a: Ursaluna|Ursaluna-Bloodmoon, M|100/100\n|turn|3\n|\n|t:|1695171753\n|switch|p1a: Great Tusk|Great Tusk|100/100\n|move|p2a: Infernape|Nasty Plot|p2a: Infernape\n|-boost|p2a: Infernape|spa|2\n|\n|upkeep\n|turn|4\n|\n|t:|1695171757\n|move|p2a: Infernape|Stealth Rock|p1a: Great Tusk\n|-sidestart|p1: kamboody|move: Stealth Rock\n|move|p1a: Great Tusk|Headlong Rush|p2a: Infernape\n|-supereffective|p2a: Infernape\n|-enditem|p2a: Infernape|Focus Sash\n|-damage|p2a: Infernape|1/100\n|-unboost|p1a: Great Tusk|def|1\n|-unboost|p1a: Great Tusk|spd|1\n|\n|upkeep\n|turn|5\n|\n|t:|1695171761\n|move|p2a: Infernape|Flamethrower|p1a: Great Tusk\n|-damage|p1a: Great Tusk|0 fnt\n|faint|p1a: Great Tusk\n|-end|p1a: Great Tusk|Protosynthesis|[silent]\n|\n|upkeep\n|\n|t:|1695171768\n|switch|p1a: Munkidori|Munkidori, M|100/100\n|turn|6\n|\n|t:|1695171772\n|move|p1a: Munkidori|Fake Out|p2a: Infernape\n|-damage|p2a: Infernape|0 fnt\n|faint|p2a: Infernape\n|\n|upkeep\n|\n|t:|1695171776\n|switch|p2a: Empoleon|Empoleon, F|100/100\n|-activate|p2a: Empoleon|move: Sticky Web\n|-unboost|p2a: Empoleon|spe|1\n|-ability|p2a: Empoleon|Competitive|boost\n|-boost|p2a: Empoleon|spa|2\n|turn|7\n|inactive|kamboody has 120 seconds left.\n|\n|t:|1695171808\n|move|p1a: Munkidori|Sludge Wave|p2a: Empoleon\n|-immune|p2a: Empoleon\n|move|p2a: Empoleon|Agility|p2a: Empoleon\n|-boost|p2a: Empoleon|spe|2\n|\n|upkeep\n|turn|8\n|\n|t:|1695171813\n|move|p1a: Munkidori|Parting Shot|p2a: Empoleon\n|-unboost|p2a: Empoleon|atk|1\n|-ability|p2a: Empoleon|Competitive|boost\n|-boost|p2a: Empoleon|spa|2\n|-unboost|p2a: Empoleon|spa|1\n|-ability|p2a: Empoleon|Competitive|boost\n|-boost|p2a: Empoleon|spa|2\n|c|\u2606kamboody|o od\n|c|\u2606ForANewWorld|thanks\n|c|\u2606kamboody|god\n|inactive|kamboody has 120 seconds left.\n|c|\u2606kamboody|ya f u buddy\n|\n|t:|1695171832\n|switch|p1a: Ursaluna|Ursaluna-Bloodmoon, M|100/100|[from] Parting Shot\n|-damage|p1a: Ursaluna|94/100|[from] Stealth Rock\n|move|p2a: Empoleon|Agility|p2a: Empoleon\n|-boost|p2a: Empoleon|spe|2\n|\n|-heal|p1a: Ursaluna|100/100|[from] item: Leftovers\n|upkeep\n|turn|9\n|c|\u2606ForANewWorld|LOL\n|c|\u2606ForANewWorld|not my fault you clicked that button\n|c|\u2606kamboody|skank\n|\n|t:|1695171851\n|-terastallize|p1a: Ursaluna|Fighting\n|move|p2a: Empoleon|Ice Beam|p1a: Ursaluna\n|-damage|p1a: Ursaluna|0 fnt\n|faint|p1a: Ursaluna\n|-damage|p2a: Empoleon|91/100|[from] item: Life Orb\n|\n|upkeep\n|\n|t:|1695171855\n|switch|p1a: Munkidori|Munkidori, M|100/100\n|turn|10\n|\n|t:|1695171862\n|move|p1a: Munkidori|Fake Out|p2a: Empoleon\n|-resisted|p2a: Empoleon\n|-damage|p2a: Empoleon|86/100\n|cant|p2a: Empoleon|flinch\n|\n|upkeep\n|turn|11\n|\n|t:|1695171869\n|move|p2a: Empoleon|Ice Beam|p1a: Munkidori\n|-damage|p1a: Munkidori|0 fnt\n|faint|p1a: Munkidori\n|-damage|p2a: Empoleon|77/100|[from] item: Life Orb\n|\n|upkeep\n|\n|t:|1695171872\n|switch|p1a: Ogerpon|Ogerpon-Hearthflame, F|100/100\n|-damage|p1a: Ogerpon|76/100|[from] Stealth Rock\n|-ability|p1a: Ogerpon|Mold Breaker\n|turn|12\n|c|\u2606kamboody|well gg\n|\n|t:|1695171881\n|move|p2a: Empoleon|Hydro Pump|p1a: Ogerpon\n|-damage|p1a: Ogerpon|0 fnt\n|faint|p1a: Ogerpon\n|-damage|p2a: Empoleon|67/100|[from] item: Life Orb\n|\n|upkeep\n|-message|kamboody forfeited.\n|\n|win|ForANewWorld\n|raw|kamboody's rating: 1195 &rarr; <strong>1169</strong><br />(-26 for losing)\n|raw|ForANewWorld's rating: 1188 &rarr; <strong>1214</strong><br />(+26 for winning)\n|l|\u2606kamboody\n|c|\u2606ForANewWorld|gg\n", "uploadtime": 1695171911, "views": 2, "p1id": "kamboody", "p2id": "foranewworld", "formatid": "gen9ou", "rating": 1169, "private": 0, "password": ""}