{"id": "gen9ou-1947561106", "p1": "s0nicadventure2", "p2": "FoilFred", "format": "gen9ou", "log": "|j|\u2606s0nicadventure2\n|j|\u2606FoilFred\n|t:|1695172694\n|gametype|singles\n|player|p1|s0nicadventure2|pokekid|1413\n|player|p2|FoilFred|gambler|1415\n|teamsize|p1|6\n|teamsize|p2|6\n|gen|9\n|tier|[Gen 9] OU\n|rated|\n|rule|Sleep Clause Mod: Limit one foe put to sleep\n|rule|Species Clause: Limit one of each Pok\u00e9mon\n|rule|OHKO Clause: OHKO moves are banned\n|rule|Evasion Items Clause: Evasion items are banned\n|rule|Evasion Moves Clause: Evasion moves are banned\n|rule|Endless Battle Clause: Forcing endless battles is banned\n|rule|HP Percentage Mod: HP is shown in percentages\n|clearpoke\n|poke|p1|Ninetales-Alola, F|\n|poke|p1|Cinderace, F|\n|poke|p1|Ogerpon, F|\n|poke|p1|Ditto|\n|poke|p1|Manaphy|\n|poke|p1|Gliscor, M|\n|poke|p2|Munkidori, M|\n|poke|p2|Ting-Lu|\n|poke|p2|Dragapult, F|\n|poke|p2|Iron Treads|\n|poke|p2|Dondozo, M|\n|poke|p2|Tornadus-Therian, M|\n|teampreview\n|\n|t:|1695172707\n|start\n|switch|p1a: Ninetales|Ninetales-Alola, F, shiny|100/100\n|switch|p2a: Tornadus|Tornadus-Therian, M|100/100\n|-weather|Snow|[from] ability: Snow Warning|[of] p1a: Ninetales\n|turn|1\n|\n|t:|1695172710\n|move|p2a: Tornadus|Knock Off|p1a: Ninetales\n|-resisted|p1a: Ninetales\n|-damage|p1a: Ninetales|92/100\n|-enditem|p1a: Ninetales|Light Clay|[from] move: Knock Off|[of] p2a: Tornadus\n|move|p1a: Ninetales|Aurora Veil|p1a: Ninetales\n|-sidestart|p1: s0nicadventure2|move: Aurora Veil\n|\n|-weather|Snow|[upkeep]\n|upkeep\n|turn|2\n|\n|t:|1695172714\n|move|p2a: Tornadus|U-turn|p1a: Ninetales\n|-resisted|p1a: Ninetales\n|-damage|p1a: Ninetales|89/100\n|\n|t:|1695172717\n|switch|p2a: Iron Treads|Iron Treads|100/100|[from] U-turn\n|move|p1a: Ninetales|Hypnosis|p2a: Iron Treads\n|-status|p2a: Iron Treads|slp|[from] move: Hypnosis\n|\n|-weather|Snow|[upkeep]\n|upkeep\n|turn|3\n|\n|t:|1695172750\n|switch|p1a: Manaphy|Manaphy|100/100\n|-end|p2a: Iron Treads|Quark Drive|[silent]\n|switch|p2a: Tornadus|Tornadus-Therian, M|100/100\n|\n|-weather|Snow|[upkeep]\n|upkeep\n|turn|4\n|\n|t:|1695172755\n|switch|p1a: Ninetales|Ninetales-Alola, F, shiny|89/100\n|move|p2a: Tornadus|Taunt|p1a: Ninetales\n|-start|p1a: Ninetales|move: Taunt\n|\n|-weather|Snow|[upkeep]\n|upkeep\n|turn|5\n|\n|t:|1695172757\n|move|p2a: Tornadus|U-turn|p1a: Ninetales\n|-resisted|p1a: Ninetales\n|-damage|p1a: Ninetales|85/100\n|\n|t:|1695172763\n|switch|p2a: Munkidori|Munkidori, M|100/100|[from] U-turn\n|move|p1a: Ninetales|Blizzard|p2a: Munkidori\n|-damage|p2a: Munkidori|60/100\n|\n|-weather|none\n|-sideend|p1: s0nicadventure2|move: Aurora Veil\n|upkeep\n|turn|6\n|inactive|Battle timer is ON: inactive players will automatically lose when time's up. (requested by FoilFred)\n|\n|t:|1695172800\n|switch|p1a: Gliscor|Gliscor, M|100/100\n|move|p2a: Munkidori|Future Sight|p1a: Gliscor\n|-start|p2a: Munkidori|move: Future Sight\n|\n|-status|p1a: Gliscor|tox|[from] item: Toxic Orb\n|upkeep\n|turn|7\n|\n|t:|1695172807\n|move|p2a: Munkidori|U-turn|p1a: Gliscor\n|-resisted|p1a: Gliscor\n|-crit|p1a: Gliscor\n|-damage|p1a: Gliscor|93/100 tox\n|\n|t:|1695172809\n|switch|p2a: Ting-Lu|Ting-Lu|100/100|[from] U-turn\n|-ability|p2a: Ting-Lu|Vessel of Ruin\n|move|p1a: Gliscor|Knock Off|p2a: Ting-Lu\n|-resisted|p2a: Ting-Lu\n|-damage|p2a: Ting-Lu|93/100\n|-enditem|p2a: Ting-Lu|Leftovers|[from] move: Knock Off|[of] p1a: Gliscor\n|\n|-heal|p1a: Gliscor|100/100 tox|[from] ability: Poison Heal\n|upkeep\n|turn|8\n|\n|t:|1695172816\n|switch|p1a: Ditto|Ditto, shiny|100/100\n|-transform|p1a: Ditto|p2a: Ting-Lu|[from] ability: Imposter\n|-ability|p1a: Ditto|Vessel of Ruin\n|move|p2a: Ting-Lu|Ruination|p1a: Ditto\n|-damage|p1a: Ditto|51/100\n|\n|-end|p1a: Ditto|move: Future Sight\n|-immune|p1a: Ditto\n|upkeep\n|turn|9\n|\n|t:|1695172827\n|switch|p2a: Iron Treads|Iron Treads|100/100 slp\n|move|p1a: Ditto|Stealth Rock|p2a: Iron Treads\n|-sidestart|p2: FoilFred|move: Stealth Rock\n|\n|upkeep\n|turn|10\n|\n|t:|1695172830\n|switch|p1a: Gliscor|Gliscor, M|100/100 tox\n|cant|p2a: Iron Treads|slp\n|\n|upkeep\n|turn|11\n|\n|t:|1695172839\n|-end|p2a: Iron Treads|Quark Drive|[silent]\n|switch|p2a: Tornadus|Tornadus-Therian, M|100/100\n|move|p1a: Gliscor|Swords Dance|p1a: Gliscor\n|-boost|p1a: Gliscor|atk|2\n|\n|upkeep\n|turn|12\n|\n|t:|1695172842\n|move|p2a: Tornadus|Bleakwind Storm|p1a: Gliscor\n|-damage|p1a: Gliscor|46/100 tox\n|-unboost|p1a: Gliscor|spe|1\n|move|p1a: Gliscor|Knock Off|p2a: Tornadus\n|-damage|p2a: Tornadus|31/100\n|-enditem|p2a: Tornadus|Heavy-Duty Boots|[from] move: Knock Off|[of] p1a: Gliscor\n|\n|-heal|p1a: Gliscor|58/100 tox|[from] ability: Poison Heal\n|upkeep\n|turn|13\n|\n|t:|1695172861\n|switch|p1a: Ninetales|Ninetales-Alola, F, shiny|85/100\n|-weather|Snow|[from] ability: Snow Warning|[of] p1a: Ninetales\n|move|p2a: Tornadus|U-turn|p1a: Ninetales\n|-resisted|p1a: Ninetales\n|-damage|p1a: Ninetales|78/100\n|\n|t:|1695172868\n|switch|p2a: Iron Treads|Iron Treads|100/100 slp|[from] U-turn\n|-damage|p2a: Iron Treads|97/100 slp|[from] Stealth Rock\n|\n|-weather|Snow|[upkeep]\n|-heal|p2a: Iron Treads|100/100 slp|[from] item: Leftovers\n|upkeep\n|turn|14\n|\n|t:|1695172879\n|move|p1a: Ninetales|Blizzard|p2a: Iron Treads\n|-damage|p2a: Iron Treads|56/100 slp\n|-curestatus|p2a: Iron Treads|slp|[msg]\n|move|p2a: Iron Treads|Rapid Spin|p1a: Ninetales\n|-damage|p1a: Ninetales|66/100\n|-boost|p2a: Iron Treads|spe|1\n|-sideend|p2: FoilFred|Stealth Rock|[from] move: Rapid Spin|[of] p2a: Iron Treads\n|\n|-weather|Snow|[upkeep]\n|-heal|p2a: Iron Treads|62/100|[from] item: Leftovers\n|upkeep\n|turn|15\n|\n|t:|1695172888\n|switch|p1a: Gliscor|Gliscor, M|58/100 tox\n|move|p2a: Iron Treads|Earthquake|p1a: Gliscor\n|-immune|p1a: Gliscor\n|\n|-weather|Snow|[upkeep]\n|-heal|p2a: Iron Treads|68/100|[from] item: Leftovers\n|-heal|p1a: Gliscor|70/100 tox|[from] ability: Poison Heal\n|upkeep\n|turn|16\n|\n|t:|1695172899\n|move|p2a: Iron Treads|Ice Spinner|p1a: Gliscor\n|-supereffective|p1a: Gliscor\n|-damage|p1a: Gliscor|0 fnt\n|faint|p1a: Gliscor\n|\n|-weather|Snow|[upkeep]\n|-heal|p2a: Iron Treads|74/100|[from] item: Leftovers\n|upkeep\n|\n|t:|1695172910\n|switch|p1a: Ninetales|Ninetales-Alola, F, shiny|66/100\n|turn|17\n|\n|t:|1695172912\n|move|p2a: Iron Treads|Iron Head|p1a: Ninetales\n|-supereffective|p1a: Ninetales\n|-damage|p1a: Ninetales|0 fnt\n|faint|p1a: Ninetales\n|\n|-weather|none\n|-heal|p2a: Iron Treads|81/100|[from] item: Leftovers\n|upkeep\n|\n|t:|1695172917\n|switch|p1a: Ditto|Ditto, shiny|51/100\n|-transform|p1a: Ditto|p2a: Iron Treads|[from] ability: Imposter\n|turn|18\n|\n|t:|1695172922\n|-end|p2a: Iron Treads|Quark Drive|[silent]\n|switch|p2a: Ting-Lu|Ting-Lu|93/100\n|-ability|p2a: Ting-Lu|Vessel of Ruin\n|move|p1a: Ditto|Iron Head|p2a: Ting-Lu\n|-damage|p2a: Ting-Lu|72/100\n|\n|upkeep\n|turn|19\n|\n|t:|1695172930\n|-end|p1a: Ditto|Quark Drive|[silent]\n|switch|p1a: Manaphy|Manaphy|100/100\n|move|p2a: Ting-Lu|Ruination|p1a: Manaphy\n|-damage|p1a: Manaphy|50/100\n|\n|-heal|p1a: Manaphy|57/100|[from] item: Leftovers\n|upkeep\n|turn|20\n|\n|t:|1695172937\n|switch|p2a: Munkidori|Munkidori, M|60/100\n|move|p1a: Manaphy|Take Heart|p1a: Manaphy\n|-boost|p1a: Manaphy|spa|1\n|-boost|p1a: Manaphy|spd|1\n|\n|-heal|p1a: Manaphy|63/100|[from] item: Leftovers\n|upkeep\n|turn|21\n|\n|t:|1695172943\n|move|p2a: Munkidori|Sludge Wave|p1a: Manaphy\n|-damage|p1a: Manaphy|36/100\n|move|p1a: Manaphy|Scald|p2a: Munkidori\n|-damage|p2a: Munkidori|14/100\n|\n|-heal|p1a: Manaphy|42/100|[from] item: Leftovers\n|upkeep\n|turn|22\n|\n|t:|1695172949\n|move|p2a: Munkidori|Future Sight|p1a: Manaphy\n|-start|p2a: Munkidori|move: Future Sight\n|move|p1a: Manaphy|Scald|p2a: Munkidori\n|-damage|p2a: Munkidori|0 fnt\n|faint|p2a: Munkidori\n|\n|-heal|p1a: Manaphy|48/100|[from] item: Leftovers\n|upkeep\n|\n|t:|1695172961\n|switch|p2a: Tornadus|Tornadus-Therian, M|64/100\n|turn|23\n|\n|t:|1695172969\n|switch|p1a: Cinderace|Cinderace, F|100/100\n|move|p2a: Tornadus|Knock Off|p1a: Cinderace\n|-damage|p1a: Cinderace|66/100\n|-enditem|p1a: Cinderace|Heavy-Duty Boots|[from] move: Knock Off|[of] p2a: Tornadus\n|\n|upkeep\n|turn|24\n|\n|t:|1695172975\n|switch|p2a: Dondozo|Dondozo, M|100/100\n|move|p1a: Cinderace|U-turn|p2a: Dondozo\n|-start|p1a: Cinderace|typechange|Bug|[from] ability: Libero\n|-damage|p2a: Dondozo|86/100\n|\n|t:|1695172980\n|switch|p1a: Manaphy|Manaphy|48/100|[from] U-turn\n|\n|-end|p1a: Manaphy|move: Future Sight\n|-damage|p1a: Manaphy|0 fnt\n|faint|p1a: Manaphy\n|upkeep\n|\n|t:|1695172984\n|switch|p1a: Ogerpon|Ogerpon, F|100/100\n|turn|25\n|\n|t:|1695172995\n|-terastallize|p1a: Ogerpon|Grass\n|detailschange|p1a: Ogerpon|Ogerpon-Teal-Tera, F, tera:Grass\n|-ability|p1a: Ogerpon|Embody Aspect (Teal)|boost\n|-boost|p1a: Ogerpon|spe|1\n|-terastallize|p2a: Dondozo|Dragon\n|move|p1a: Ogerpon|Ivy Cudgel|p2a: Dondozo\n|-resisted|p2a: Dondozo\n|-damage|p2a: Dondozo|64/100\n|move|p2a: Dondozo|Body Press|p1a: Ogerpon\n|-damage|p1a: Ogerpon|64/100\n|\n|upkeep\n|turn|26\n|\n|t:|1695173003\n|switch|p1a: Ditto|Ditto, shiny|51/100\n|-transform|p1a: Ditto|p2a: Dondozo|[from] ability: Imposter\n|move|p2a: Dondozo|Body Press|p1a: Ditto\n|-damage|p1a: Ditto|28/100\n|\n|upkeep\n|-start|p1a: Ditto|typechange|Water|[silent]\n|turn|27\n|\n|t:|1695173009\n|switch|p2a: Dragapult|Dragapult, F|100/100\n|move|p1a: Ditto|Body Press|p2a: Dragapult\n|-immune|p2a: Dragapult\n|\n|upkeep\n|turn|28\n|-message|s0nicadventure2 forfeited.\n|\n|win|FoilFred\n|raw|s0nicadventure2's rating: 1413 &rarr; <strong>1393</strong><br />(-20 for losing)\n|raw|FoilFred's rating: 1415 &rarr; <strong>1435</strong><br />(+20 for winning)\n|l|\u2606s0nicadventure2\n", "uploadtime": 1695173016, "views": 4, "p1id": "s0nicadventure2", "p2id": "foilfred", "formatid": "gen9ou", "rating": 1393, "private": 0, "password": ""}