{"id": "gen9ou-1947572397", "p1": "lefael", "p2": "himynamesomar", "format": "gen9ou", "log": "|j|\u2606lefael\n|j|\u2606himynamesomar\n|t:|1695173775\n|gametype|singles\n|player|p1|lefael|tate|1117\n|player|p2|himynamesomar|iris-gen5bw2|1119\n|teamsize|p1|6\n|teamsize|p2|6\n|gen|9\n|tier|[Gen 9] OU\n|rated|\n|rule|Sleep Clause Mod: Limit one foe put to sleep\n|rule|Species Clause: Limit one of each Pok\u00e9mon\n|rule|OHKO Clause: OHKO moves are banned\n|rule|Evasion Items Clause: Evasion items are banned\n|rule|Evasion Moves Clause: Evasion moves are banned\n|rule|Endless Battle Clause: Forcing endless battles is banned\n|rule|HP Percentage Mod: HP is shown in percentages\n|clearpoke\n|poke|p1|Mimikyu, F|\n|poke|p1|Donphan, M|\n|poke|p1|Eelektross, F|\n|poke|p1|Dragapult, M|\n|poke|p1|Ninetales, M|\n|poke|p1|Mienshao, M|\n|poke|p2|Ninetales-Alola, M|\n|poke|p2|Mamoswine, F|\n|poke|p2|Samurott-Hisui, F|\n|poke|p2|Greninja-*, M|\n|poke|p2|Ursaluna-Bloodmoon, M|\n|poke|p2|Clodsire, M|\n|teampreview\n|\n|t:|1695173782\n|start\n|switch|p1a: Hayao|Mienshao, M|100/100\n|switch|p2a: Ninetales|Ninetales-Alola, M, shiny|100/100\n|-weather|Snow|[from] ability: Snow Warning|[of] p2a: Ninetales\n|turn|1\n|\n|t:|1695173795\n|switch|p1a: Igni|Ninetales, M|100/100\n|-weather|SunnyDay|[from] ability: Drought|[of] p1a: Igni\n|move|p2a: Ninetales|Aurora Veil||[still]\n|-fail|p2a: Ninetales\n|\n|-weather|SunnyDay|[upkeep]\n|upkeep\n|turn|2\n|\n|t:|1695173802\n|switch|p2a: Clodsire|Clodsire, M, shiny|100/100\n|move|p1a: Igni|Nasty Plot|p1a: Igni\n|-boost|p1a: Igni|spa|2\n|\n|-weather|SunnyDay|[upkeep]\n|upkeep\n|turn|3\n|\n|t:|1695173814\n|move|p1a: Igni|Psyshock|p2a: Clodsire\n|-supereffective|p2a: Clodsire\n|-damage|p2a: Clodsire|54/100\n|move|p2a: Clodsire|Earthquake|p1a: Igni\n|-supereffective|p1a: Igni\n|-damage|p1a: Igni|17/100\n|\n|-weather|SunnyDay|[upkeep]\n|-heal|p2a: Clodsire|60/100|[from] item: Leftovers\n|upkeep\n|turn|4\n|\n|t:|1695173830\n|move|p1a: Igni|Solar Beam||[still]\n|-prepare|p1a: Igni|Solar Beam\n|-anim|p1a: Igni|Solar Beam|p2a: Clodsire\n|-damage|p2a: Clodsire|45/100\n|move|p2a: Clodsire|Earthquake|p1a: Igni\n|-supereffective|p1a: Igni\n|-crit|p1a: Igni\n|-damage|p1a: Igni|0 fnt\n|faint|p1a: Igni\n|\n|-weather|SunnyDay|[upkeep]\n|-heal|p2a: Clodsire|51/100|[from] item: Leftovers\n|upkeep\n|\n|t:|1695173837\n|switch|p1a: Donphan|Donphan, M|100/100\n|turn|5\n|\n|t:|1695173840\n|move|p1a: Donphan|Earthquake|p2a: Clodsire\n|-supereffective|p2a: Clodsire\n|-crit|p2a: Clodsire\n|-damage|p2a: Clodsire|0 fnt\n|faint|p2a: Clodsire\n|\n|-weather|SunnyDay|[upkeep]\n|upkeep\n|\n|t:|1695173844\n|switch|p2a: Ninetales|Ninetales-Alola, M, shiny|100/100\n|-weather|Snow|[from] ability: Snow Warning|[of] p2a: Ninetales\n|turn|6\n|\n|t:|1695173861\n|move|p2a: Ninetales|Aurora Veil|p2a: Ninetales\n|-sidestart|p2: himynamesomar|move: Aurora Veil\n|move|p1a: Donphan|Rock Slide|p2a: Ninetales\n|-supereffective|p2a: Ninetales\n|-damage|p2a: Ninetales|78/100\n|\n|-weather|Snow|[upkeep]\n|upkeep\n|turn|7\n|\n|t:|1695173872\n|switch|p2a: Samurott|Samurott-Hisui, F, shiny|100/100\n|switch|p1a: Eelektross|Eelektross, F|100/100\n|\n|-weather|Snow|[upkeep]\n|upkeep\n|turn|8\n|\n|t:|1695173878\n|move|p2a: Samurott|Ceaseless Edge|p1a: Eelektross|[miss]\n|-miss|p2a: Samurott|p1a: Eelektross\n|move|p1a: Eelektross|Discharge|p2a: Samurott\n|-supereffective|p2a: Samurott\n|-damage|p2a: Samurott|35/100\n|-status|p2a: Samurott|par\n|\n|-weather|Snow|[upkeep]\n|upkeep\n|turn|9\n|\n|t:|1695173901\n|move|p2a: Samurott|Ceaseless Edge|p1a: Eelektross\n|-damage|p1a: Eelektross|24/100\n|-sidestart|p1: lefael|Spikes\n|move|p1a: Eelektross|Discharge|p2a: Samurott\n|-supereffective|p2a: Samurott\n|-damage|p2a: Samurott|0 fnt\n|faint|p2a: Samurott\n|\n|-weather|Snow|[upkeep]\n|upkeep\n|\n|t:|1695173910\n|switch|p2a: Greninja|Greninja, M|100/100\n|turn|10\n|\n|t:|1695173915\n|move|p2a: Greninja|Water Shuriken|p1a: Eelektross\n|-damage|p1a: Eelektross|17/100\n|-damage|p1a: Eelektross|10/100\n|-hitcount|p1a: Eelektross|2\n|-damage|p2a: Greninja|91/100|[from] item: Life Orb\n|move|p1a: Eelektross|Discharge|p2a: Greninja\n|-supereffective|p2a: Greninja\n|-damage|p2a: Greninja|23/100\n|-status|p2a: Greninja|par\n|\n|-weather|none\n|upkeep\n|turn|11\n|\n|t:|1695173919\n|move|p2a: Greninja|Grass Knot|p1a: Eelektross\n|-damage|p1a: Eelektross|0 fnt\n|faint|p1a: Eelektross\n|-ability|p2a: Greninja|Battle Bond|boost\n|-boost|p2a: Greninja|atk|1\n|-boost|p2a: Greninja|spa|1\n|-boost|p2a: Greninja|spe|1\n|-activate|p2a: Greninja|ability: Battle Bond\n|-damage|p2a: Greninja|13/100 par|[from] item: Life Orb\n|\n|upkeep\n|\n|t:|1695173947\n|switch|p1a: Hayao|Mienshao, M|100/100\n|-damage|p1a: Hayao|88/100|[from] Spikes\n|turn|12\n|\n|t:|1695173954\n|move|p2a: Greninja|Water Shuriken|p1a: Hayao\n|-damage|p1a: Hayao|61/100\n|-damage|p1a: Hayao|38/100\n|-damage|p1a: Hayao|13/100\n|-hitcount|p1a: Hayao|3\n|-damage|p2a: Greninja|3/100 par|[from] item: Life Orb\n|move|p1a: Hayao|U-turn|p2a: Greninja\n|-supereffective|p2a: Greninja\n|-damage|p2a: Greninja|0 fnt\n|faint|p2a: Greninja\n|\n|t:|1695173957\n|switch|p1a: Donphan|Donphan, M|100/100|[from] U-turn\n|-damage|p1a: Donphan|88/100|[from] Spikes\n|\n|-heal|p1a: Donphan|94/100|[from] item: Leftovers\n|upkeep\n|\n|t:|1695173975\n|switch|p2a: Ninetales|Ninetales-Alola, M, shiny|78/100\n|-weather|Snow|[from] ability: Snow Warning|[of] p2a: Ninetales\n|turn|13\n|\n|t:|1695173987\n|move|p2a: Ninetales|Freeze-Dry|p1a: Donphan\n|-supereffective|p1a: Donphan\n|-damage|p1a: Donphan|35/100\n|-status|p1a: Donphan|frz\n|cant|p1a: Donphan|frz\n|\n|-weather|Snow|[upkeep]\n|-heal|p1a: Donphan|41/100 frz|[from] item: Leftovers\n|-sideend|p2: himynamesomar|move: Aurora Veil\n|upkeep\n|turn|14\n|\n|t:|1695174006\n|switch|p1a: Mimikyu|Mimikyu, F|100/100\n|-damage|p1a: Mimikyu|88/100|[from] Spikes\n|move|p2a: Ninetales|Aurora Veil|p2a: Ninetales\n|-sidestart|p2: himynamesomar|move: Aurora Veil\n|\n|-weather|Snow|[upkeep]\n|upkeep\n|turn|15\n|\n|t:|1695174012\n|move|p2a: Ninetales|Freeze-Dry|p1a: Mimikyu\n|-activate|p1a: Mimikyu|ability: Disguise\n|-damage|p1a: Mimikyu|88/100\n|detailschange|p1a: Mimikyu|Mimikyu-Busted, F\n|-damage|p1a: Mimikyu|76/100|[from] pokemon: Mimikyu-Busted\n|move|p1a: Mimikyu|Swords Dance|p1a: Mimikyu\n|-boost|p1a: Mimikyu|atk|2\n|\n|-weather|Snow|[upkeep]\n|upkeep\n|turn|16\n|\n|t:|1695174019\n|move|p2a: Ninetales|Encore|p1a: Mimikyu\n|-start|p1a: Mimikyu|Encore\n|move|p1a: Mimikyu|Swords Dance|p1a: Mimikyu\n|-boost|p1a: Mimikyu|atk|2\n|\n|-weather|Snow|[upkeep]\n|upkeep\n|turn|17\n|\n|t:|1695174023\n|move|p2a: Ninetales|Freeze-Dry|p1a: Mimikyu\n|-damage|p1a: Mimikyu|47/100\n|-status|p1a: Mimikyu|frz\n|cant|p1a: Mimikyu|frz\n|\n|-weather|none\n|upkeep\n|turn|18\n|\n|t:|1695174027\n|switch|p1a: Donphan|Donphan, M|41/100 frz\n|-damage|p1a: Donphan|29/100 frz|[from] Spikes\n|move|p2a: Ninetales|Freeze-Dry|p1a: Donphan\n|-supereffective|p1a: Donphan\n|-damage|p1a: Donphan|0 fnt\n|faint|p1a: Donphan\n|\n|upkeep\n|\n|t:|1695174040\n|switch|p1a: Hayao|Mienshao, M|46/100\n|-damage|p1a: Hayao|34/100|[from] Spikes\n|turn|19\n|\n|t:|1695174046\n|switch|p1a: Mimikyu|Mimikyu-Busted, F|47/100 frz\n|-damage|p1a: Mimikyu|35/100 frz|[from] Spikes\n|move|p2a: Ninetales|Moonblast|p1a: Mimikyu\n|-damage|p1a: Mimikyu|0 fnt\n|faint|p1a: Mimikyu\n|\n|upkeep\n|\n|t:|1695174057\n|switch|p1a: Dragapult|Dragapult, M|100/100\n|-damage|p1a: Dragapult|88/100|[from] Spikes\n|turn|20\n|\n|t:|1695174063\n|move|p1a: Dragapult|Phantom Force||[still]\n|-prepare|p1a: Dragapult|Phantom Force\n|move|p2a: Ninetales|Moonblast|p1a: Dragapult|[miss]\n|-miss|p2a: Ninetales|p1a: Dragapult\n|\n|upkeep\n|turn|21\n|\n|t:|1695174071\n|switch|p2a: Ursaluna|Ursaluna-Bloodmoon, M|100/100\n|move|p1a: Dragapult|Phantom Force|p2a: Ursaluna|[from]lockedmove\n|-immune|p2a: Ursaluna\n|\n|-sideend|p2: himynamesomar|move: Aurora Veil\n|upkeep\n|turn|22\n|\n|t:|1695174077\n|move|p1a: Dragapult|U-turn|p2a: Ursaluna\n|-damage|p2a: Ursaluna|82/100\n|\n|t:|1695174080\n|switch|p1a: Hayao|Mienshao, M|67/100|[from] U-turn\n|-damage|p1a: Hayao|54/100|[from] Spikes\n|move|p2a: Ursaluna|Blood Moon|p1a: Hayao\n|-damage|p1a: Hayao|0 fnt\n|faint|p1a: Hayao\n|\n|upkeep\n|\n|t:|1695174086\n|switch|p1a: Dragapult|Dragapult, M|88/100\n|-damage|p1a: Dragapult|76/100|[from] Spikes\n|turn|23\n|\n|t:|1695174093\n|move|p1a: Dragapult|Dragon Dance|p1a: Dragapult\n|-boost|p1a: Dragapult|atk|1\n|-boost|p1a: Dragapult|spe|1\n|move|p2a: Ursaluna|Hyper Voice|p1a: Dragapult\n|-damage|p1a: Dragapult|8/100\n|-enditem|p2a: Ursaluna|Throat Spray\n|-boost|p2a: Ursaluna|spa|1|[from] item: Throat Spray\n|\n|upkeep\n|turn|24\n|\n|t:|1695174101\n|move|p1a: Dragapult|Dragon Darts|p2a: Ursaluna\n|-damage|p2a: Ursaluna|56/100\n|-anim|p1a: Dragapult|Dragon Darts|p2a: Ursaluna\n|-damage|p2a: Ursaluna|30/100\n|move|p2a: Ursaluna|Blood Moon|p1a: Dragapult\n|-damage|p1a: Dragapult|0 fnt\n|faint|p1a: Dragapult\n|\n|win|himynamesomar\n|raw|lefael's rating: 1117 &rarr; <strong>1092</strong><br />(-25 for losing)\n|raw|himynamesomar's rating: 1119 &rarr; <strong>1144</strong><br />(+25 for winning)\n|l|\u2606lefael\n|l|\u2606himynamesomar\n|j|\u2606himynamesomar\n|player|p2|himynamesomar|iris-gen5bw2\n", "uploadtime": 1695174149, "views": 6, "p1id": "lefael", "p2id": "himynamesomar", "formatid": "gen9ou", "rating": 1092, "private": 0, "password": ""}