{"id": "gen9ou-1947488759", "p1": "Nitro2514", "p2": "Goobster23", "format": "gen9ou", "log": "|j|\u2606Nitro2514\n|j|\u2606Goobster23\n|t:|1695165585\n|gametype|singles\n|player|p1|Nitro2514|steven|1213\n|player|p2|Goobster23|266|1252\n|teamsize|p1|6\n|teamsize|p2|6\n|gen|9\n|tier|[Gen 9] OU\n|rated|\n|rule|Sleep Clause Mod: Limit one foe put to sleep\n|rule|Species Clause: Limit one of each Pok\u00e9mon\n|rule|OHKO Clause: OHKO moves are banned\n|rule|Evasion Items Clause: Evasion items are banned\n|rule|Evasion Moves Clause: Evasion moves are banned\n|rule|Endless Battle Clause: Forcing endless battles is banned\n|rule|HP Percentage Mod: HP is shown in percentages\n|clearpoke\n|poke|p1|Ogerpon-Hearthflame, F|\n|poke|p1|Okidogi, M|\n|poke|p1|Greninja-*, M|\n|poke|p1|Sinistcha-Masterpiece|\n|poke|p1|Ursaluna-Bloodmoon, M|\n|poke|p1|Munkidori, M|\n|poke|p2|Samurott-Hisui, F|\n|poke|p2|Kingambit, F|\n|poke|p2|Great Tusk|\n|poke|p2|Manaphy|\n|poke|p2|Slowking-Galar, M|\n|poke|p2|Mamoswine, F|\n|teampreview\n|inactive|Battle timer is ON: inactive players will automatically lose when time's up. (requested by Goobster23)\n|\n|t:|1695165606\n|start\n|switch|p1a: Greninja|Greninja, M|100/100\n|switch|p2a: Samurott|Samurott-Hisui, F|100/100\n|turn|1\n|\n|t:|1695165612\n|move|p1a: Greninja|Grass Knot|p2a: Samurott\n|-supereffective|p2a: Samurott\n|-damage|p2a: Samurott|24/100\n|-damage|p1a: Greninja|91/100|[from] item: Life Orb\n|move|p2a: Samurott|Ceaseless Edge|p1a: Greninja\n|-resisted|p1a: Greninja\n|-damage|p1a: Greninja|58/100\n|-sidestart|p1: Nitro2514|Spikes\n|\n|upkeep\n|turn|2\n|\n|t:|1695165621\n|switch|p2a: Slowking|Slowking-Galar, M|100/100\n|move|p1a: Greninja|Grass Knot|p2a: Slowking\n|-resisted|p2a: Slowking\n|-damage|p2a: Slowking|92/100\n|-damage|p1a: Greninja|49/100|[from] item: Life Orb\n|\n|upkeep\n|turn|3\n|\n|t:|1695165629\n|move|p1a: Greninja|Dark Pulse|p2a: Slowking\n|-supereffective|p2a: Slowking\n|-damage|p2a: Slowking|30/100\n|-damage|p1a: Greninja|39/100|[from] item: Life Orb\n|move|p2a: Slowking|Thunder Wave|p1a: Greninja\n|-status|p1a: Greninja|par\n|\n|upkeep\n|turn|4\n|\n|t:|1695165642\n|switch|p2a: Manaphy|Manaphy|100/100\n|cant|p1a: Greninja|par\n|\n|upkeep\n|turn|5\n|\n|t:|1695165646\n|move|p2a: Manaphy|Take Heart|p2a: Manaphy\n|-boost|p2a: Manaphy|spa|1\n|-boost|p2a: Manaphy|spd|1\n|move|p1a: Greninja|Grass Knot|p2a: Manaphy\n|-supereffective|p2a: Manaphy\n|-damage|p2a: Manaphy|90/100\n|-damage|p1a: Greninja|29/100 par|[from] item: Life Orb\n|\n|-heal|p2a: Manaphy|96/100|[from] item: Leftovers\n|upkeep\n|turn|6\n|\n|t:|1695165656\n|move|p2a: Manaphy|Acid Armor|p2a: Manaphy\n|-boost|p2a: Manaphy|def|2\n|move|p1a: Greninja|Grass Knot|p2a: Manaphy\n|-supereffective|p2a: Manaphy\n|-damage|p2a: Manaphy|87/100\n|-damage|p1a: Greninja|19/100 par|[from] item: Life Orb\n|\n|-heal|p2a: Manaphy|93/100|[from] item: Leftovers\n|upkeep\n|turn|7\n|\n|t:|1695165662\n|switch|p1a: Munkidori|Munkidori, M|100/100\n|-damage|p1a: Munkidori|88/100|[from] Spikes\n|move|p2a: Manaphy|Take Heart|p2a: Manaphy\n|-boost|p2a: Manaphy|spa|1\n|-boost|p2a: Manaphy|spd|1\n|\n|-heal|p2a: Manaphy|99/100|[from] item: Leftovers\n|upkeep\n|turn|8\n|\n|t:|1695165670\n|move|p1a: Munkidori|Fake Out|p2a: Manaphy\n|-damage|p2a: Manaphy|95/100\n|-status|p2a: Manaphy|tox|[from] ability: Toxic Chain|[of] p1a: Munkidori\n|-damage|p1a: Munkidori|78/100|[from] item: Life Orb\n|cant|p2a: Manaphy|flinch\n|\n|-heal|p2a: Manaphy|100/100 tox|[from] item: Leftovers\n|-damage|p2a: Manaphy|94/100 tox|[from] psn\n|upkeep\n|turn|9\n|\n|t:|1695165679\n|move|p1a: Munkidori|Clear Smog|p2a: Manaphy\n|-damage|p2a: Manaphy|78/100 tox\n|-clearboost|p2a: Manaphy\n|-damage|p1a: Munkidori|69/100|[from] item: Life Orb\n|move|p2a: Manaphy|Take Heart|p2a: Manaphy\n|-boost|p2a: Manaphy|spa|1\n|-boost|p2a: Manaphy|spd|1\n|-curestatus|p2a: Manaphy|tox|[msg]\n|\n|-heal|p2a: Manaphy|84/100|[from] item: Leftovers\n|upkeep\n|turn|10\n|\n|t:|1695165693\n|move|p1a: Munkidori|Psychic|p2a: Manaphy\n|-damage|p2a: Manaphy|48/100\n|-damage|p1a: Munkidori|59/100|[from] item: Life Orb\n|move|p2a: Manaphy|Stored Power|p1a: Munkidori\n|-damage|p1a: Munkidori|35/100\n|\n|-heal|p2a: Manaphy|54/100|[from] item: Leftovers\n|upkeep\n|turn|11\n|\n|t:|1695165708\n|switch|p1a: Sinistcha|Sinistcha-Masterpiece|100/100\n|-damage|p1a: Sinistcha|88/100|[from] Spikes\n|switch|p2a: Kingambit|Kingambit, F|100/100\n|\n|-heal|p1a: Sinistcha|94/100|[from] item: Leftovers\n|upkeep\n|turn|12\n|\n|t:|1695165720\n|-end|p2a: Kingambit|fallenundefined|[silent]\n|switch|p2a: Slowking|Slowking-Galar, M|63/100\n|switch|p1a: Ogerpon|Ogerpon-Hearthflame, F|100/100\n|-damage|p1a: Ogerpon|88/100|[from] Spikes\n|-ability|p1a: Ogerpon|Mold Breaker\n|\n|upkeep\n|turn|13\n|\n|t:|1695165732\n|move|p1a: Ogerpon|Swords Dance|p1a: Ogerpon\n|-boost|p1a: Ogerpon|atk|2\n|move|p2a: Slowking|Thunder Wave|p1a: Ogerpon\n|-status|p1a: Ogerpon|par\n|\n|upkeep\n|turn|14\n|\n|t:|1695165737\n|-terastallize|p1a: Ogerpon|Fire\n|detailschange|p1a: Ogerpon|Ogerpon-Hearthflame-Tera, F, tera:Fire\n|-ability|p1a: Ogerpon|Embody Aspect (Hearthflame)|boost\n|-boost|p1a: Ogerpon|atk|1\n|cant|p1a: Ogerpon|par\n|move|p2a: Slowking|Future Sight|p1a: Ogerpon\n|-start|p2a: Slowking|move: Future Sight\n|\n|upkeep\n|turn|15\n|\n|t:|1695165758\n|switch|p2a: Great Tusk|Great Tusk|100/100\n|move|p1a: Ogerpon|Ivy Cudgel|p2a: Great Tusk\n|-damage|p2a: Great Tusk|0 fnt\n|faint|p2a: Great Tusk\n|-end|p2a: Great Tusk|Protosynthesis|[silent]\n|\n|upkeep\n|\n|t:|1695165766\n|switch|p2a: Mamoswine|Mamoswine, F|100/100\n|turn|16\n|\n|t:|1695165772\n|move|p2a: Mamoswine|Earthquake|p1a: Ogerpon\n|-supereffective|p1a: Ogerpon\n|-damage|p1a: Ogerpon|0 fnt\n|faint|p1a: Ogerpon\n|\n|-hint|Future Sight did not hit because the target is fainted.\n|upkeep\n|\n|t:|1695165777\n|switch|p1a: Sinistcha|Sinistcha-Masterpiece|94/100\n|-damage|p1a: Sinistcha|82/100|[from] Spikes\n|turn|17\n|\n|t:|1695165786\n|move|p2a: Mamoswine|Icicle Crash|p1a: Sinistcha\n|-supereffective|p1a: Sinistcha\n|-damage|p1a: Sinistcha|0 fnt\n|faint|p1a: Sinistcha\n|\n|upkeep\n|\n|t:|1695165795\n|switch|p1a: Greninja|Greninja, M|19/100 par\n|-damage|p1a: Greninja|7/100 par|[from] Spikes\n|turn|18\n|\n|t:|1695165801\n|move|p2a: Mamoswine|Knock Off|p1a: Greninja\n|-resisted|p1a: Greninja\n|-damage|p1a: Greninja|0 fnt\n|-enditem|p1a: Greninja|Life Orb|[from] move: Knock Off|[of] p2a: Mamoswine\n|faint|p1a: Greninja\n|\n|upkeep\n|\n|t:|1695165807\n|switch|p1a: Ursaluna|Ursaluna-Bloodmoon, M|100/100\n|-damage|p1a: Ursaluna|88/100|[from] Spikes\n|turn|19\n|\n|t:|1695165813\n|move|p2a: Mamoswine|Icicle Crash|p1a: Ursaluna\n|-supereffective|p1a: Ursaluna\n|-damage|p1a: Ursaluna|19/100\n|cant|p1a: Ursaluna|flinch\n|\n|upkeep\n|turn|20\n|\n|t:|1695165819\n|move|p2a: Mamoswine|Ice Shard|p1a: Ursaluna\n|-supereffective|p1a: Ursaluna\n|-damage|p1a: Ursaluna|0 fnt\n|faint|p1a: Ursaluna\n|\n|upkeep\n|\n|t:|1695165822\n|switch|p1a: Okidogi|Okidogi, M|100/100\n|-damage|p1a: Okidogi|88/100|[from] Spikes\n|turn|21\n|\n|t:|1695165832\n|-terastallize|p2a: Mamoswine|Water\n|move|p1a: Okidogi|Close Combat|p2a: Mamoswine\n|-damage|p2a: Mamoswine|31/100\n|-unboost|p1a: Okidogi|def|1\n|-unboost|p1a: Okidogi|spd|1\n|move|p2a: Mamoswine|Earthquake|p1a: Okidogi\n|-supereffective|p1a: Okidogi\n|-damage|p1a: Okidogi|0 fnt\n|faint|p1a: Okidogi\n|\n|upkeep\n|\n|t:|1695165840\n|switch|p1a: Munkidori|Munkidori, M|35/100\n|-damage|p1a: Munkidori|23/100|[from] Spikes\n|turn|22\n|\n|t:|1695165845\n|move|p1a: Munkidori|Fake Out|p2a: Mamoswine\n|-damage|p2a: Mamoswine|21/100\n|-status|p2a: Mamoswine|tox|[from] ability: Toxic Chain|[of] p1a: Munkidori\n|-damage|p1a: Munkidori|13/100|[from] item: Life Orb\n|cant|p2a: Mamoswine|flinch\n|\n|-damage|p2a: Mamoswine|15/100 tox|[from] psn\n|upkeep\n|turn|23\n|\n|t:|1695165852\n|move|p2a: Mamoswine|Ice Shard|p1a: Munkidori\n|-damage|p1a: Munkidori|0 fnt\n|faint|p1a: Munkidori\n|\n|win|Goobster23\n|raw|Nitro2514's rating: 1213 &rarr; <strong>1191</strong><br />(-22 for losing)\n|raw|Goobster23's rating: 1252 &rarr; <strong>1274</strong><br />(+22 for winning)\n|l|\u2606Nitro2514\n", "uploadtime": 1695165857, "views": 2, "p1id": "nitro2514", "p2id": "goobster23", "formatid": "gen9ou", "rating": 1191, "private": 0, "password": ""}