{"id": "gen9ou-1947514294", "p1": "GlTurtwig", "p2": "Thehombre", "format": "gen9ou", "log": "|j|\u2606GlTurtwig\n|j|\u2606Thehombre\n|t:|1695168120\n|gametype|singles\n|player|p1|GlTurtwig|gardenia|1105\n|player|p2|Thehombre|265|1179\n|teamsize|p1|6\n|teamsize|p2|6\n|gen|9\n|tier|[Gen 9] OU\n|rated|\n|rule|Sleep Clause Mod: Limit one foe put to sleep\n|rule|Species Clause: Limit one of each Pok\u00e9mon\n|rule|OHKO Clause: OHKO moves are banned\n|rule|Evasion Items Clause: Evasion items are banned\n|rule|Evasion Moves Clause: Evasion moves are banned\n|rule|Endless Battle Clause: Forcing endless battles is banned\n|rule|HP Percentage Mod: HP is shown in percentages\n|clearpoke\n|poke|p1|Torterra, M|\n|poke|p1|Pelipper, M|\n|poke|p1|Ribombee, F|\n|poke|p1|Probopass, F|\n|poke|p1|Infernape, M|\n|poke|p1|Dragapult, F|\n|poke|p2|Munkidori, M|\n|poke|p2|Dragapult, F|\n|poke|p2|Ogerpon-Hearthflame, F|\n|poke|p2|Corviknight, F|\n|poke|p2|Ninetales-Alola, M|\n|poke|p2|Clefable, F|\n|teampreview\n|inactive|Battle timer is ON: inactive players will automatically lose when time's up. (requested by Thehombre)\n|\n|t:|1695168132\n|start\n|switch|p1a: Probopass|Probopass, F|100/100\n|switch|p2a: Ninetales|Ninetales-Alola, M|100/100\n|-weather|Snow|[from] ability: Snow Warning|[of] p2a: Ninetales\n|turn|1\n|\n|t:|1695168138\n|move|p2a: Ninetales|Blizzard|p1a: Probopass\n|-resisted|p1a: Probopass\n|-damage|p1a: Probopass|86/100\n|move|p1a: Probopass|Stealth Rock|p2a: Ninetales\n|-sidestart|p2: Thehombre|move: Stealth Rock\n|\n|-weather|Snow|[upkeep]\n|-heal|p1a: Probopass|92/100|[from] item: Leftovers\n|upkeep\n|turn|2\n|\n|t:|1695168149\n|move|p2a: Ninetales|Aurora Veil|p2a: Ninetales\n|-sidestart|p2: Thehombre|move: Aurora Veil\n|move|p1a: Probopass|Flash Cannon|p2a: Ninetales\n|-supereffective|p2a: Ninetales\n|-damage|p2a: Ninetales|22/100\n|\n|-weather|Snow|[upkeep]\n|-heal|p1a: Probopass|98/100|[from] item: Leftovers\n|upkeep\n|turn|3\n|\n|t:|1695168153\n|move|p2a: Ninetales|Blizzard|p1a: Probopass\n|-resisted|p1a: Probopass\n|-damage|p1a: Probopass|83/100\n|move|p1a: Probopass|Flash Cannon|p2a: Ninetales\n|-supereffective|p2a: Ninetales\n|-damage|p2a: Ninetales|0 fnt\n|faint|p2a: Ninetales\n|\n|-weather|Snow|[upkeep]\n|-heal|p1a: Probopass|89/100|[from] item: Leftovers\n|upkeep\n|\n|t:|1695168155\n|switch|p2a: Corviknight|Corviknight, F|100/100\n|-damage|p2a: Corviknight|88/100|[from] Stealth Rock\n|-ability|p2a: Corviknight|Pressure\n|turn|4\n|\n|t:|1695168163\n|move|p2a: Corviknight|Bulk Up|p2a: Corviknight\n|-boost|p2a: Corviknight|atk|1\n|-boost|p2a: Corviknight|def|1\n|move|p1a: Probopass|Power Gem|p2a: Corviknight\n|-damage|p2a: Corviknight|70/100\n|\n|-weather|Snow|[upkeep]\n|-heal|p2a: Corviknight|76/100|[from] item: Leftovers\n|-heal|p1a: Probopass|96/100|[from] item: Leftovers\n|upkeep\n|turn|5\n|\n|t:|1695168177\n|move|p2a: Corviknight|Agility|p2a: Corviknight\n|-boost|p2a: Corviknight|spe|2\n|move|p1a: Probopass|Power Gem|p2a: Corviknight\n|-damage|p2a: Corviknight|58/100\n|\n|-weather|none\n|-heal|p2a: Corviknight|64/100|[from] item: Leftovers\n|-heal|p1a: Probopass|100/100|[from] item: Leftovers\n|upkeep\n|turn|6\n|\n|t:|1695168179\n|move|p2a: Corviknight|Bulk Up|p2a: Corviknight\n|-boost|p2a: Corviknight|atk|1\n|-boost|p2a: Corviknight|def|1\n|move|p1a: Probopass|Volt Switch|p2a: Corviknight\n|-supereffective|p2a: Corviknight\n|-damage|p2a: Corviknight|43/100\n|\n|t:|1695168187\n|switch|p1a: Infernape|Infernape, M|100/100|[from] Volt Switch\n|\n|-heal|p2a: Corviknight|49/100|[from] item: Leftovers\n|upkeep\n|turn|7\n|\n|t:|1695168190\n|move|p2a: Corviknight|Drill Peck|p1a: Infernape\n|-supereffective|p1a: Infernape\n|-damage|p1a: Infernape|0 fnt\n|faint|p1a: Infernape\n|\n|-heal|p2a: Corviknight|56/100|[from] item: Leftovers\n|upkeep\n|\n|t:|1695168198\n|switch|p1a: Probopass|Probopass, F|100/100\n|turn|8\n|\n|t:|1695168202\n|move|p2a: Corviknight|Power Trip|p1a: Probopass\n|-damage|p1a: Probopass|35/100\n|move|p1a: Probopass|Power Gem|p2a: Corviknight\n|-damage|p2a: Corviknight|36/100\n|\n|-heal|p2a: Corviknight|43/100|[from] item: Leftovers\n|-heal|p1a: Probopass|41/100|[from] item: Leftovers\n|upkeep\n|turn|9\n|\n|t:|1695168209\n|move|p2a: Corviknight|Power Trip|p1a: Probopass\n|-damage|p1a: Probopass|0 fnt\n|faint|p1a: Probopass\n|\n|-heal|p2a: Corviknight|49/100|[from] item: Leftovers\n|-sideend|p2: Thehombre|move: Aurora Veil\n|upkeep\n|\n|t:|1695168214\n|switch|p1a: Torterra|Torterra, M|100/100\n|turn|10\n|\n|t:|1695168217\n|-terastallize|p1a: Torterra|Water\n|move|p2a: Corviknight|Drill Peck|p1a: Torterra\n|-damage|p1a: Torterra|33/100\n|move|p1a: Torterra|Shell Smash|p1a: Torterra\n|-unboost|p1a: Torterra|def|1\n|-unboost|p1a: Torterra|spd|1\n|-boost|p1a: Torterra|atk|2\n|-boost|p1a: Torterra|spa|2\n|-boost|p1a: Torterra|spe|2\n|-enditem|p1a: Torterra|White Herb\n|-clearnegativeboost|p1a: Torterra|[silent]\n|\n|-heal|p2a: Corviknight|55/100|[from] item: Leftovers\n|upkeep\n|turn|11\n|\n|t:|1695168225\n|move|p2a: Corviknight|Power Trip|p1a: Torterra\n|-damage|p1a: Torterra|0 fnt\n|faint|p1a: Torterra\n|\n|-heal|p2a: Corviknight|61/100|[from] item: Leftovers\n|upkeep\n|\n|t:|1695168236\n|switch|p1a: Dragapult|Dragapult, F|100/100\n|turn|12\n|\n|t:|1695168240\n|move|p2a: Corviknight|Power Trip|p1a: Dragapult\n|-supereffective|p1a: Dragapult\n|-damage|p1a: Dragapult|0 fnt\n|faint|p1a: Dragapult\n|\n|-heal|p2a: Corviknight|68/100|[from] item: Leftovers\n|upkeep\n|\n|t:|1695168243\n|switch|p1a: Pelipper|Pelipper, M|100/100\n|-weather|RainDance|[from] ability: Drizzle|[of] p1a: Pelipper\n|turn|13\n|\n|t:|1695168247\n|move|p2a: Corviknight|Power Trip|p1a: Pelipper\n|-damage|p1a: Pelipper|39/100\n|move|p1a: Pelipper|Surf|p2a: Corviknight\n|-damage|p2a: Corviknight|19/100\n|\n|-weather|RainDance|[upkeep]\n|-heal|p2a: Corviknight|25/100|[from] item: Leftovers\n|upkeep\n|turn|14\n|\n|t:|1695168256\n|move|p2a: Corviknight|Drill Peck|p1a: Pelipper\n|-damage|p1a: Pelipper|0 fnt\n|faint|p1a: Pelipper\n|\n|-weather|RainDance|[upkeep]\n|-heal|p2a: Corviknight|31/100|[from] item: Leftovers\n|upkeep\n|\n|t:|1695168258\n|switch|p1a: Ribombee|Ribombee, F|100/100\n|turn|15\n|\n|t:|1695168259\n|move|p2a: Corviknight|Drill Peck|p1a: Ribombee\n|-supereffective|p1a: Ribombee\n|-enditem|p1a: Ribombee|Focus Sash\n|-damage|p1a: Ribombee|1/100\n|move|p1a: Ribombee|Moonblast|p2a: Corviknight\n|-resisted|p2a: Corviknight\n|-damage|p2a: Corviknight|12/100\n|-unboost|p2a: Corviknight|spa|1\n|\n|-weather|RainDance|[upkeep]\n|-heal|p2a: Corviknight|18/100|[from] item: Leftovers\n|upkeep\n|turn|16\n|\n|t:|1695168262\n|move|p2a: Corviknight|Drill Peck|p1a: Ribombee\n|-supereffective|p1a: Ribombee\n|-crit|p1a: Ribombee\n|-damage|p1a: Ribombee|0 fnt\n|faint|p1a: Ribombee\n|\n|win|Thehombre\n|raw|GlTurtwig's rating: 1105 &rarr; <strong>1085</strong><br />(-20 for losing)\n|raw|Thehombre's rating: 1179 &rarr; <strong>1199</strong><br />(+20 for winning)\n|l|\u2606GlTurtwig\n", "uploadtime": 1695168265, "views": 3, "p1id": "glturtwig", "p2id": "thehombre", "formatid": "gen9ou", "rating": 1085, "private": 0, "password": ""}