{"id": "gen9ou-1947535975", "p1": "mooood swings", "p2": "SirGallade98", "format": "gen9ou", "log": "|j|\u2606mooood swings\n|j|\u2606SirGallade98\n|t:|1695170262\n|gametype|singles\n|player|p1|mooood swings|morty-masters2|1045\n|player|p2|SirGallade98|266|1000\n|teamsize|p1|6\n|teamsize|p2|6\n|gen|9\n|tier|[Gen 9] OU\n|rated|\n|rule|Sleep Clause Mod: Limit one foe put to sleep\n|rule|Species Clause: Limit one of each Pok\u00e9mon\n|rule|OHKO Clause: OHKO moves are banned\n|rule|Evasion Items Clause: Evasion items are banned\n|rule|Evasion Moves Clause: Evasion moves are banned\n|rule|Endless Battle Clause: Forcing endless battles is banned\n|rule|HP Percentage Mod: HP is shown in percentages\n|clearpoke\n|poke|p1|Ogerpon-Hearthflame, F|\n|poke|p1|Dragapult, M|\n|poke|p1|Toxapex, M|\n|poke|p1|Great Tusk|\n|poke|p1|Hatterene, F|\n|poke|p1|Moltres-Galar|\n|poke|p2|Amoonguss, F|\n|poke|p2|Mamoswine, F|\n|poke|p2|Pelipper, F|\n|poke|p2|Zapdos|\n|poke|p2|Sandslash, M|\n|poke|p2|Gholdengo|\n|teampreview\n|\n|t:|1695170284\n|start\n|switch|p1a: Dragapult|Dragapult, M, shiny|100/100\n|switch|p2a: Sandslash|Sandslash, M|100/100\n|turn|1\n|inactive|Battle timer is ON: inactive players will automatically lose when time's up. (requested by mooood swings)\n|\n|t:|1695170292\n|move|p1a: Dragapult|Draco Meteor|p2a: Sandslash\n|-damage|p2a: Sandslash|0 fnt\n|-unboost|p1a: Dragapult|spa|2\n|faint|p2a: Sandslash\n|\n|upkeep\n|\n|t:|1695170300\n|switch|p2a: Pelipper|Pelipper, F|100/100\n|-weather|RainDance|[from] ability: Drizzle|[of] p2a: Pelipper\n|turn|2\n|\n|t:|1695170306\n|switch|p1a: Toxapex|Toxapex, M|100/100\n|move|p2a: Pelipper|Tailwind|p2a: Pelipper\n|-sidestart|p2: SirGallade98|move: Tailwind\n|\n|-weather|RainDance|[upkeep]\n|upkeep\n|turn|3\n|\n|t:|1695170313\n|move|p2a: Pelipper|U-turn|p1a: Toxapex\n|-resisted|p1a: Toxapex\n|-damage|p1a: Toxapex|98/100\n|-enditem|p1a: Toxapex|Eject Button\n|\n|t:|1695170318\n|switch|p1a: Dragapult|Dragapult, M, shiny|100/100\n|\n|-weather|RainDance|[upkeep]\n|upkeep\n|turn|4\n|\n|t:|1695170333\n|move|p2a: Pelipper|Hurricane|p1a: Dragapult\n|-damage|p1a: Dragapult|32/100\n|-start|p1a: Dragapult|confusion\n|-activate|p1a: Dragapult|confusion\n|-damage|p1a: Dragapult|20/100|[from] confusion\n|\n|-weather|RainDance|[upkeep]\n|upkeep\n|turn|5\n|\n|t:|1695170345\n|switch|p1a: Toxapex|Toxapex, M|100/100\n|move|p2a: Pelipper|Hurricane|p1a: Toxapex\n|-damage|p1a: Toxapex|70/100\n|\n|-weather|RainDance|[upkeep]\n|-sideend|p2: SirGallade98|move: Tailwind\n|upkeep\n|turn|6\n|\n|t:|1695170354\n|move|p2a: Pelipper|Tailwind|p2a: Pelipper\n|-sidestart|p2: SirGallade98|move: Tailwind\n|move|p1a: Toxapex|Toxic|p2a: Pelipper\n|-status|p2a: Pelipper|tox\n|\n|-weather|none\n|-damage|p2a: Pelipper|94/100 tox|[from] psn\n|upkeep\n|turn|7\n|\n|t:|1695170362\n|move|p2a: Pelipper|U-turn|p1a: Toxapex\n|-resisted|p1a: Toxapex\n|-damage|p1a: Toxapex|67/100\n|\n|t:|1695170373\n|switch|p2a: Gholdengo|Gholdengo|100/100|[from] U-turn\n|move|p1a: Toxapex|Recover|p1a: Toxapex\n|-heal|p1a: Toxapex|100/100\n|\n|upkeep\n|turn|8\n|\n|t:|1695170389\n|move|p2a: Gholdengo|Shadow Ball|p1a: Toxapex\n|-damage|p1a: Toxapex|69/100\n|move|p1a: Toxapex|Recover|p1a: Toxapex\n|-heal|p1a: Toxapex|100/100\n|\n|upkeep\n|turn|9\n|\n|t:|1695170398\n|switch|p1a: Moltres|Moltres-Galar|100/100\n|move|p2a: Gholdengo|Shadow Ball|p1a: Moltres\n|-resisted|p1a: Moltres\n|-damage|p1a: Moltres|79/100\n|\n|-sideend|p2: SirGallade98|move: Tailwind\n|upkeep\n|turn|10\n|\n|t:|1695170415\n|switch|p2a: Amoonguss|Amoonguss, F|100/100\n|move|p1a: Moltres|Nasty Plot|p1a: Moltres\n|-boost|p1a: Moltres|spa|2\n|\n|upkeep\n|turn|11\n|\n|t:|1695170426\n|switch|p1a: Family|Ogerpon-Hearthflame, F|100/100\n|-ability|p1a: Family|Mold Breaker\n|move|p2a: Amoonguss|Substitute|p2a: Amoonguss\n|-start|p2a: Amoonguss|Substitute\n|-damage|p2a: Amoonguss|75/100\n|\n|-heal|p2a: Amoonguss|82/100|[from] item: Black Sludge\n|upkeep\n|turn|12\n|\n|t:|1695170436\n|move|p1a: Family|Ivy Cudgel|p2a: Amoonguss\n|-supereffective|p2a: Amoonguss\n|-crit|p2a: Amoonguss\n|-end|p2a: Amoonguss|Substitute\n|move|p2a: Amoonguss|Toxic|p1a: Family\n|-status|p1a: Family|tox\n|\n|-heal|p2a: Amoonguss|88/100|[from] item: Black Sludge\n|-damage|p1a: Family|95/100 tox|[from] psn\n|upkeep\n|turn|13\n|c|\u2606mooood swings|are you sane?\n|\n|t:|1695170446\n|switch|p2a: Pelipper|Pelipper, F|94/100 tox\n|-weather|RainDance|[from] ability: Drizzle|[of] p2a: Pelipper\n|move|p1a: Family|Ivy Cudgel|p2a: Pelipper\n|-resisted|p2a: Pelipper\n|-damage|p2a: Pelipper|79/100 tox\n|\n|-weather|RainDance|[upkeep]\n|-damage|p1a: Family|83/100 tox|[from] psn\n|-damage|p2a: Pelipper|73/100 tox|[from] psn\n|upkeep\n|turn|14\n|\n|t:|1695170457\n|switch|p1a: Toxapex|Toxapex, M|100/100\n|move|p2a: Pelipper|Tailwind|p2a: Pelipper\n|-sidestart|p2: SirGallade98|move: Tailwind\n|\n|-weather|RainDance|[upkeep]\n|-damage|p2a: Pelipper|61/100 tox|[from] psn\n|upkeep\n|turn|15\n|\n|t:|1695170465\n|move|p2a: Pelipper|U-turn|p1a: Toxapex\n|-resisted|p1a: Toxapex\n|-damage|p1a: Toxapex|97/100\n|\n|t:|1695170469\n|switch|p2a: Zapdos|Zapdos|100/100|[from] U-turn\n|-ability|p2a: Zapdos|Pressure\n|move|p1a: Toxapex|Surf|p2a: Zapdos\n|-damage|p2a: Zapdos|74/100\n|\n|-weather|RainDance|[upkeep]\n|upkeep\n|turn|16\n|\n|t:|1695170498\n|switch|p1a: Great Tusk|Great Tusk|100/100\n|move|p2a: Zapdos|Hurricane|p1a: Great Tusk\n|-supereffective|p1a: Great Tusk\n|-damage|p1a: Great Tusk|0 fnt\n|faint|p1a: Great Tusk\n|-end|p1a: Great Tusk|Protosynthesis|[silent]\n|-damage|p2a: Zapdos|64/100|[from] item: Life Orb\n|\n|-weather|RainDance|[upkeep]\n|upkeep\n|\n|t:|1695170508\n|switch|p1a: Toxapex|Toxapex, M|100/100\n|turn|17\n|\n|t:|1695170512\n|move|p2a: Zapdos|Thunder|p1a: Toxapex\n|-supereffective|p1a: Toxapex\n|-damage|p1a: Toxapex|8/100\n|-status|p1a: Toxapex|par\n|-damage|p2a: Zapdos|54/100|[from] item: Life Orb\n|move|p1a: Toxapex|Toxic|p2a: Zapdos\n|-status|p2a: Zapdos|tox\n|\n|-weather|none\n|-damage|p2a: Zapdos|48/100 tox|[from] psn\n|-sideend|p2: SirGallade98|move: Tailwind\n|upkeep\n|turn|18\n|\n|t:|1695170524\n|switch|p1a: Hatterene|Hatterene, F|100/100\n|move|p2a: Zapdos|Roost|p2a: Zapdos\n|-heal|p2a: Zapdos|98/100 tox\n|-singleturn|p2a: Zapdos|move: Roost\n|\n|-damage|p2a: Zapdos|85/100 tox|[from] psn\n|upkeep\n|turn|19\n|\n|t:|1695170536\n|switch|p2a: Gholdengo|Gholdengo|100/100\n|move|p1a: Hatterene|Calm Mind|p1a: Hatterene\n|-boost|p1a: Hatterene|spa|1\n|-boost|p1a: Hatterene|spd|1\n|\n|upkeep\n|turn|20\n|inactive|mooood swings has 120 seconds left.\n|\n|t:|1695170567\n|-terastallize|p1a: Hatterene|Flying\n|move|p2a: Gholdengo|Make It Rain|p1a: Hatterene\n|-damage|p1a: Hatterene|48/100\n|-unboost|p2a: Gholdengo|spa|1\n|move|p1a: Hatterene|Mystical Fire|p2a: Gholdengo\n|-supereffective|p2a: Gholdengo\n|-damage|p2a: Gholdengo|21/100\n|-unboost|p2a: Gholdengo|spa|1\n|\n|-heal|p1a: Hatterene|54/100|[from] item: Leftovers\n|upkeep\n|turn|21\n|inactive|mooood swings has 120 seconds left.\n|inactive|SirGallade98 has 120 seconds left.\n|\n|t:|1695170601\n|switch|p2a: Mamoswine|Mamoswine, F|100/100\n|move|p1a: Hatterene|Draining Kiss|p2a: Mamoswine\n|-damage|p2a: Mamoswine|53/100\n|-heal|p1a: Hatterene|95/100|[from] drain|[of] p2a: Mamoswine\n|\n|-heal|p1a: Hatterene|100/100|[from] item: Leftovers\n|upkeep\n|turn|22\n|inactive|SirGallade98 has 120 seconds left.\n|\n|t:|1695170612\n|move|p2a: Mamoswine|Icicle Spear|p1a: Hatterene\n|-supereffective|p1a: Hatterene\n|-damage|p1a: Hatterene|76/100\n|-supereffective|p1a: Hatterene\n|-damage|p1a: Hatterene|53/100\n|-supereffective|p1a: Hatterene\n|-damage|p1a: Hatterene|32/100\n|-supereffective|p1a: Hatterene\n|-damage|p1a: Hatterene|12/100\n|-hitcount|p1a: Hatterene|4\n|move|p1a: Hatterene|Draining Kiss|p2a: Mamoswine\n|-damage|p2a: Mamoswine|4/100\n|-heal|p1a: Hatterene|53/100|[from] drain|[of] p2a: Mamoswine\n|\n|-heal|p1a: Hatterene|59/100|[from] item: Leftovers\n|upkeep\n|turn|23\n|inactive|SirGallade98 has 120 seconds left.\n|inactive|mooood swings has 120 seconds left.\n|\n|t:|1695170629\n|switch|p1a: Moltres|Moltres-Galar|79/100\n|move|p2a: Mamoswine|Icicle Spear|p1a: Moltres\n|-supereffective|p1a: Moltres\n|-damage|p1a: Moltres|51/100\n|-supereffective|p1a: Moltres\n|-damage|p1a: Moltres|17/100\n|-enditem|p1a: Moltres|Sitrus Berry|[eat]\n|-heal|p1a: Moltres|42/100|[from] item: Sitrus Berry\n|-supereffective|p1a: Moltres\n|-damage|p1a: Moltres|10/100\n|-supereffective|p1a: Moltres\n|-damage|p1a: Moltres|0 fnt\n|faint|p1a: Moltres\n|-hitcount|p1: Moltres|4\n|\n|upkeep\n|\n|t:|1695170632\n|switch|p1a: Dragapult|Dragapult, M, shiny|20/100\n|turn|24\n|\n|t:|1695170645\n|move|p2a: Mamoswine|Ice Shard|p1a: Dragapult\n|-supereffective|p1a: Dragapult\n|-damage|p1a: Dragapult|0 fnt\n|faint|p1a: Dragapult\n|\n|upkeep\n|\n|t:|1695170649\n|switch|p1a: Family|Ogerpon-Hearthflame, F|83/100 tox\n|-ability|p1a: Family|Mold Breaker\n|turn|25\n|\n|t:|1695170656\n|move|p2a: Mamoswine|Ice Shard|p1a: Family\n|-damage|p1a: Family|55/100 tox\n|move|p1a: Family|Ivy Cudgel|p2a: Mamoswine\n|-supereffective|p2a: Mamoswine\n|-damage|p2a: Mamoswine|0 fnt\n|faint|p2a: Mamoswine\n|\n|-damage|p1a: Family|49/100 tox|[from] psn\n|upkeep\n|\n|t:|1695170673\n|switch|p2a: Pelipper|Pelipper, F|61/100 tox\n|-weather|RainDance|[from] ability: Drizzle|[of] p2a: Pelipper\n|turn|26\n|\n|t:|1695170681\n|move|p1a: Family|Substitute|p1a: Family\n|-start|p1a: Family|Substitute\n|-damage|p1a: Family|24/100 tox\n|move|p2a: Pelipper|Hurricane|p1a: Family\n|-supereffective|p1a: Family\n|-end|p1a: Family|Substitute\n|\n|-weather|RainDance|[upkeep]\n|-damage|p1a: Family|12/100 tox|[from] psn\n|-damage|p2a: Pelipper|54/100 tox|[from] psn\n|upkeep\n|turn|27\n|\n|t:|1695170694\n|move|p1a: Family|Ivy Cudgel|p2a: Pelipper\n|-resisted|p2a: Pelipper\n|-damage|p2a: Pelipper|37/100 tox\n|move|p2a: Pelipper|U-turn|p1a: Family\n|-damage|p1a: Family|0 fnt\n|faint|p1a: Family\n|\n|t:|1695170706\n|switch|p2a: Zapdos|Zapdos|85/100 tox|[from] U-turn\n|-ability|p2a: Zapdos|Pressure\n|\n|-weather|RainDance|[upkeep]\n|-damage|p2a: Zapdos|79/100 tox|[from] psn\n|upkeep\n|-message|mooood swings forfeited.\n|\n|win|SirGallade98\n|raw|mooood swings's rating: 1045 &rarr; <strong>1026</strong><br />(-19 for losing)\n|raw|SirGallade98's rating: 1000 &rarr; <strong>1045</strong><br />(+45 for winning)\n|l|\u2606mooood swings\n", "uploadtime": 1695170744, "views": 2, "p1id": "moooodswings", "p2id": "sirgallade98", "formatid": "gen9ou", "rating": 1026, "private": 0, "password": ""}