{"id": "gen9ou-1947522902", "p1": "I'mPlate", "p2": "100VaNS", "format": "gen9ou", "log": "|j|\u2606I'mPlate\n|j|\u2606100VaNS\n|t:|1695168979\n|gametype|singles\n|player|p1|I'mPlate|102|1107\n|player|p2|100VaNS|ethan|1076\n|teamsize|p1|6\n|teamsize|p2|6\n|gen|9\n|tier|[Gen 9] OU\n|rated|\n|rule|Sleep Clause Mod: Limit one foe put to sleep\n|rule|Species Clause: Limit one of each Pok\u00e9mon\n|rule|OHKO Clause: OHKO moves are banned\n|rule|Evasion Items Clause: Evasion items are banned\n|rule|Evasion Moves Clause: Evasion moves are banned\n|rule|Endless Battle Clause: Forcing endless battles is banned\n|rule|HP Percentage Mod: HP is shown in percentages\n|clearpoke\n|poke|p1|Clodsire, M|\n|poke|p1|Ogerpon-Wellspring, F|\n|poke|p1|Zapdos|\n|poke|p1|Politoed, M|\n|poke|p1|Ursaluna-Bloodmoon, M|\n|poke|p1|Furret, F|\n|poke|p2|Great Tusk|\n|poke|p2|Dragapult, M|\n|poke|p2|Ursaluna-Bloodmoon, M|\n|poke|p2|Kingambit, M|\n|poke|p2|Heatran, M|\n|poke|p2|Ogerpon-Cornerstone, F|\n|teampreview\n|inactive|Battle timer is ON: inactive players will automatically lose when time's up. (requested by I'mPlate)\n|\n|t:|1695168996\n|start\n|switch|p1a: Polihoes|Politoed, M|100/100\n|switch|p2a: Great Tusk|Great Tusk, shiny|100/100\n|-weather|RainDance|[from] ability: Drizzle|[of] p1a: Polihoes\n|turn|1\n|\n|t:|1695169025\n|move|p2a: Great Tusk|Thunder Fang|p1a: Polihoes\n|-supereffective|p1a: Polihoes\n|-damage|p1a: Polihoes|55/100\n|move|p1a: Polihoes|Weather Ball|p2a: Great Tusk\n|-supereffective|p2a: Great Tusk\n|-damage|p2a: Great Tusk|23/100\n|\n|-weather|RainDance|[upkeep]\n|upkeep\n|turn|2\n|\n|t:|1695169037\n|move|p2a: Great Tusk|Thunder Fang|p1a: Polihoes|[miss]\n|-miss|p2a: Great Tusk|p1a: Polihoes\n|move|p1a: Polihoes|Weather Ball|p2a: Great Tusk\n|-supereffective|p2a: Great Tusk\n|-damage|p2a: Great Tusk|0 fnt\n|faint|p2a: Great Tusk\n|-end|p2a: Great Tusk|Protosynthesis|[silent]\n|\n|-weather|RainDance|[upkeep]\n|upkeep\n|\n|t:|1695169051\n|switch|p2a: Ogerpon|Ogerpon-Cornerstone, F, shiny|100/100\n|turn|3\n|\n|t:|1695169063\n|move|p2a: Ogerpon|Horn Leech|p1a: Polihoes\n|-supereffective|p1a: Polihoes\n|-damage|p1a: Polihoes|0 fnt\n|faint|p1a: Polihoes\n|\n|-weather|RainDance|[upkeep]\n|upkeep\n|\n|t:|1695169074\n|switch|p1a: Clodsire|Clodsire, M|100/100\n|turn|4\n|\n|t:|1695169096\n|move|p2a: Ogerpon|Horn Leech|p1a: Clodsire\n|-damage|p1a: Clodsire|51/100\n|move|p1a: Clodsire|Toxic|p2a: Ogerpon\n|-status|p2a: Ogerpon|tox\n|\n|-weather|RainDance|[upkeep]\n|-heal|p1a: Clodsire|57/100|[from] item: Leftovers\n|-damage|p2a: Ogerpon|95/100 tox|[from] psn\n|upkeep\n|turn|5\n|\n|t:|1695169106\n|move|p2a: Ogerpon|Horn Leech|p1a: Clodsire\n|-damage|p1a: Clodsire|2/100\n|-heal|p2a: Ogerpon|100/100 tox|[from] drain|[of] p1a: Clodsire\n|move|p1a: Clodsire|Recover|p1a: Clodsire\n|-heal|p1a: Clodsire|52/100\n|\n|-weather|RainDance|[upkeep]\n|-heal|p1a: Clodsire|59/100|[from] item: Leftovers\n|-damage|p2a: Ogerpon|89/100 tox|[from] psn\n|upkeep\n|turn|6\n|\n|t:|1695169120\n|move|p2a: Ogerpon|Horn Leech|p1a: Clodsire\n|-damage|p1a: Clodsire|6/100\n|-heal|p2a: Ogerpon|100/100 tox|[from] drain|[of] p1a: Clodsire\n|move|p1a: Clodsire|Recover|p1a: Clodsire\n|-heal|p1a: Clodsire|56/100\n|\n|-weather|RainDance|[upkeep]\n|-heal|p1a: Clodsire|62/100|[from] item: Leftovers\n|-damage|p2a: Ogerpon|83/100 tox|[from] psn\n|upkeep\n|turn|7\n|\n|t:|1695169132\n|move|p2a: Ogerpon|Horn Leech|p1a: Clodsire\n|-damage|p1a: Clodsire|10/100\n|-heal|p2a: Ogerpon|100/100 tox|[from] drain|[of] p1a: Clodsire\n|move|p1a: Clodsire|Recover|p1a: Clodsire\n|-heal|p1a: Clodsire|60/100\n|\n|-weather|RainDance|[upkeep]\n|-heal|p1a: Clodsire|66/100|[from] item: Leftovers\n|-damage|p2a: Ogerpon|77/100 tox|[from] psn\n|upkeep\n|turn|8\n|\n|t:|1695169144\n|move|p2a: Ogerpon|Horn Leech|p1a: Clodsire\n|-damage|p1a: Clodsire|10/100\n|-heal|p2a: Ogerpon|100/100 tox|[from] drain|[of] p1a: Clodsire\n|move|p1a: Clodsire|Recover|p1a: Clodsire\n|-heal|p1a: Clodsire|60/100\n|\n|-weather|none\n|-heal|p1a: Clodsire|67/100|[from] item: Leftovers\n|-damage|p2a: Ogerpon|71/100 tox|[from] psn\n|upkeep\n|turn|9\n|\n|t:|1695169156\n|move|p2a: Ogerpon|Horn Leech|p1a: Clodsire\n|-damage|p1a: Clodsire|16/100\n|-heal|p2a: Ogerpon|100/100 tox|[from] drain|[of] p1a: Clodsire\n|move|p1a: Clodsire|Recover|p1a: Clodsire\n|-heal|p1a: Clodsire|66/100\n|\n|-heal|p1a: Clodsire|72/100|[from] item: Leftovers\n|-damage|p2a: Ogerpon|65/100 tox|[from] psn\n|upkeep\n|turn|10\n|\n|t:|1695169168\n|move|p2a: Ogerpon|Horn Leech|p1a: Clodsire\n|-damage|p1a: Clodsire|15/100\n|-heal|p2a: Ogerpon|100/100 tox|[from] drain|[of] p1a: Clodsire\n|move|p1a: Clodsire|Recover|p1a: Clodsire\n|-heal|p1a: Clodsire|65/100\n|\n|-heal|p1a: Clodsire|71/100|[from] item: Leftovers\n|-damage|p2a: Ogerpon|59/100 tox|[from] psn\n|upkeep\n|turn|11\n|\n|t:|1695169179\n|move|p2a: Ogerpon|Horn Leech|p1a: Clodsire\n|-damage|p1a: Clodsire|16/100\n|-heal|p2a: Ogerpon|100/100 tox|[from] drain|[of] p1a: Clodsire\n|move|p1a: Clodsire|Recover|p1a: Clodsire\n|-heal|p1a: Clodsire|66/100\n|\n|-heal|p1a: Clodsire|72/100|[from] item: Leftovers\n|-damage|p2a: Ogerpon|53/100 tox|[from] psn\n|upkeep\n|turn|12\n|\n|t:|1695169196\n|move|p2a: Ogerpon|Horn Leech|p1a: Clodsire\n|-damage|p1a: Clodsire|15/100\n|-heal|p2a: Ogerpon|97/100 tox|[from] drain|[of] p1a: Clodsire\n|move|p1a: Clodsire|Recover|p1a: Clodsire\n|-heal|p1a: Clodsire|65/100\n|\n|-heal|p1a: Clodsire|72/100|[from] item: Leftovers\n|-damage|p2a: Ogerpon|43/100 tox|[from] psn\n|upkeep\n|turn|13\n|inactive|I'mPlate has 120 seconds left.\n|\n|t:|1695169216\n|switch|p1a: Woosh|Furret, F|100/100\n|-item|p2a: Ogerpon|Cornerstone Mask|[from] ability: Frisk|[of] p1a: Woosh|[identify]\n|move|p2a: Ogerpon|Horn Leech|p1a: Woosh\n|-damage|p1a: Woosh|38/100\n|-heal|p2a: Ogerpon|82/100 tox|[from] drain|[of] p1a: Woosh\n|\n|-damage|p2a: Ogerpon|22/100 tox|[from] psn\n|upkeep\n|turn|14\n|\n|t:|1695169235\n|switch|p2a: Ursaluna|Ursaluna-Bloodmoon, M|100/100\n|move|p1a: Woosh|Protect||[still]\n|-fail|p1a: Woosh\n|\n|upkeep\n|turn|15\n|\n|t:|1695169242\n|move|p1a: Woosh|U-turn|p2a: Ursaluna\n|-damage|p2a: Ursaluna|91/100\n|\n|t:|1695169247\n|switch|p1a: Clodsire|Clodsire, M|72/100|[from] U-turn\n|move|p2a: Ursaluna|Earth Power|p1a: Clodsire\n|-supereffective|p1a: Clodsire\n|-damage|p1a: Clodsire|13/100\n|\n|-heal|p1a: Clodsire|20/100|[from] item: Leftovers\n|upkeep\n|turn|16\n|\n|t:|1695169257\n|move|p2a: Ursaluna|Earth Power|p1a: Clodsire\n|-supereffective|p1a: Clodsire\n|-damage|p1a: Clodsire|0 fnt\n|faint|p1a: Clodsire\n|\n|upkeep\n|\n|t:|1695169263\n|switch|p1a: Water Absorb?|Ogerpon-Wellspring, F|100/100\n|turn|17\n|\n|t:|1695169282\n|-terastallize|p1a: Water Absorb?|Water\n|detailschange|p1a: Water Absorb?|Ogerpon-Wellspring-Tera, F, tera:Water\n|-ability|p1a: Water Absorb?|Embody Aspect (Wellspring)|boost\n|-boost|p1a: Water Absorb?|spd|1\n|move|p1a: Water Absorb?|Swords Dance|p1a: Water Absorb?\n|-boost|p1a: Water Absorb?|atk|2\n|move|p2a: Ursaluna|Blood Moon|p1a: Water Absorb?\n|-damage|p1a: Water Absorb?|33/100\n|\n|upkeep\n|turn|18\n|\n|t:|1695169296\n|-terastallize|p2a: Ursaluna|Fairy\n|move|p1a: Water Absorb?|Horn Leech|p2a: Ursaluna\n|-damage|p2a: Ursaluna|33/100\n|-heal|p1a: Water Absorb?|75/100|[from] drain|[of] p2a: Ursaluna\n|move|p2a: Ursaluna|Moonblast|p1a: Water Absorb?\n|-damage|p1a: Water Absorb?|30/100\n|\n|upkeep\n|turn|19\n|\n|t:|1695169306\n|move|p1a: Water Absorb?|Horn Leech|p2a: Ursaluna\n|-damage|p2a: Ursaluna|0 fnt\n|-heal|p1a: Water Absorb?|54/100|[from] drain|[of] p2a: Ursaluna\n|faint|p2a: Ursaluna\n|\n|upkeep\n|inactive|100VaNS has 120 seconds left.\n|\n|t:|1695169330\n|switch|p2a: Ogerpon|Ogerpon-Cornerstone, F, shiny|22/100 tox\n|turn|20\n|\n|t:|1695169350\n|move|p1a: Water Absorb?|Horn Leech|p2a: Ogerpon\n|-damage|p2a: Ogerpon|0 fnt\n|-heal|p1a: Water Absorb?|65/100|[from] drain|[of] p2a: Ogerpon\n|faint|p2a: Ogerpon\n|\n|upkeep\n|\n|t:|1695169359\n|switch|p2a: Dragapult|Dragapult, M, shiny|100/100\n|turn|21\n|inactive|I'mPlate has 120 seconds left.\n|\n|t:|1695169399\n|move|p2a: Dragapult|Dragon Darts|p1a: Water Absorb?\n|-damage|p1a: Water Absorb?|28/100\n|-anim|p2a: Dragapult|Dragon Darts|p1a: Water Absorb?\n|-damage|p1a: Water Absorb?|0 fnt\n|faint|p1a: Water Absorb?\n|\n|upkeep\n|\n|t:|1695169422\n|switch|p1a: Ursaluna|Ursaluna-Bloodmoon, M|100/100\n|turn|22\n|\n|t:|1695169432\n|move|p2a: Dragapult|Dragon Darts|p1a: Ursaluna\n|-damage|p1a: Ursaluna|82/100\n|-anim|p2a: Dragapult|Dragon Darts|p1a: Ursaluna\n|-damage|p1a: Ursaluna|63/100\n|move|p1a: Ursaluna|Calm Mind|p1a: Ursaluna\n|-boost|p1a: Ursaluna|spa|1\n|-boost|p1a: Ursaluna|spd|1\n|\n|upkeep\n|turn|23\n|\n|t:|1695169443\n|move|p2a: Dragapult|Dragon Darts|p1a: Ursaluna\n|-damage|p1a: Ursaluna|43/100\n|-anim|p2a: Dragapult|Dragon Darts|p1a: Ursaluna\n|-damage|p1a: Ursaluna|24/100\n|move|p1a: Ursaluna|Earth Power|p2a: Dragapult\n|-damage|p2a: Dragapult|0 fnt\n|faint|p2a: Dragapult\n|-heal|p1a: Ursaluna|33/100|[from] item: Shell Bell|[of] p2: Dragapult\n|\n|upkeep\n|\n|t:|1695169454\n|switch|p2a: Heatran|Heatran, M, shiny|100/100\n|turn|24\n|\n|t:|1695169462\n|move|p2a: Heatran|Earth Power|p1a: Ursaluna\n|-damage|p1a: Ursaluna|6/100\n|move|p1a: Ursaluna|Earth Power|p2a: Heatran\n|-supereffective|p2a: Heatran\n|-damage|p2a: Heatran|0 fnt\n|faint|p2a: Heatran\n|-heal|p1a: Ursaluna|17/100|[from] item: Shell Bell|[of] p2: Heatran\n|\n|upkeep\n|\n|t:|1695169471\n|switch|p2a: Kingambit|Kingambit, M, shiny|100/100\n|-activate|p2a: Kingambit|ability: Supreme Overlord\n|-start|p2a: Kingambit|fallen5|[silent]\n|turn|25\n|\n|t:|1695169478\n|move|p2a: Kingambit|Sucker Punch|p1a: Ursaluna\n|-damage|p1a: Ursaluna|0 fnt\n|faint|p1a: Ursaluna\n|\n|upkeep\n|\n|t:|1695169484\n|switch|p1a: Woosh|Furret, F|38/100\n|-item|p2a: Kingambit|Muscle Band|[from] ability: Frisk|[of] p1a: Woosh|[identify]\n|turn|26\n|\n|t:|1695169494\n|move|p1a: Woosh|Protect|p1a: Woosh\n|-singleturn|p1a: Woosh|Protect\n|move|p2a: Kingambit|Sucker Punch||[still]\n|-fail|p2a: Kingambit\n|\n|upkeep\n|turn|27\n|\n|t:|1695169510\n|move|p2a: Kingambit|Sucker Punch||[still]\n|-fail|p2a: Kingambit\n|move|p1a: Woosh|Tidy Up|p1a: Woosh\n|-boost|p1a: Woosh|atk|1\n|-boost|p1a: Woosh|spe|1\n|\n|upkeep\n|turn|28\n|\n|t:|1695169530\n|move|p2a: Kingambit|Sucker Punch||[still]\n|-fail|p2a: Kingambit\n|move|p1a: Woosh|Tidy Up|p1a: Woosh\n|-boost|p1a: Woosh|atk|1\n|-boost|p1a: Woosh|spe|1\n|\n|upkeep\n|turn|29\n|\n|t:|1695169537\n|move|p2a: Kingambit|Sucker Punch||[still]\n|-fail|p2a: Kingambit\n|move|p1a: Woosh|Tidy Up|p1a: Woosh\n|-boost|p1a: Woosh|atk|1\n|-boost|p1a: Woosh|spe|1\n|\n|upkeep\n|turn|30\n|\n|t:|1695169556\n|move|p1a: Woosh|Tidy Up|p1a: Woosh\n|-boost|p1a: Woosh|atk|1\n|-boost|p1a: Woosh|spe|1\n|move|p2a: Kingambit|Kowtow Cleave|p1a: Woosh\n|-damage|p1a: Woosh|0 fnt\n|faint|p1a: Woosh\n|\n|upkeep\n|\n|t:|1695169563\n|switch|p1a: Shockfist|Zapdos|100/100\n|turn|31\n|\n|t:|1695169569\n|move|p2a: Kingambit|Sucker Punch|p1a: Shockfist\n|-damage|p1a: Shockfist|19/100\n|move|p1a: Shockfist|Thunder|p2a: Kingambit\n|-damage|p2a: Kingambit|46/100\n|-status|p2a: Kingambit|par\n|\n|upkeep\n|turn|32\n|\n|t:|1695169579\n|cant|p2a: Kingambit|par\n|move|p1a: Shockfist|Roost|p1a: Shockfist\n|-heal|p1a: Shockfist|69/100\n|-singleturn|p1a: Shockfist|move: Roost\n|\n|upkeep\n|turn|33\n|\n|t:|1695169593\n|move|p2a: Kingambit|Sucker Punch|p1a: Shockfist\n|-damage|p1a: Shockfist|0 fnt\n|faint|p1a: Shockfist\n|\n|win|100VaNS\n|raw|I&apos;mPlate's rating: 1107 &rarr; <strong>1080</strong><br />(-27 for losing)\n|raw|100VaNS's rating: 1076 &rarr; <strong>1107</strong><br />(+31 for winning)\n|l|\u2606I'mPlate\n", "uploadtime": 1695169603, "views": 2, "p1id": "implate", "p2id": "100vans", "formatid": "gen9ou", "rating": 1080, "private": 0, "password": ""}