{"id": "gen9ou-1947540741", "p1": "CNT JesusGP0000", "p2": "homersaur", "format": "gen9ou", "log": "|j|\u2606CNT JesusGP0000\n|j|\u2606homersaur\n|t:|1695170727\n|gametype|singles\n|player|p1|CNT JesusGP0000|miriam|1136\n|player|p2|homersaur|emmet|1082\n|teamsize|p1|6\n|teamsize|p2|6\n|gen|9\n|tier|[Gen 9] OU\n|rated|\n|rule|Sleep Clause Mod: Limit one foe put to sleep\n|rule|Species Clause: Limit one of each Pok\u00e9mon\n|rule|OHKO Clause: OHKO moves are banned\n|rule|Evasion Items Clause: Evasion items are banned\n|rule|Evasion Moves Clause: Evasion moves are banned\n|rule|Endless Battle Clause: Forcing endless battles is banned\n|rule|HP Percentage Mod: HP is shown in percentages\n|clearpoke\n|poke|p1|Ursaluna-Bloodmoon, M|\n|poke|p1|Dragapult, M|\n|poke|p1|Clefable, M|\n|poke|p1|Dondozo, F|\n|poke|p1|Moltres|\n|poke|p1|Kingambit, M|\n|poke|p2|Garchomp, F|\n|poke|p2|Clefable, F|\n|poke|p2|Kingambit, F|\n|poke|p2|Great Tusk|\n|poke|p2|Leavanny, M|\n|poke|p2|Toxapex, M|\n|teampreview\n|\n|t:|1695170756\n|start\n|switch|p1a: Clefable|Clefable, M|100/100\n|switch|p2a: Clefable|Clefable, F|100/100\n|turn|1\n|\n|t:|1695170765\n|move|p1a: Clefable|Stealth Rock|p2a: Clefable\n|-sidestart|p2: homersaur|move: Stealth Rock\n|move|p2a: Clefable|Flamethrower|p1a: Clefable\n|-damage|p1a: Clefable|77/100\n|\n|-heal|p1a: Clefable|83/100|[from] item: Leftovers\n|upkeep\n|turn|2\n|\n|t:|1695170772\n|switch|p1a: Moltres|Moltres|100/100\n|move|p2a: Clefable|Knock Off|p1a: Moltres\n|-damage|p1a: Moltres|85/100\n|-enditem|p1a: Moltres|Heavy-Duty Boots|[from] move: Knock Off|[of] p2a: Clefable\n|\n|upkeep\n|turn|3\n|\n|t:|1695170781\n|move|p1a: Moltres|Will-O-Wisp|p2a: Clefable\n|-status|p2a: Clefable|brn\n|move|p2a: Clefable|Moonblast|p1a: Moltres\n|-resisted|p1a: Moltres\n|-damage|p1a: Moltres|70/100\n|\n|upkeep\n|turn|4\n|\n|t:|1695170793\n|switch|p2a: Toxapex|Toxapex, M|100/100\n|-damage|p2a: Toxapex|88/100|[from] Stealth Rock\n|move|p1a: Moltres|Hurricane|p2a: Toxapex\n|-damage|p2a: Toxapex|50/100\n|\n|-heal|p2a: Toxapex|57/100|[from] item: Leftovers\n|upkeep\n|turn|5\n|\n|t:|1695170803\n|move|p1a: Moltres|Will-O-Wisp|p2a: Toxapex\n|-status|p2a: Toxapex|brn\n|move|p2a: Toxapex|Recover|p2a: Toxapex\n|-heal|p2a: Toxapex|100/100 brn\n|\n|-damage|p2a: Toxapex|94/100 brn|[from] brn\n|upkeep\n|turn|6\n|\n|t:|1695170811\n|move|p1a: Moltres|Hurricane|p2a: Toxapex\n|-damage|p2a: Toxapex|57/100 brn\n|-start|p2a: Toxapex|confusion\n|-activate|p2a: Toxapex|confusion\n|move|p2a: Toxapex|Toxic|p1a: Moltres\n|-status|p1a: Moltres|tox\n|\n|-heal|p2a: Toxapex|63/100 brn|[from] item: Leftovers\n|-damage|p1a: Moltres|64/100 tox|[from] psn\n|-damage|p2a: Toxapex|57/100 brn|[from] brn\n|upkeep\n|turn|7\n|\n|t:|1695170822\n|switch|p1a: Dondozo|Dondozo, F|100/100\n|-end|p2a: Toxapex|confusion\n|move|p2a: Toxapex|Recover|p2a: Toxapex\n|-heal|p2a: Toxapex|100/100 brn\n|\n|-damage|p2a: Toxapex|94/100 brn|[from] brn\n|upkeep\n|turn|8\n|\n|t:|1695170830\n|move|p2a: Toxapex|Toxic|p1a: Dondozo\n|-status|p1a: Dondozo|tox\n|move|p1a: Dondozo|Liquidation|p2a: Toxapex\n|-resisted|p2a: Toxapex\n|-damage|p2a: Toxapex|82/100 brn\n|\n|-heal|p2a: Toxapex|88/100 brn|[from] item: Leftovers\n|-damage|p1a: Dondozo|94/100 tox|[from] psn\n|-damage|p2a: Toxapex|82/100 brn|[from] brn\n|upkeep\n|turn|9\n|\n|t:|1695170841\n|move|p2a: Toxapex|Baneful Bunker|p2a: Toxapex\n|-singleturn|p2a: Toxapex|move: Protect\n|move|p1a: Dondozo|Liquidation|p2a: Toxapex\n|-activate|p2a: Toxapex|move: Protect\n|\n|-heal|p2a: Toxapex|88/100 brn|[from] item: Leftovers\n|-damage|p1a: Dondozo|82/100 tox|[from] psn\n|-damage|p2a: Toxapex|82/100 brn|[from] brn\n|upkeep\n|turn|10\n|\n|t:|1695170855\n|move|p2a: Toxapex|Toxic|p1a: Dondozo\n|-fail|p1a: Dondozo|tox\n|move|p1a: Dondozo|Liquidation|p2a: Toxapex\n|-resisted|p2a: Toxapex\n|-damage|p2a: Toxapex|69/100 brn\n|-unboost|p2a: Toxapex|def|1\n|\n|-heal|p2a: Toxapex|76/100 brn|[from] item: Leftovers\n|-damage|p1a: Dondozo|64/100 tox|[from] psn\n|-damage|p2a: Toxapex|69/100 brn|[from] brn\n|upkeep\n|turn|11\n|\n|t:|1695170867\n|move|p2a: Toxapex|Recover|p2a: Toxapex\n|-heal|p2a: Toxapex|100/100 brn\n|move|p1a: Dondozo|Rest|p1a: Dondozo\n|-status|p1a: Dondozo|slp|[from] move: Rest\n|-heal|p1a: Dondozo|100/100 slp|[silent]\n|\n|-damage|p2a: Toxapex|94/100 brn|[from] brn\n|upkeep\n|turn|12\n|\n|t:|1695170876\n|move|p2a: Toxapex|Toxic||[still]\n|-fail|p2a: Toxapex\n|cant|p1a: Dondozo|slp\n|move|p1a: Dondozo|Sleep Talk|p1a: Dondozo\n|move|p1a: Dondozo|Body Press|p2a: Toxapex|[from]move: Sleep Talk\n|-resisted|p2a: Toxapex\n|-damage|p2a: Toxapex|82/100 brn\n|\n|-heal|p2a: Toxapex|88/100 brn|[from] item: Leftovers\n|-damage|p2a: Toxapex|82/100 brn|[from] brn\n|upkeep\n|turn|13\n|\n|t:|1695170886\n|move|p2a: Toxapex|Baneful Bunker|p2a: Toxapex\n|-singleturn|p2a: Toxapex|move: Protect\n|cant|p1a: Dondozo|slp\n|move|p1a: Dondozo|Sleep Talk|p1a: Dondozo\n|move|p1a: Dondozo|Rest||[from]move: Sleep Talk|[still]\n|-fail|p1a: Dondozo\n|\n|-heal|p2a: Toxapex|88/100 brn|[from] item: Leftovers\n|-damage|p2a: Toxapex|82/100 brn|[from] brn\n|upkeep\n|turn|14\n|\n|t:|1695170898\n|move|p2a: Toxapex|Toxic||[still]\n|-fail|p2a: Toxapex\n|-curestatus|p1a: Dondozo|slp|[msg]\n|move|p1a: Dondozo|Liquidation|p2a: Toxapex\n|-resisted|p2a: Toxapex\n|-damage|p2a: Toxapex|71/100 brn\n|-unboost|p2a: Toxapex|def|1\n|\n|-heal|p2a: Toxapex|77/100 brn|[from] item: Leftovers\n|-damage|p2a: Toxapex|71/100 brn|[from] brn\n|upkeep\n|turn|15\n|\n|t:|1695170914\n|switch|p1a: Kingambit|Kingambit, M|100/100\n|move|p2a: Toxapex|Haze|p2a: Toxapex\n|-clearallboost\n|\n|-heal|p2a: Toxapex|77/100 brn|[from] item: Leftovers\n|-damage|p2a: Toxapex|71/100 brn|[from] brn\n|upkeep\n|turn|16\n|\n|t:|1695170924\n|move|p1a: Kingambit|Kowtow Cleave|p2a: Toxapex\n|-damage|p2a: Toxapex|27/100 brn\n|move|p2a: Toxapex|Recover|p2a: Toxapex\n|-heal|p2a: Toxapex|77/100 brn\n|\n|-heal|p2a: Toxapex|83/100 brn|[from] item: Leftovers\n|-damage|p2a: Toxapex|77/100 brn|[from] brn\n|upkeep\n|turn|17\n|\n|t:|1695170933\n|switch|p2a: Great Tusk|Great Tusk|100/100\n|-enditem|p2a: Great Tusk|Booster Energy\n|-activate|p2a: Great Tusk|ability: Protosynthesis|[fromitem]\n|-start|p2a: Great Tusk|protosynthesisatk\n|-damage|p2a: Great Tusk|97/100|[from] Stealth Rock\n|move|p1a: Kingambit|Swords Dance|p1a: Kingambit\n|-boost|p1a: Kingambit|atk|2\n|\n|upkeep\n|turn|18\n|\n|t:|1695170945\n|-end|p1a: Kingambit|fallenundefined|[silent]\n|switch|p1a: Moltres|Moltres|64/100 tox\n|move|p2a: Great Tusk|Earthquake|p1a: Moltres\n|-immune|p1a: Moltres\n|\n|-damage|p1a: Moltres|58/100 tox|[from] psn\n|upkeep\n|turn|19\n|\n|t:|1695170953\n|move|p2a: Great Tusk|Rapid Spin|p1a: Moltres\n|-damage|p1a: Moltres|36/100 tox\n|-boost|p2a: Great Tusk|spe|1\n|-sideend|p2: homersaur|Stealth Rock|[from] move: Rapid Spin|[of] p2a: Great Tusk\n|move|p1a: Moltres|Roost|p1a: Moltres\n|-heal|p1a: Moltres|86/100 tox\n|-singleturn|p1a: Moltres|move: Roost\n|\n|-damage|p1a: Moltres|74/100 tox|[from] psn\n|upkeep\n|turn|20\n|\n|t:|1695170963\n|move|p2a: Great Tusk|Earthquake|p1a: Moltres\n|-immune|p1a: Moltres\n|move|p1a: Moltres|Will-O-Wisp|p2a: Great Tusk|[miss]\n|-miss|p1a: Moltres|p2a: Great Tusk\n|\n|-damage|p1a: Moltres|56/100 tox|[from] psn\n|upkeep\n|turn|21\n|\n|t:|1695170980\n|-end|p2a: Great Tusk|Protosynthesis|[silent]\n|switch|p2a: Toxapex|Toxapex, M|100/100 brn\n|move|p1a: Moltres|Will-O-Wisp|p2a: Toxapex\n|-fail|p2a: Toxapex|brn\n|\n|-damage|p1a: Moltres|32/100 tox|[from] psn\n|-damage|p2a: Toxapex|94/100 brn|[from] brn\n|upkeep\n|turn|22\n|\n|t:|1695170990\n|switch|p1a: Clefable|Clefable, M|83/100\n|move|p2a: Toxapex|Toxic|p1a: Clefable\n|-status|p1a: Clefable|tox\n|\n|-heal|p1a: Clefable|90/100 tox|[from] item: Leftovers\n|-heal|p2a: Toxapex|100/100 brn|[from] item: Leftovers\n|-damage|p2a: Toxapex|94/100 brn|[from] brn\n|upkeep\n|turn|23\n|\n|t:|1695171000\n|switch|p2a: Kingambit|Kingambit, F|100/100\n|move|p1a: Clefable|Stealth Rock|p2a: Kingambit\n|-sidestart|p2: homersaur|move: Stealth Rock\n|\n|-heal|p1a: Clefable|96/100 tox|[from] item: Leftovers\n|upkeep\n|turn|24\n|\n|t:|1695171007\n|switch|p1a: Dondozo|Dondozo, F|100/100\n|move|p2a: Kingambit|Swords Dance|p2a: Kingambit\n|-boost|p2a: Kingambit|atk|2\n|\n|upkeep\n|turn|25\n|\n|t:|1695171019\n|-terastallize|p2a: Kingambit|Ghost\n|move|p2a: Kingambit|Swords Dance|p2a: Kingambit\n|-boost|p2a: Kingambit|atk|2\n|move|p1a: Dondozo|Body Press|p2a: Kingambit\n|-immune|p2a: Kingambit\n|\n|upkeep\n|turn|26\n|\n|t:|1695171028\n|move|p2a: Kingambit|Low Kick|p1a: Dondozo\n|-damage|p1a: Dondozo|80/100\n|move|p1a: Dondozo|Liquidation|p2a: Kingambit\n|-damage|p2a: Kingambit|81/100\n|\n|upkeep\n|turn|27\n|\n|t:|1695171035\n|move|p2a: Kingambit|Sucker Punch|p1a: Dondozo\n|-damage|p1a: Dondozo|59/100\n|move|p1a: Dondozo|Liquidation|p2a: Kingambit\n|-damage|p2a: Kingambit|59/100\n|-unboost|p2a: Kingambit|def|1\n|\n|upkeep\n|turn|28\n|\n|t:|1695171055\n|move|p2a: Kingambit|Low Kick|p1a: Dondozo\n|-damage|p1a: Dondozo|36/100\n|move|p1a: Dondozo|Liquidation|p2a: Kingambit\n|-damage|p2a: Kingambit|35/100\n|\n|upkeep\n|turn|29\n|\n|t:|1695171062\n|move|p2a: Kingambit|Low Kick|p1a: Dondozo\n|-damage|p1a: Dondozo|13/100\n|move|p1a: Dondozo|Rest|p1a: Dondozo\n|-status|p1a: Dondozo|slp|[from] move: Rest\n|-heal|p1a: Dondozo|100/100 slp|[silent]\n|\n|upkeep\n|turn|30\n|\n|t:|1695171069\n|move|p2a: Kingambit|Low Kick|p1a: Dondozo\n|-damage|p1a: Dondozo|80/100 slp\n|cant|p1a: Dondozo|slp\n|move|p1a: Dondozo|Sleep Talk|p1a: Dondozo\n|move|p1a: Dondozo|Liquidation|p2a: Kingambit|[from]move: Sleep Talk\n|-damage|p2a: Kingambit|13/100\n|\n|upkeep\n|turn|31\n|\n|t:|1695171077\n|move|p2a: Kingambit|Low Kick|p1a: Dondozo\n|-damage|p1a: Dondozo|58/100 slp\n|cant|p1a: Dondozo|slp\n|move|p1a: Dondozo|Sleep Talk|p1a: Dondozo\n|move|p1a: Dondozo|Body Press|p2a: Kingambit|[from]move: Sleep Talk\n|-immune|p2a: Kingambit\n|\n|upkeep\n|turn|32\n|\n|t:|1695171092\n|-end|p2a: Kingambit|fallenundefined|[silent]\n|switch|p2a: Clefable|Clefable, F|100/100 brn\n|-curestatus|p1a: Dondozo|slp|[msg]\n|move|p1a: Dondozo|Rest|p1a: Dondozo\n|-status|p1a: Dondozo|slp|[from] move: Rest\n|-heal|p1a: Dondozo|100/100 slp|[silent]\n|\n|upkeep\n|turn|33\n|\n|t:|1695171106\n|move|p2a: Clefable|Moonblast|p1a: Dondozo\n|-damage|p1a: Dondozo|61/100 slp\n|cant|p1a: Dondozo|slp\n|move|p1a: Dondozo|Sleep Talk|p1a: Dondozo\n|move|p1a: Dondozo|Body Press|p2a: Clefable|[from]move: Sleep Talk\n|-resisted|p2a: Clefable\n|-damage|p2a: Clefable|81/100 brn\n|\n|-heal|p2a: Clefable|87/100 brn|[from] item: Leftovers\n|upkeep\n|turn|34\n|\n|t:|1695171116\n|switch|p1a: Moltres|Moltres|32/100 tox\n|move|p2a: Clefable|Moonblast|p1a: Moltres\n|-resisted|p1a: Moltres\n|-damage|p1a: Moltres|18/100 tox\n|\n|-heal|p2a: Clefable|93/100 brn|[from] item: Leftovers\n|-damage|p1a: Moltres|12/100 tox|[from] psn\n|upkeep\n|turn|35\n|\n|t:|1695171125\n|move|p1a: Moltres|Roost|p1a: Moltres\n|-heal|p1a: Moltres|62/100 tox\n|-singleturn|p1a: Moltres|move: Roost\n|move|p2a: Clefable|Knock Off|p1a: Moltres\n|-damage|p1a: Moltres|57/100 tox\n|\n|-heal|p2a: Clefable|99/100 brn|[from] item: Leftovers\n|-damage|p1a: Moltres|45/100 tox|[from] psn\n|upkeep\n|turn|36\n|\n|t:|1695171136\n|move|p1a: Moltres|Roost|p1a: Moltres\n|-heal|p1a: Moltres|95/100 tox\n|-singleturn|p1a: Moltres|move: Roost\n|move|p2a: Clefable|Moonblast|p1a: Moltres\n|-resisted|p1a: Moltres\n|-damage|p1a: Moltres|80/100 tox\n|-unboost|p1a: Moltres|spa|1\n|\n|-heal|p2a: Clefable|100/100 brn|[from] item: Leftovers\n|-damage|p1a: Moltres|62/100 tox|[from] psn\n|upkeep\n|turn|37\n|\n|t:|1695171147\n|switch|p1a: Clefable|Clefable, M|96/100 tox\n|move|p2a: Clefable|Moonblast|p1a: Clefable\n|-damage|p1a: Clefable|57/100 tox\n|-unboost|p1a: Clefable|spa|1\n|\n|-heal|p1a: Clefable|63/100 tox|[from] item: Leftovers\n|upkeep\n|turn|38\n|\n|t:|1695171156\n|move|p1a: Clefable|Wish|p1a: Clefable\n|move|p2a: Clefable|Moonblast|p1a: Clefable\n|-damage|p1a: Clefable|27/100 tox\n|\n|-heal|p1a: Clefable|33/100 tox|[from] item: Leftovers\n|upkeep\n|turn|39\n|\n|t:|1695171164\n|move|p1a: Clefable|Protect|p1a: Clefable\n|-singleturn|p1a: Clefable|Protect\n|move|p2a: Clefable|Moonblast|p1a: Clefable\n|-activate|p1a: Clefable|move: Protect\n|\n|-heal|p1a: Clefable|83/100 tox|[from] move: Wish|[wisher] Clefable\n|-heal|p1a: Clefable|89/100 tox|[from] item: Leftovers\n|upkeep\n|turn|40\n|\n|t:|1695171173\n|move|p1a: Clefable|Wish|p1a: Clefable\n|move|p2a: Clefable|Moonblast|p1a: Clefable\n|-damage|p1a: Clefable|51/100 tox\n|-unboost|p1a: Clefable|spa|1\n|\n|-heal|p1a: Clefable|57/100 tox|[from] item: Leftovers\n|upkeep\n|turn|41\n|\n|t:|1695171181\n|switch|p1a: Moltres|Moltres|62/100 tox\n|move|p2a: Clefable|Knock Off|p1a: Moltres\n|-damage|p1a: Moltres|57/100 tox\n|\n|-heal|p1a: Moltres|100/100 tox|[from] move: Wish|[wisher] Clefable\n|-damage|p1a: Moltres|94/100 tox|[from] psn\n|upkeep\n|turn|42\n|\n|t:|1695171190\n|move|p1a: Moltres|Hurricane|p2a: Clefable\n|-damage|p2a: Clefable|63/100 brn\n|move|p2a: Clefable|Moonblast|p1a: Moltres\n|-resisted|p1a: Moltres\n|-damage|p1a: Moltres|80/100 tox\n|\n|-heal|p2a: Clefable|69/100 brn|[from] item: Leftovers\n|-damage|p1a: Moltres|68/100 tox|[from] psn\n|upkeep\n|turn|43\n|\n|t:|1695171199\n|move|p1a: Moltres|Hurricane|p2a: Clefable\n|-damage|p2a: Clefable|34/100 brn\n|move|p2a: Clefable|Moonlight|p2a: Clefable\n|-heal|p2a: Clefable|84/100 brn\n|\n|-heal|p2a: Clefable|90/100 brn|[from] item: Leftovers\n|-damage|p1a: Moltres|50/100 tox|[from] psn\n|upkeep\n|turn|44\n|\n|t:|1695171211\n|switch|p1a: Clefable|Clefable, M|57/100 tox\n|move|p2a: Clefable|Moonblast|p1a: Clefable\n|-damage|p1a: Clefable|19/100 tox\n|\n|-heal|p1a: Clefable|25/100 tox|[from] item: Leftovers\n|-heal|p2a: Clefable|96/100 brn|[from] item: Leftovers\n|upkeep\n|turn|45\n|\n|t:|1695171220\n|move|p1a: Clefable|Protect|p1a: Clefable\n|-singleturn|p1a: Clefable|Protect\n|move|p2a: Clefable|Moonblast|p1a: Clefable\n|-activate|p1a: Clefable|move: Protect\n|\n|-heal|p1a: Clefable|31/100 tox|[from] item: Leftovers\n|-heal|p2a: Clefable|100/100 brn|[from] item: Leftovers\n|upkeep\n|turn|46\n|\n|t:|1695171228\n|switch|p1a: Moltres|Moltres|50/100 tox\n|move|p2a: Clefable|Moonblast|p1a: Moltres\n|-resisted|p1a: Moltres\n|-damage|p1a: Moltres|35/100 tox\n|\n|-damage|p1a: Moltres|29/100 tox|[from] psn\n|upkeep\n|turn|47\n|\n|t:|1695171238\n|move|p1a: Moltres|Hurricane|p2a: Clefable|[miss]\n|-miss|p1a: Moltres|p2a: Clefable\n|move|p2a: Clefable|Moonblast|p1a: Moltres\n|-resisted|p1a: Moltres\n|-damage|p1a: Moltres|16/100 tox\n|\n|-damage|p1a: Moltres|4/100 tox|[from] psn\n|upkeep\n|turn|48\n|\n|t:|1695171246\n|move|p1a: Moltres|Roost|p1a: Moltres\n|-heal|p1a: Moltres|54/100 tox\n|-singleturn|p1a: Moltres|move: Roost\n|move|p2a: Clefable|Moonblast|p1a: Moltres\n|-resisted|p1a: Moltres\n|-damage|p1a: Moltres|39/100 tox\n|-unboost|p1a: Moltres|spa|1\n|\n|-damage|p1a: Moltres|21/100 tox|[from] psn\n|upkeep\n|turn|49\n|\n|t:|1695171256\n|switch|p1a: Kingambit|Kingambit, M|100/100\n|move|p2a: Clefable|Moonblast|p1a: Kingambit\n|-damage|p1a: Kingambit|64/100\n|-unboost|p1a: Kingambit|spa|1\n|\n|-heal|p1a: Kingambit|70/100|[from] item: Leftovers\n|upkeep\n|turn|50\n|\n|t:|1695171265\n|move|p1a: Kingambit|Swords Dance|p1a: Kingambit\n|-boost|p1a: Kingambit|atk|2\n|move|p2a: Clefable|Flamethrower|p1a: Kingambit\n|-supereffective|p1a: Kingambit\n|-damage|p1a: Kingambit|22/100\n|\n|-heal|p1a: Kingambit|28/100|[from] item: Leftovers\n|upkeep\n|turn|51\n|\n|t:|1695171273\n|move|p1a: Kingambit|Iron Head|p2a: Clefable\n|-supereffective|p2a: Clefable\n|-damage|p2a: Clefable|0 fnt\n|faint|p2a: Clefable\n|\n|-heal|p1a: Kingambit|34/100|[from] item: Leftovers\n|upkeep\n|\n|t:|1695171294\n|switch|p2a: Leavanny|Leavanny, M|100/100\n|-damage|p2a: Leavanny|75/100|[from] Stealth Rock\n|turn|52\n|\n|t:|1695171300\n|move|p1a: Kingambit|Sucker Punch|p2a: Leavanny\n|-damage|p2a: Leavanny|0 fnt\n|faint|p2a: Leavanny\n|\n|-heal|p1a: Kingambit|41/100|[from] item: Leftovers\n|upkeep\n|\n|t:|1695171305\n|switch|p2a: Kingambit|Kingambit, F, tera:Ghost|13/100\n|-damage|p2a: Kingambit|0 fnt|[from] Stealth Rock\n|faint|p2a: Kingambit\n|-end|p2a: Kingambit|fallenundefined|[silent]\n|\n|t:|1695171309\n|switch|p2a: OUmaniac|Garchomp, F|100/100\n|-damage|p2a: OUmaniac|94/100|[from] Stealth Rock\n|turn|53\n|\n|t:|1695171316\n|-end|p1a: Kingambit|fallenundefined|[silent]\n|switch|p1a: Moltres|Moltres|21/100 tox\n|move|p2a: OUmaniac|Earth Power|p1a: Moltres\n|-immune|p1a: Moltres\n|\n|-damage|p1a: Moltres|15/100 tox|[from] psn\n|upkeep\n|turn|54\n|\n|t:|1695171324\n|move|p2a: OUmaniac|Flamethrower|p1a: Moltres\n|-resisted|p1a: Moltres\n|-damage|p1a: Moltres|5/100 tox\n|move|p1a: Moltres|Roost|p1a: Moltres\n|-heal|p1a: Moltres|55/100 tox\n|-singleturn|p1a: Moltres|move: Roost\n|\n|-damage|p1a: Moltres|43/100 tox|[from] psn\n|upkeep\n|turn|55\n|\n|t:|1695171348\n|move|p2a: OUmaniac|Flamethrower|p1a: Moltres\n|-resisted|p1a: Moltres\n|-damage|p1a: Moltres|34/100 tox\n|move|p1a: Moltres|Roost|p1a: Moltres\n|-heal|p1a: Moltres|84/100 tox\n|-singleturn|p1a: Moltres|move: Roost\n|\n|-damage|p1a: Moltres|66/100 tox|[from] psn\n|upkeep\n|turn|56\n|\n|t:|1695171357\n|move|p2a: OUmaniac|Scale Shot|p1a: Moltres\n|-damage|p1a: Moltres|55/100 tox\n|-damage|p1a: Moltres|44/100 tox\n|-damage|p1a: Moltres|33/100 tox\n|-damage|p1a: Moltres|23/100 tox\n|-hitcount|p1a: Moltres|4\n|-unboost|p2a: OUmaniac|def|1\n|-boost|p2a: OUmaniac|spe|1\n|move|p1a: Moltres|Hurricane|p2a: OUmaniac\n|-crit|p2a: OUmaniac\n|-damage|p2a: OUmaniac|9/100\n|\n|-damage|p1a: Moltres|0 fnt|[from] psn\n|faint|p1a: Moltres\n|upkeep\n|\n|t:|1695171366\n|switch|p1a: Dondozo|Dondozo, F|61/100 slp\n|turn|57\n|\n|t:|1695171374\n|move|p2a: OUmaniac|Scale Shot|p1a: Dondozo\n|-damage|p1a: Dondozo|56/100 slp\n|-damage|p1a: Dondozo|51/100 slp\n|-damage|p1a: Dondozo|46/100 slp\n|-damage|p1a: Dondozo|41/100 slp\n|-hitcount|p1a: Dondozo|4\n|-unboost|p2a: OUmaniac|def|1\n|-boost|p2a: OUmaniac|spe|1\n|cant|p1a: Dondozo|slp\n|move|p1a: Dondozo|Sleep Talk|p1a: Dondozo\n|move|p1a: Dondozo|Body Press|p2a: OUmaniac|[from]move: Sleep Talk\n|-damage|p2a: OUmaniac|0 fnt\n|-damage|p1a: Dondozo|28/100 slp|[from] ability: Rough Skin|[of] p2a: OUmaniac\n|faint|p2a: OUmaniac\n|\n|upkeep\n|\n|t:|1695171390\n|switch|p2a: Toxapex|Toxapex, M|100/100 brn\n|-damage|p2a: Toxapex|88/100 brn|[from] Stealth Rock\n|turn|58\n|\n|t:|1695171396\n|switch|p2a: Great Tusk|Great Tusk|97/100\n|-damage|p2a: Great Tusk|94/100|[from] Stealth Rock\n|-curestatus|p1a: Dondozo|slp|[msg]\n|move|p1a: Dondozo|Rest|p1a: Dondozo\n|-status|p1a: Dondozo|slp|[from] move: Rest\n|-heal|p1a: Dondozo|100/100 slp|[silent]\n|\n|upkeep\n|turn|59\n|\n|t:|1695171408\n|move|p2a: Great Tusk|Earthquake|p1a: Dondozo\n|-damage|p1a: Dondozo|80/100 slp\n|cant|p1a: Dondozo|slp\n|move|p1a: Dondozo|Sleep Talk|p1a: Dondozo\n|move|p1a: Dondozo|Body Press|p2a: Great Tusk|[from]move: Sleep Talk\n|-damage|p2a: Great Tusk|76/100\n|\n|upkeep\n|turn|60\n|\n|t:|1695171445\n|move|p2a: Great Tusk|Knock Off|p1a: Dondozo\n|-damage|p1a: Dondozo|66/100 slp\n|-enditem|p1a: Dondozo|Heavy-Duty Boots|[from] move: Knock Off|[of] p2a: Great Tusk\n|cant|p1a: Dondozo|slp\n|move|p1a: Dondozo|Sleep Talk|p1a: Dondozo\n|move|p1a: Dondozo|Liquidation|p2a: Great Tusk|[from]move: Sleep Talk\n|-supereffective|p2a: Great Tusk\n|-damage|p2a: Great Tusk|39/100\n|\n|upkeep\n|turn|61\n|\n|t:|1695171455\n|move|p2a: Great Tusk|Earthquake|p1a: Dondozo\n|-damage|p1a: Dondozo|45/100 slp\n|-curestatus|p1a: Dondozo|slp|[msg]\n|move|p1a: Dondozo|Liquidation|p2a: Great Tusk\n|-supereffective|p2a: Great Tusk\n|-damage|p2a: Great Tusk|0 fnt\n|faint|p2a: Great Tusk\n|-end|p2a: Great Tusk|Protosynthesis|[silent]\n|\n|upkeep\n|c|\u2606CNT JesusGP0000|gg\n|\n|t:|1695171463\n|switch|p2a: Toxapex|Toxapex, M|100/100 brn\n|-damage|p2a: Toxapex|88/100 brn|[from] Stealth Rock\n|turn|62\n|c|\u2606homersaur|gg\n|\n|t:|1695171469\n|switch|p1a: Kingambit|Kingambit, M|41/100\n|-activate|p1a: Kingambit|ability: Supreme Overlord\n|-start|p1a: Kingambit|fallen1|[silent]\n|move|p2a: Toxapex|Toxic|p1a: Kingambit\n|-immune|p1a: Kingambit\n|\n|-heal|p1a: Kingambit|47/100|[from] item: Leftovers\n|-heal|p2a: Toxapex|94/100 brn|[from] item: Leftovers\n|-damage|p2a: Toxapex|88/100 brn|[from] brn\n|upkeep\n|turn|63\n|\n|t:|1695171480\n|move|p1a: Kingambit|Swords Dance|p1a: Kingambit\n|-boost|p1a: Kingambit|atk|2\n|move|p2a: Toxapex|Haze|p2a: Toxapex\n|-clearallboost\n|\n|-heal|p1a: Kingambit|53/100|[from] item: Leftovers\n|-heal|p2a: Toxapex|94/100 brn|[from] item: Leftovers\n|-damage|p2a: Toxapex|88/100 brn|[from] brn\n|upkeep\n|turn|64\n|\n|t:|1695171490\n|move|p1a: Kingambit|Swords Dance|p1a: Kingambit\n|-boost|p1a: Kingambit|atk|2\n|move|p2a: Toxapex|Haze|p2a: Toxapex\n|-clearallboost\n|\n|-heal|p1a: Kingambit|59/100|[from] item: Leftovers\n|-heal|p2a: Toxapex|94/100 brn|[from] item: Leftovers\n|-damage|p2a: Toxapex|88/100 brn|[from] brn\n|upkeep\n|turn|65\n|c|\u2606homersaur|nuh uh\n|\n|t:|1695171500\n|move|p1a: Kingambit|Kowtow Cleave|p2a: Toxapex\n|-damage|p2a: Toxapex|44/100 brn\n|move|p2a: Toxapex|Haze|p2a: Toxapex\n|-clearallboost\n|\n|-heal|p1a: Kingambit|66/100|[from] item: Leftovers\n|-heal|p2a: Toxapex|51/100 brn|[from] item: Leftovers\n|-damage|p2a: Toxapex|44/100 brn|[from] brn\n|upkeep\n|turn|66\n|\n|t:|1695171533\n|move|p1a: Kingambit|Sucker Punch||[still]\n|-fail|p1a: Kingambit\n|move|p2a: Toxapex|Recover|p2a: Toxapex\n|-heal|p2a: Toxapex|95/100 brn\n|\n|-heal|p1a: Kingambit|72/100|[from] item: Leftovers\n|-heal|p2a: Toxapex|100/100 brn|[from] item: Leftovers\n|-damage|p2a: Toxapex|94/100 brn|[from] brn\n|upkeep\n|turn|67\n|\n|t:|1695171543\n|move|p1a: Kingambit|Kowtow Cleave|p2a: Toxapex\n|-damage|p2a: Toxapex|51/100 brn\n|move|p2a: Toxapex|Haze|p2a: Toxapex\n|-clearallboost\n|\n|-heal|p1a: Kingambit|78/100|[from] item: Leftovers\n|-heal|p2a: Toxapex|57/100 brn|[from] item: Leftovers\n|-damage|p2a: Toxapex|51/100 brn|[from] brn\n|upkeep\n|turn|68\n|\n|t:|1695171570\n|move|p1a: Kingambit|Kowtow Cleave|p2a: Toxapex\n|-damage|p2a: Toxapex|3/100 brn\n|move|p2a: Toxapex|Recover|p2a: Toxapex\n|-heal|p2a: Toxapex|53/100 brn\n|\n|-heal|p1a: Kingambit|84/100|[from] item: Leftovers\n|-heal|p2a: Toxapex|59/100 brn|[from] item: Leftovers\n|-damage|p2a: Toxapex|53/100 brn|[from] brn\n|upkeep\n|turn|69\n|j| will of lips\n|\n|t:|1695171580\n|move|p1a: Kingambit|Kowtow Cleave|p2a: Toxapex\n|-damage|p2a: Toxapex|6/100 brn\n|move|p2a: Toxapex|Recover|p2a: Toxapex\n|-heal|p2a: Toxapex|56/100 brn\n|\n|-heal|p1a: Kingambit|91/100|[from] item: Leftovers\n|-heal|p2a: Toxapex|62/100 brn|[from] item: Leftovers\n|-damage|p2a: Toxapex|56/100 brn|[from] brn\n|upkeep\n|turn|70\n|c| will of lips|y si le metes timer ? (ideas)\n|\n|t:|1695171603\n|move|p1a: Kingambit|Kowtow Cleave|p2a: Toxapex\n|-damage|p2a: Toxapex|13/100 brn\n|move|p2a: Toxapex|Haze|p2a: Toxapex\n|-clearallboost\n|\n|-heal|p1a: Kingambit|97/100|[from] item: Leftovers\n|-heal|p2a: Toxapex|19/100 brn|[from] item: Leftovers\n|-damage|p2a: Toxapex|13/100 brn|[from] brn\n|upkeep\n|turn|71\n|c|\u2606homersaur|gg\n|\n|t:|1695171626\n|move|p1a: Kingambit|Kowtow Cleave|p2a: Toxapex\n|-damage|p2a: Toxapex|0 fnt\n|faint|p2a: Toxapex\n|\n|win|CNT JesusGP0000\n|raw|CNT JesusGP0000's rating: 1136 &rarr; <strong>1157</strong><br />(+21 for winning)\n|raw|homersaur's rating: 1082 &rarr; <strong>1063</strong><br />(-19 for losing)\n|l| will of lips\n|c|\u2606CNT JesusGP0000|era stall\n|l|\u2606homersaur\n", "uploadtime": 1695171657, "views": 4, "p1id": "cntjesusgp0000", "p2id": "homersaur", "formatid": "gen9ou", "rating": 1063, "private": 0, "password": ""}