{"id": "gen9ou-1947507035", "p1": "Orekeeper", "p2": "tsubakill", "format": "gen9ou", "log": "|j|\u2606Orekeeper\n|j|\u2606tsubakill\n|t:|1695167407\n|gametype|singles\n|player|p1|Orekeeper|170|1271\n|player|p2|tsubakill|kimonogirl-gen2|1266\n|teamsize|p1|6\n|teamsize|p2|6\n|gen|9\n|tier|[Gen 9] OU\n|rated|\n|rule|Sleep Clause Mod: Limit one foe put to sleep\n|rule|Species Clause: Limit one of each Pok\u00e9mon\n|rule|OHKO Clause: OHKO moves are banned\n|rule|Evasion Items Clause: Evasion items are banned\n|rule|Evasion Moves Clause: Evasion moves are banned\n|rule|Endless Battle Clause: Forcing endless battles is banned\n|rule|HP Percentage Mod: HP is shown in percentages\n|clearpoke\n|poke|p1|Ninetales-Alola, M|\n|poke|p1|Hawlucha, F|\n|poke|p1|Amoonguss, F|\n|poke|p1|Cloyster, F|\n|poke|p1|Cetitan, F|\n|poke|p1|Ursaluna-Bloodmoon, M|\n|poke|p2|Moltres|\n|poke|p2|Krookodile, M|\n|poke|p2|Empoleon, F|\n|poke|p2|Enamorus, F|\n|poke|p2|Kingambit, M|\n|poke|p2|Iron Valiant|\n|teampreview\n|l|\u2606tsubakill\n|player|p2|\n|j|\u2606tsubakill\n|player|p2|tsubakill|kimonogirl-gen2\n|\n|t:|1695167480\n|start\n|switch|p1a: Hawlucha|Hawlucha, F|100/100\n|switch|p2a: Kingambit|Kingambit, M|100/100\n|-ability|p1a: Hawlucha|Mold Breaker\n|turn|1\n|inactive|Battle timer is ON: inactive players will automatically lose when time's up. (requested by tsubakill)\n|\n|t:|1695167485\n|-end|p2a: Kingambit|fallenundefined|[silent]\n|switch|p2a: Moltres|Moltres|100/100\n|move|p1a: Hawlucha|Close Combat|p2a: Moltres\n|-resisted|p2a: Moltres\n|-damage|p2a: Moltres|83/100\n|-unboost|p1a: Hawlucha|def|1\n|-unboost|p1a: Hawlucha|spd|1\n|\n|upkeep\n|turn|2\n|\n|t:|1695167499\n|switch|p1a: Ursaluna|Ursaluna-Bloodmoon, M|100/100\n|move|p2a: Moltres|Will-O-Wisp|p1a: Ursaluna\n|-status|p1a: Ursaluna|brn\n|\n|-damage|p1a: Ursaluna|94/100 brn|[from] brn\n|upkeep\n|turn|3\n|\n|t:|1695167509\n|switch|p2a: Empoleon|Empoleon, F|100/100\n|switch|p1a: Ninetales|Ninetales-Alola, M|100/100\n|-weather|Snow|[from] ability: Snow Warning|[of] p1a: Ninetales\n|\n|-weather|Snow|[upkeep]\n|upkeep\n|turn|4\n|\n|t:|1695167515\n|move|p1a: Ninetales|Aurora Veil|p1a: Ninetales\n|-sidestart|p1: Orekeeper|move: Aurora Veil\n|move|p2a: Empoleon|Flip Turn|p1a: Ninetales\n|-damage|p1a: Ninetales|91/100\n|\n|t:|1695167543\n|switch|p2a: Kingambit|Kingambit, M|100/100|[from] Flip Turn\n|\n|-weather|Snow|[upkeep]\n|upkeep\n|turn|5\n|\n|t:|1695167550\n|switch|p1a: Ursaluna|Ursaluna-Bloodmoon, M|94/100 brn\n|move|p2a: Kingambit|Iron Head|p1a: Ursaluna\n|-damage|p1a: Ursaluna|82/100 brn\n|\n|-weather|Snow|[upkeep]\n|-heal|p1a: Ursaluna|88/100 brn|[from] item: Leftovers\n|-damage|p1a: Ursaluna|82/100 brn|[from] brn\n|upkeep\n|turn|6\n|\n|t:|1695167566\n|-end|p2a: Kingambit|fallenundefined|[silent]\n|switch|p2a: Empoleon|Empoleon, F|100/100\n|move|p1a: Ursaluna|Calm Mind|p1a: Ursaluna\n|-boost|p1a: Ursaluna|spa|1\n|-boost|p1a: Ursaluna|spd|1\n|\n|-weather|Snow|[upkeep]\n|-heal|p1a: Ursaluna|88/100 brn|[from] item: Leftovers\n|-damage|p1a: Ursaluna|82/100 brn|[from] brn\n|upkeep\n|turn|7\n|inactive|Orekeeper has 120 seconds left.\n|l|\u2606Orekeeper\n|inactive|Orekeeper disconnected and has a minute to reconnect!\n|player|p1|\n|inactive|Orekeeper has 30 seconds to reconnect!\n|inactive|Orekeeper has 20 seconds to reconnect!\n|inactive|Orekeeper has 15 seconds to reconnect!\n|inactive|Orekeeper has 10 seconds to reconnect!\n|j|\u2606Orekeeper\n|inactive|Orekeeper reconnected and has 70 seconds left.\n|player|p1|Orekeeper|170\n|\n|t:|1695167651\n|move|p1a: Ursaluna|Calm Mind|p1a: Ursaluna\n|-boost|p1a: Ursaluna|spa|1\n|-boost|p1a: Ursaluna|spd|1\n|move|p2a: Empoleon|Roar|p1a: Ursaluna\n|drag|p1a: Cloyster|Cloyster, F|100/100\n|\n|-weather|none\n|upkeep\n|turn|8\n|\n|t:|1695167660\n|switch|p1a: Amoonguss|Amoonguss, F|100/100\n|move|p2a: Empoleon|Roar|p1a: Amoonguss\n|drag|p1a: Ninetales|Ninetales-Alola, M|91/100\n|-weather|Snow|[from] ability: Snow Warning|[of] p1a: Ninetales\n|\n|-weather|Snow|[upkeep]\n|upkeep\n|turn|9\n|\n|t:|1695167670\n|switch|p1a: Amoonguss|Amoonguss, F|100/100\n|move|p2a: Empoleon|Knock Off|p1a: Amoonguss\n|-crit|p1a: Amoonguss\n|-damage|p1a: Amoonguss|68/100\n|-enditem|p1a: Amoonguss|Eject Button|[from] move: Knock Off|[of] p2a: Empoleon\n|\n|-weather|Snow|[upkeep]\n|upkeep\n|turn|10\n|\n|t:|1695167684\n|switch|p2a: Moltres|Moltres|83/100\n|move|p1a: Amoonguss|Spore|p2a: Moltres\n|-status|p2a: Moltres|slp|[from] move: Spore\n|\n|-weather|Snow|[upkeep]\n|upkeep\n|turn|11\n|inactive|Orekeeper has 90 seconds left.\n|\n|t:|1695167701\n|switch|p2a: Empoleon|Empoleon, F|100/100\n|switch|p1a: Ninetales|Ninetales-Alola, M|91/100\n|\n|-weather|Snow|[upkeep]\n|-sideend|p1: Orekeeper|move: Aurora Veil\n|upkeep\n|turn|12\n|\n|t:|1695167711\n|switch|p1a: Amoonguss|Amoonguss, F|100/100\n|move|p2a: Empoleon|Knock Off|p1a: Amoonguss\n|-damage|p1a: Amoonguss|88/100\n|\n|-weather|none\n|upkeep\n|turn|13\n|inactive|Orekeeper has 90 seconds left.\n|\n|t:|1695167720\n|move|p2a: Empoleon|Flip Turn|p1a: Amoonguss\n|-resisted|p1a: Amoonguss\n|-damage|p1a: Amoonguss|78/100\n|\n|t:|1695167727\n|switch|p2a: Enamorus|Enamorus, F|100/100|[from] Flip Turn\n|move|p1a: Amoonguss|Foul Play|p2a: Enamorus\n|-resisted|p2a: Enamorus\n|-damage|p2a: Enamorus|86/100\n|\n|upkeep\n|turn|14\n|\n|t:|1695167735\n|move|p2a: Enamorus|Psychic|p1a: Amoonguss\n|-supereffective|p1a: Amoonguss\n|-damage|p1a: Amoonguss|11/100\n|move|p1a: Amoonguss|Sludge Bomb|p2a: Enamorus\n|-supereffective|p2a: Enamorus\n|-damage|p2a: Enamorus|7/100\n|\n|upkeep\n|turn|15\n|\n|t:|1695167749\n|switch|p1a: Ninetales|Ninetales-Alola, M|91/100\n|-weather|Snow|[from] ability: Snow Warning|[of] p1a: Ninetales\n|move|p2a: Enamorus|Psychic|p1a: Ninetales\n|-damage|p1a: Ninetales|47/100\n|\n|-weather|Snow|[upkeep]\n|upkeep\n|turn|16\n|\n|t:|1695167759\n|switch|p2a: Moltres|Moltres|83/100 slp\n|move|p1a: Ninetales|Aurora Veil|p1a: Ninetales\n|-sidestart|p1: Orekeeper|move: Aurora Veil\n|\n|-weather|Snow|[upkeep]\n|upkeep\n|turn|17\n|\n|t:|1695167772\n|switch|p1a: Cetitan|Cetitan, F|100/100\n|cant|p2a: Moltres|slp\n|\n|-weather|Snow|[upkeep]\n|upkeep\n|turn|18\n|\n|t:|1695167779\n|move|p1a: Cetitan|Substitute|p1a: Cetitan\n|-start|p1a: Cetitan|Substitute\n|-damage|p1a: Cetitan|75/100\n|cant|p2a: Moltres|slp\n|\n|-weather|Snow|[upkeep]\n|upkeep\n|turn|19\n|\n|t:|1695167781\n|move|p1a: Cetitan|Belly Drum|p1a: Cetitan\n|-damage|p1a: Cetitan|25/100\n|-setboost|p1a: Cetitan|atk|6|[from] move: Belly Drum\n|-enditem|p1a: Cetitan|Salac Berry|[eat]\n|-boost|p1a: Cetitan|spe|1|[from] item: Salac Berry\n|cant|p2a: Moltres|slp\n|\n|-weather|none\n|upkeep\n|turn|20\n|\n|t:|1695167790\n|move|p1a: Cetitan|Icicle Crash|p2a: Moltres\n|-damage|p2a: Moltres|0 fnt\n|faint|p2a: Moltres\n|\n|upkeep\n|\n|t:|1695167816\n|switch|p2a: Empoleon|Empoleon, F|100/100\n|turn|21\n|\n|t:|1695167819\n|switch|p2a: Enamorus|Enamorus, F|7/100\n|move|p1a: Cetitan|Earthquake|p2a: Enamorus\n|-immune|p2a: Enamorus\n|\n|upkeep\n|turn|22\n|\n|t:|1695167824\n|switch|p2a: Empoleon|Empoleon, F|100/100\n|move|p1a: Cetitan|Icicle Crash|p2a: Empoleon\n|-resisted|p2a: Empoleon\n|-damage|p2a: Empoleon|69/100\n|\n|-heal|p2a: Empoleon|75/100|[from] item: Leftovers\n|upkeep\n|turn|23\n|\n|t:|1695167842\n|move|p1a: Cetitan|Earthquake|p2a: Empoleon\n|-supereffective|p2a: Empoleon\n|-damage|p2a: Empoleon|0 fnt\n|faint|p2a: Empoleon\n|\n|-sideend|p1: Orekeeper|move: Aurora Veil\n|upkeep\n|\n|t:|1695167861\n|switch|p2a: Kingambit|Kingambit, M|100/100\n|-activate|p2a: Kingambit|ability: Supreme Overlord\n|-start|p2a: Kingambit|fallen2|[silent]\n|turn|24\n|\n|t:|1695167876\n|-terastallize|p2a: Kingambit|Flying\n|move|p1a: Cetitan|Earthquake|p2a: Kingambit\n|-immune|p2a: Kingambit\n|move|p2a: Kingambit|Iron Head|p1a: Cetitan\n|-supereffective|p1a: Cetitan\n|-end|p1a: Cetitan|Substitute\n|\n|upkeep\n|turn|25\n|\n|t:|1695167879\n|move|p2a: Kingambit|Sucker Punch||[still]\n|-fail|p2a: Kingambit\n|move|p1a: Cetitan|Substitute|p1a: Cetitan\n|-fail|p1a: Cetitan|move: Substitute|[weak]\n|\n|upkeep\n|turn|26\n|\n|t:|1695167884\n|move|p1a: Cetitan|Substitute|p1a: Cetitan\n|-fail|p1a: Cetitan|move: Substitute|[weak]\n|move|p2a: Kingambit|Iron Head|p1a: Cetitan\n|-supereffective|p1a: Cetitan\n|-damage|p1a: Cetitan|0 fnt\n|faint|p1a: Cetitan\n|\n|upkeep\n|\n|t:|1695167889\n|switch|p1a: Ninetales|Ninetales-Alola, M|47/100\n|-weather|Snow|[from] ability: Snow Warning|[of] p1a: Ninetales\n|turn|27\n|\n|t:|1695167903\n|-end|p2a: Kingambit|fallen2|[silent]\n|switch|p2a: Krookodile|Krookodile, M|100/100\n|move|p1a: Ninetales|Aurora Veil|p1a: Ninetales\n|-sidestart|p1: Orekeeper|move: Aurora Veil\n|\n|-weather|Snow|[upkeep]\n|upkeep\n|turn|28\n|\n|t:|1695167910\n|switch|p1a: Cloyster|Cloyster, F|100/100\n|move|p2a: Krookodile|Stealth Rock|p1a: Cloyster\n|-sidestart|p1: Orekeeper|move: Stealth Rock\n|\n|-weather|Snow|[upkeep]\n|upkeep\n|turn|29\n|\n|t:|1695167923\n|switch|p2a: Kingambit|Kingambit, M, tera:Flying|100/100\n|-activate|p2a: Kingambit|ability: Supreme Overlord\n|-start|p2a: Kingambit|fallen2|[silent]\n|move|p1a: Cloyster|Shell Smash|p1a: Cloyster\n|-unboost|p1a: Cloyster|def|1\n|-unboost|p1a: Cloyster|spd|1\n|-boost|p1a: Cloyster|atk|2\n|-boost|p1a: Cloyster|spa|2\n|-boost|p1a: Cloyster|spe|2\n|-enditem|p1a: Cloyster|White Herb\n|-clearnegativeboost|p1a: Cloyster|[silent]\n|\n|-weather|Snow|[upkeep]\n|upkeep\n|turn|30\n|\n|t:|1695167938\n|move|p1a: Cloyster|Icicle Spear|p2a: Kingambit\n|-supereffective|p2a: Kingambit\n|-damage|p2a: Kingambit|72/100\n|-supereffective|p2a: Kingambit\n|-damage|p2a: Kingambit|42/100\n|-supereffective|p2a: Kingambit\n|-damage|p2a: Kingambit|10/100\n|-supereffective|p2a: Kingambit\n|-damage|p2a: Kingambit|0 fnt\n|faint|p2a: Kingambit\n|-end|p2a: Kingambit|fallen2|[silent]\n|-hitcount|p2: Kingambit|4\n|\n|-weather|Snow|[upkeep]\n|upkeep\n|\n|t:|1695167942\n|switch|p2a: Iron Valiant|Iron Valiant|100/100\n|-enditem|p2a: Iron Valiant|Booster Energy\n|-activate|p2a: Iron Valiant|ability: Quark Drive|[fromitem]\n|-start|p2a: Iron Valiant|quarkdrivespe\n|turn|31\n|\n|t:|1695167948\n|move|p2a: Iron Valiant|Aura Sphere|p1a: Cloyster\n|-supereffective|p1a: Cloyster\n|-damage|p1a: Cloyster|0 fnt\n|faint|p1a: Cloyster\n|\n|-weather|none\n|upkeep\n|l|\u2606Orekeeper\n|inactive|Orekeeper disconnected and has a minute to reconnect!\n|player|p1|\n|inactive|Orekeeper has 30 seconds to reconnect!\n|inactive|Orekeeper has 20 seconds to reconnect!\n|j|\u2606Orekeeper\n|inactive|Orekeeper reconnected and has 95 seconds left.\n|player|p1|Orekeeper|janitor\n|\n|t:|1695168008\n|switch|p1a: Ursaluna|Ursaluna-Bloodmoon, M|82/100 brn\n|-damage|p1a: Ursaluna|76/100 brn|[from] Stealth Rock\n|turn|32\n|inactive|tsubakill has 120 seconds left.\n|l|\u2606Orekeeper\n|inactive|Orekeeper disconnected and has a minute to reconnect!\n|player|p1|\n|\n|t:|1695168051\n|-end|p2a: Iron Valiant|Quark Drive|[silent]\n|switch|p2a: Enamorus|Enamorus, F|7/100\n|move|p1a: Ursaluna|Blood Moon|p2a: Enamorus\n|-damage|p2a: Enamorus|0 fnt\n|faint|p2a: Enamorus\n|\n|-heal|p1a: Ursaluna|82/100 brn|[from] item: Leftovers\n|-damage|p1a: Ursaluna|76/100 brn|[from] brn\n|upkeep\n|j|\u2606Orekeeper\n|inactive|Orekeeper reconnected.\n|player|p1|Orekeeper|janitor\n|\n|t:|1695168073\n|switch|p2a: Krookodile|Krookodile, M|100/100\n|turn|33\n|\n|t:|1695168080\n|move|p2a: Krookodile|Close Combat|p1a: Ursaluna\n|-supereffective|p1a: Ursaluna\n|-damage|p1a: Ursaluna|57/100 brn\n|-unboost|p2a: Krookodile|def|1\n|-unboost|p2a: Krookodile|spd|1\n|move|p1a: Ursaluna|Calm Mind|p1a: Ursaluna\n|-boost|p1a: Ursaluna|spa|1\n|-boost|p1a: Ursaluna|spd|1\n|\n|-heal|p1a: Ursaluna|63/100 brn|[from] item: Leftovers\n|-damage|p1a: Ursaluna|57/100 brn|[from] brn\n|upkeep\n|turn|34\n|inactive|Orekeeper has 120 seconds left.\n|\n|t:|1695168087\n|move|p2a: Krookodile|Close Combat|p1a: Ursaluna\n|-supereffective|p1a: Ursaluna\n|-damage|p1a: Ursaluna|38/100 brn\n|-unboost|p2a: Krookodile|def|1\n|-unboost|p2a: Krookodile|spd|1\n|move|p1a: Ursaluna|Calm Mind|p1a: Ursaluna\n|-boost|p1a: Ursaluna|spa|1\n|-boost|p1a: Ursaluna|spd|1\n|\n|-heal|p1a: Ursaluna|44/100 brn|[from] item: Leftovers\n|-damage|p1a: Ursaluna|38/100 brn|[from] brn\n|-sideend|p1: Orekeeper|move: Aurora Veil\n|upkeep\n|turn|35\n|\n|t:|1695168090\n|move|p1a: Ursaluna|Vacuum Wave|p2a: Krookodile\n|-supereffective|p2a: Krookodile\n|-damage|p2a: Krookodile|0 fnt\n|faint|p2a: Krookodile\n|\n|-heal|p1a: Ursaluna|44/100 brn|[from] item: Leftovers\n|-damage|p1a: Ursaluna|38/100 brn|[from] brn\n|upkeep\n|\n|t:|1695168092\n|switch|p2a: Iron Valiant|Iron Valiant|100/100\n|turn|36\n|\n|t:|1695168102\n|-terastallize|p1a: Ursaluna|Water\n|move|p2a: Iron Valiant|Aura Sphere|p1a: Ursaluna\n|-damage|p1a: Ursaluna|16/100 brn\n|move|p1a: Ursaluna|Blood Moon|p2a: Iron Valiant\n|-damage|p2a: Iron Valiant|0 fnt\n|faint|p2a: Iron Valiant\n|-end|p2a: Iron Valiant|Quark Drive|[silent]\n|\n|win|Orekeeper\n|raw|Orekeeper's rating: 1271 &rarr; <strong>1296</strong><br />(+25 for winning)\n|raw|tsubakill's rating: 1266 &rarr; <strong>1241</strong><br />(-25 for losing)\n", "uploadtime": 1695168113, "views": 1, "p1id": "orekeeper", "p2id": "tsubakill", "formatid": "gen9ou", "rating": 1241, "private": 0, "password": ""}