{"id": "gen9ou-1947540117", "p1": "Dragon Gucci", "p2": "Caesura18", "format": "gen9ou", "log": "|j|\u2606Dragon Gucci\n|j|\u2606Caesura18\n|t:|1695170667\n|gametype|singles\n|player|p1|Dragon Gucci|cheryl|1417\n|player|p2|Caesura18|ghetsis-gen5bw|1390\n|teamsize|p1|6\n|teamsize|p2|6\n|gen|9\n|tier|[Gen 9] OU\n|rated|\n|rule|Sleep Clause Mod: Limit one foe put to sleep\n|rule|Species Clause: Limit one of each Pok\u00e9mon\n|rule|OHKO Clause: OHKO moves are banned\n|rule|Evasion Items Clause: Evasion items are banned\n|rule|Evasion Moves Clause: Evasion moves are banned\n|rule|Endless Battle Clause: Forcing endless battles is banned\n|rule|HP Percentage Mod: HP is shown in percentages\n|clearpoke\n|poke|p1|Manaphy|\n|poke|p1|Shaymin|\n|poke|p1|Moltres|\n|poke|p1|Clodsire, M|\n|poke|p1|Mamoswine, F|\n|poke|p1|Dragapult, M|\n|poke|p2|Weavile, M|\n|poke|p2|Slowking-Galar, F|\n|poke|p2|Dragapult, M|\n|poke|p2|Cinderace, F|\n|poke|p2|Rotom-Wash|\n|poke|p2|Enamorus, F|\n|teampreview\n|\n|t:|1695170682\n|start\n|switch|p1a: Clodsire|Clodsire, M|100/100\n|switch|p2a: Weavile|Weavile, M|100/100\n|-ability|p2a: Weavile|Pressure\n|turn|1\n|\n|t:|1695170687\n|switch|p1a: Moltres|Moltres|100/100\n|move|p2a: Weavile|Ice Spinner|p1a: Moltres\n|-damage|p1a: Moltres|73/100\n|-status|p2a: Weavile|brn|[from] ability: Flame Body|[of] p1a: Moltres\n|\n|-damage|p2a: Weavile|94/100 brn|[from] brn\n|upkeep\n|turn|2\n|\n|t:|1695170693\n|move|p2a: Weavile|Knock Off|p1a: Moltres\n|-damage|p1a: Moltres|57/100\n|-enditem|p1a: Moltres|Heavy-Duty Boots|[from] move: Knock Off|[of] p2a: Weavile\n|move|p1a: Moltres|U-turn|p2a: Weavile\n|-supereffective|p2a: Weavile\n|-damage|p2a: Weavile|45/100 brn\n|\n|t:|1695170712\n|switch|p1a: Dragapult|Dragapult, M|100/100|[from] U-turn\n|\n|-damage|p2a: Weavile|39/100 brn|[from] brn\n|upkeep\n|turn|3\n|\n|t:|1695170714\n|move|p1a: Dragapult|Substitute|p1a: Dragapult\n|-start|p1a: Dragapult|Substitute\n|-damage|p1a: Dragapult|76/100\n|move|p2a: Weavile|Knock Off|p1a: Dragapult\n|-supereffective|p1a: Dragapult\n|-end|p1a: Dragapult|Substitute\n|\n|-heal|p1a: Dragapult|82/100|[from] item: Leftovers\n|-damage|p2a: Weavile|33/100 brn|[from] brn\n|upkeep\n|turn|4\n|\n|t:|1695170717\n|move|p2a: Weavile|Ice Shard|p1a: Dragapult\n|-supereffective|p1a: Dragapult\n|-crit|p1a: Dragapult\n|-damage|p1a: Dragapult|38/100\n|move|p1a: Dragapult|Dragon Darts|p2a: Weavile\n|-damage|p2a: Weavile|0 fnt\n|faint|p2a: Weavile\n|\n|-heal|p1a: Dragapult|44/100|[from] item: Leftovers\n|upkeep\n|inactive|Battle timer is ON: inactive players will automatically lose when time's up. (requested by Dragon Gucci)\n|\n|t:|1695170751\n|switch|p2a: Enamorus|Enamorus, F|100/100\n|turn|5\n|\n|t:|1695170759\n|switch|p1a: Clodsire|Clodsire, M|100/100\n|move|p2a: Enamorus|Psychic|p1a: Clodsire\n|-supereffective|p1a: Clodsire\n|-damage|p1a: Clodsire|50/100\n|\n|upkeep\n|turn|6\n|\n|t:|1695170773\n|switch|p1a: Shaymin|Shaymin|100/100\n|move|p2a: Enamorus|Psychic|p1a: Shaymin\n|-damage|p1a: Shaymin|52/100\n|\n|upkeep\n|turn|7\n|inactive|Caesura18 has 120 seconds left.\n|\n|t:|1695170817\n|switch|p1a: Clodsire|Clodsire, M|50/100\n|switch|p2a: Slowking|Slowking-Galar, F|100/100\n|\n|upkeep\n|turn|8\n|\n|t:|1695170821\n|move|p1a: Clodsire|Stealth Rock|p2a: Slowking\n|-sidestart|p2: Caesura18|move: Stealth Rock\n|move|p2a: Slowking|Future Sight|p1a: Clodsire\n|-start|p2a: Slowking|move: Future Sight\n|\n|upkeep\n|turn|9\n|\n|t:|1695170826\n|move|p1a: Clodsire|Recover|p1a: Clodsire\n|-heal|p1a: Clodsire|99/100\n|move|p2a: Slowking|Chilly Reception|p2a: Slowking\n|-weather|Snow\n|\n|t:|1695170828\n|switch|p2a: Cinderace|Cinderace, F|100/100|[from] Chilly Reception\n|\n|-weather|Snow|[upkeep]\n|upkeep\n|turn|10\n|\n|t:|1695170834\n|move|p2a: Cinderace|Court Change|p2a: Cinderace\n|-swapsideconditions\n|-activate|p2a: Cinderace|move: Court Change\n|move|p1a: Clodsire|Toxic|p2a: Cinderace\n|-status|p2a: Cinderace|tox\n|\n|-weather|Snow|[upkeep]\n|-end|p1a: Clodsire|move: Future Sight\n|-supereffective|p1a: Clodsire\n|-damage|p1a: Clodsire|54/100\n|-damage|p2a: Cinderace|94/100 tox|[from] psn\n|upkeep\n|turn|11\n|\n|t:|1695170838\n|move|p2a: Cinderace|U-turn|p1a: Clodsire\n|-resisted|p1a: Clodsire\n|-damage|p1a: Clodsire|43/100\n|\n|t:|1695170841\n|switch|p2a: Enamorus|Enamorus, F|100/100|[from] U-turn\n|move|p1a: Clodsire|Stealth Rock|p2a: Enamorus\n|-sidestart|p2: Caesura18|move: Stealth Rock\n|\n|-weather|Snow|[upkeep]\n|upkeep\n|turn|12\n|\n|t:|1695170848\n|move|p2a: Enamorus|Psychic|p1a: Clodsire\n|-supereffective|p1a: Clodsire\n|-damage|p1a: Clodsire|0 fnt\n|faint|p1a: Clodsire\n|\n|-weather|Snow|[upkeep]\n|upkeep\n|\n|t:|1695170851\n|switch|p1a: Mamoswine|Mamoswine, F|100/100\n|-damage|p1a: Mamoswine|88/100|[from] Stealth Rock\n|turn|13\n|inactive|Caesura18 has 120 seconds left.\n|\n|t:|1695170902\n|switch|p2a: Rotom|Rotom-Wash|100/100\n|-damage|p2a: Rotom|88/100|[from] Stealth Rock\n|move|p1a: Mamoswine|Icicle Crash|p2a: Rotom\n|-resisted|p2a: Rotom\n|-damage|p2a: Rotom|52/100\n|\n|-weather|none\n|-heal|p2a: Rotom|58/100|[from] item: Leftovers\n|upkeep\n|turn|14\n|\n|t:|1695170911\n|switch|p1a: Shaymin|Shaymin|52/100\n|-damage|p1a: Shaymin|40/100|[from] Stealth Rock\n|move|p2a: Rotom|Hydro Pump|p1a: Shaymin\n|-resisted|p1a: Shaymin\n|-damage|p1a: Shaymin|19/100\n|\n|-heal|p2a: Rotom|64/100|[from] item: Leftovers\n|upkeep\n|turn|15\n|\n|t:|1695170915\n|move|p1a: Shaymin|Seed Flare|p2a: Rotom\n|-supereffective|p2a: Rotom\n|-damage|p2a: Rotom|0 fnt\n|faint|p2a: Rotom\n|\n|upkeep\n|\n|t:|1695170919\n|switch|p2a: Slowking|Slowking-Galar, F|100/100\n|turn|16\n|\n|t:|1695170931\n|switch|p1a: Mamoswine|Mamoswine, F|88/100\n|-damage|p1a: Mamoswine|76/100|[from] Stealth Rock\n|move|p2a: Slowking|Sludge Bomb|p1a: Mamoswine\n|-resisted|p1a: Mamoswine\n|-damage|p1a: Mamoswine|54/100\n|-status|p1a: Mamoswine|psn\n|\n|-damage|p1a: Mamoswine|41/100 psn|[from] psn\n|upkeep\n|turn|17\n|\n|t:|1695170938\n|move|p1a: Mamoswine|Knock Off|p2a: Slowking\n|-supereffective|p2a: Slowking\n|-damage|p2a: Slowking|29/100\n|-enditem|p2a: Slowking|Heavy-Duty Boots|[from] move: Knock Off|[of] p1a: Mamoswine\n|move|p2a: Slowking|Chilly Reception|p2a: Slowking\n|-weather|Snow\n|\n|t:|1695170946\n|switch|p2a: Cinderace|Cinderace, F|94/100 tox|[from] Chilly Reception\n|\n|-weather|Snow|[upkeep]\n|-damage|p2a: Cinderace|88/100 tox|[from] psn\n|-damage|p1a: Mamoswine|29/100 psn|[from] psn\n|upkeep\n|turn|18\n|\n|t:|1695170950\n|switch|p1a: Moltres|Moltres|57/100\n|-damage|p1a: Moltres|7/100|[from] Stealth Rock\n|move|p2a: Cinderace|Pyro Ball|p1a: Moltres\n|-resisted|p1a: Moltres\n|-damage|p1a: Moltres|0 fnt\n|faint|p1a: Moltres\n|\n|-weather|Snow|[upkeep]\n|-damage|p2a: Cinderace|76/100 tox|[from] psn\n|upkeep\n|\n|t:|1695170962\n|switch|p1a: Shaymin|Shaymin|19/100\n|-damage|p1a: Shaymin|6/100|[from] Stealth Rock\n|turn|19\n|\n|t:|1695170965\n|move|p1a: Shaymin|Healing Wish|p1a: Shaymin\n|faint|p1a: Shaymin\n|move|p2a: Cinderace|Pyro Ball|p1: Shaymin|[notarget]\n|-fail|p2a: Cinderace\n|\n|-weather|Snow|[upkeep]\n|-damage|p2a: Cinderace|57/100 tox|[from] psn\n|upkeep\n|\n|t:|1695170974\n|switch|p1a: Mamoswine|Mamoswine, F|29/100 psn\n|-heal|p1a: Mamoswine|100/100|[from] move: Healing Wish\n|-damage|p1a: Mamoswine|88/100|[from] Stealth Rock\n|turn|20\n|\n|t:|1695170977\n|switch|p1a: Dragapult|Dragapult, M|44/100\n|-damage|p1a: Dragapult|32/100|[from] Stealth Rock\n|move|p2a: Cinderace|Will-O-Wisp|p1a: Dragapult\n|-status|p1a: Dragapult|brn\n|\n|-weather|Snow|[upkeep]\n|-heal|p1a: Dragapult|38/100 brn|[from] item: Leftovers\n|-damage|p2a: Cinderace|33/100 tox|[from] psn\n|-damage|p1a: Dragapult|32/100 brn|[from] brn\n|upkeep\n|turn|21\n|\n|t:|1695170986\n|switch|p2a: Slowking|Slowking-Galar, F|62/100\n|-damage|p2a: Slowking|50/100|[from] Stealth Rock\n|move|p1a: Dragapult|Hex|p2a: Slowking\n|-supereffective|p2a: Slowking\n|-damage|p2a: Slowking|7/100\n|\n|-weather|none\n|-heal|p1a: Dragapult|38/100 brn|[from] item: Leftovers\n|-damage|p1a: Dragapult|32/100 brn|[from] brn\n|upkeep\n|turn|22\n|\n|t:|1695170991\n|move|p1a: Dragapult|Hex|p2a: Slowking\n|-supereffective|p2a: Slowking\n|-damage|p2a: Slowking|0 fnt\n|faint|p2a: Slowking\n|\n|-heal|p1a: Dragapult|38/100 brn|[from] item: Leftovers\n|-damage|p1a: Dragapult|32/100 brn|[from] brn\n|upkeep\n|inactive|Caesura18 has 120 seconds left.\n|\n|t:|1695171022\n|switch|p2a: Enamorus|Enamorus, F|100/100\n|-damage|p2a: Enamorus|76/100|[from] Stealth Rock\n|turn|23\n|\n|t:|1695171031\n|move|p1a: Dragapult|Hex|p2a: Enamorus\n|-damage|p2a: Enamorus|39/100\n|move|p2a: Enamorus|Moonblast|p1a: Dragapult\n|-supereffective|p1a: Dragapult\n|-damage|p1a: Dragapult|0 fnt\n|faint|p1a: Dragapult\n|\n|upkeep\n|\n|t:|1695171035\n|switch|p1a: Mamoswine|Mamoswine, F|88/100\n|-damage|p1a: Mamoswine|76/100|[from] Stealth Rock\n|turn|24\n|\n|t:|1695171039\n|move|p1a: Mamoswine|Ice Shard|p2a: Enamorus\n|-supereffective|p2a: Enamorus\n|-damage|p2a: Enamorus|0 fnt\n|faint|p2a: Enamorus\n|\n|upkeep\n|\n|t:|1695171040\n|switch|p2a: Cinderace|Cinderace, F|33/100 tox\n|turn|25\n|\n|t:|1695171046\n|switch|p1a: Manaphy|Manaphy|100/100\n|-damage|p1a: Manaphy|88/100|[from] Stealth Rock\n|move|p2a: Cinderace|Pyro Ball|p1a: Manaphy\n|-resisted|p1a: Manaphy\n|-damage|p1a: Manaphy|66/100\n|\n|-heal|p1a: Manaphy|72/100|[from] item: Leftovers\n|-damage|p2a: Cinderace|27/100 tox|[from] psn\n|upkeep\n|turn|26\n|\n|t:|1695171048\n|move|p2a: Cinderace|U-turn|p1a: Manaphy\n|-damage|p1a: Manaphy|61/100\n|\n|t:|1695171050\n|switch|p2a: Dragapult|Dragapult, M|100/100|[from] U-turn\n|-damage|p2a: Dragapult|88/100|[from] Stealth Rock\n|move|p1a: Manaphy|Take Heart|p1a: Manaphy\n|-boost|p1a: Manaphy|spa|1\n|-boost|p1a: Manaphy|spd|1\n|\n|-heal|p1a: Manaphy|67/100|[from] item: Leftovers\n|upkeep\n|turn|27\n|\n|t:|1695171054\n|-terastallize|p2a: Dragapult|Ghost\n|move|p2a: Dragapult|Shadow Ball|p1a: Manaphy\n|-damage|p1a: Manaphy|28/100\n|move|p1a: Manaphy|Rest|p1a: Manaphy\n|-status|p1a: Manaphy|slp|[from] move: Rest\n|-heal|p1a: Manaphy|100/100 slp|[silent]\n|\n|upkeep\n|turn|28\n|\n|t:|1695171060\n|move|p2a: Dragapult|Shadow Ball|p1a: Manaphy\n|-damage|p1a: Manaphy|58/100 slp\n|cant|p1a: Manaphy|slp\n|move|p1a: Manaphy|Sleep Talk|p1a: Manaphy\n|move|p1a: Manaphy|Take Heart|p1a: Manaphy|[from]move: Sleep Talk\n|-boost|p1a: Manaphy|spa|1\n|-boost|p1a: Manaphy|spd|1\n|-curestatus|p1a: Manaphy|slp|[msg]\n|\n|-heal|p1a: Manaphy|64/100|[from] item: Leftovers\n|upkeep\n|turn|29\n|\n|t:|1695171063\n|move|p2a: Dragapult|Shadow Ball|p1a: Manaphy\n|-damage|p1a: Manaphy|37/100\n|move|p1a: Manaphy|Rest|p1a: Manaphy\n|-status|p1a: Manaphy|slp|[from] move: Rest\n|-heal|p1a: Manaphy|100/100 slp|[silent]\n|\n|upkeep\n|turn|30\n|\n|t:|1695171066\n|move|p2a: Dragapult|Shadow Ball|p1a: Manaphy\n|-damage|p1a: Manaphy|72/100 slp\n|cant|p1a: Manaphy|slp\n|move|p1a: Manaphy|Sleep Talk|p1a: Manaphy\n|move|p1a: Manaphy|Take Heart|p1a: Manaphy|[from]move: Sleep Talk\n|-boost|p1a: Manaphy|spa|1\n|-boost|p1a: Manaphy|spd|1\n|-curestatus|p1a: Manaphy|slp|[msg]\n|\n|-heal|p1a: Manaphy|78/100|[from] item: Leftovers\n|upkeep\n|turn|31\n|\n|t:|1695171070\n|move|p2a: Dragapult|Shadow Ball|p1a: Manaphy\n|-damage|p1a: Manaphy|55/100\n|move|p1a: Manaphy|Scald|p2a: Dragapult\n|-damage|p2a: Dragapult|0 fnt\n|faint|p2a: Dragapult\n|\n|-heal|p1a: Manaphy|61/100|[from] item: Leftovers\n|upkeep\n|-message|Caesura18 forfeited.\n|\n|win|Dragon Gucci\n|raw|Dragon Gucci's rating: 1417 &rarr; <strong>1435</strong><br />(+18 for winning)\n|raw|Caesura18's rating: 1390 &rarr; <strong>1372</strong><br />(-18 for losing)\n|l|\u2606Caesura18\n", "uploadtime": 1695171079, "views": 1, "p1id": "dragongucci", "p2id": "caesura18", "formatid": "gen9ou", "rating": 1372, "private": 0, "password": ""}