{"id": "gen9ou-1947547935", "p1": "snurke", "p2": "Psychic boy clancy", "format": "gen9ou", "log": "|j|\u2606snurke\n|j|\u2606Psychic boy clancy\n|t:|1695171407\n|gametype|singles\n|player|p1|snurke|sisandbro|1588\n|player|p2|Psychic boy clancy|pokefan-gen4|1705\n|teamsize|p1|6\n|teamsize|p2|6\n|gen|9\n|tier|[Gen 9] OU\n|rated|\n|rule|Sleep Clause Mod: Limit one foe put to sleep\n|rule|Species Clause: Limit one of each Pok\u00e9mon\n|rule|OHKO Clause: OHKO moves are banned\n|rule|Evasion Items Clause: Evasion items are banned\n|rule|Evasion Moves Clause: Evasion moves are banned\n|rule|Endless Battle Clause: Forcing endless battles is banned\n|rule|HP Percentage Mod: HP is shown in percentages\n|clearpoke\n|poke|p1|Torterra, F|\n|poke|p1|Ninetales-Alola, F|\n|poke|p1|Corviknight, F|\n|poke|p1|Manaphy|\n|poke|p1|Ursaluna-Bloodmoon, M|\n|poke|p1|Garganacl, F|\n|poke|p2|Pelipper, F|\n|poke|p2|Ogerpon-Wellspring, F|\n|poke|p2|Zapdos|\n|poke|p2|Iron Treads|\n|poke|p2|Greninja-*, M|\n|poke|p2|Barraskewda, F|\n|teampreview\n|inactive|Battle timer is ON: inactive players will automatically lose when time's up. (requested by Psychic boy clancy)\n|\n|t:|1695171418\n|start\n|switch|p1a: Wiggins|Corviknight, F, shiny|100/100\n|switch|p2a: Iron Treads|Iron Treads|100/100\n|-ability|p1a: Wiggins|Pressure\n|-enditem|p2a: Iron Treads|Booster Energy\n|-activate|p2a: Iron Treads|ability: Quark Drive|[fromitem]\n|-start|p2a: Iron Treads|quarkdrivespe\n|turn|1\n|\n|t:|1695171428\n|move|p2a: Iron Treads|Stealth Rock|p1a: Wiggins\n|-sidestart|p1: snurke|move: Stealth Rock\n|move|p1a: Wiggins|U-turn|p2a: Iron Treads\n|-resisted|p2a: Iron Treads\n|-damage|p2a: Iron Treads|94/100\n|\n|t:|1695171450\n|switch|p1a: Draymond Green|Torterra, F, shiny|100/100|[from] U-turn\n|-damage|p1a: Draymond Green|94/100|[from] Stealth Rock\n|\n|upkeep\n|turn|2\n|\n|t:|1695171456\n|move|p2a: Iron Treads|Steel Beam|p1a: Draymond Green\n|-damage|p1a: Draymond Green|27/100\n|-damage|p2a: Iron Treads|44/100|[from] steelbeam\n|move|p1a: Draymond Green|Shell Smash|p1a: Draymond Green\n|-unboost|p1a: Draymond Green|def|1\n|-unboost|p1a: Draymond Green|spd|1\n|-boost|p1a: Draymond Green|atk|2\n|-boost|p1a: Draymond Green|spa|2\n|-boost|p1a: Draymond Green|spe|2\n|\n|upkeep\n|turn|3\n|\n|t:|1695171476\n|move|p2a: Iron Treads|Knock Off|p1a: Draymond Green\n|-damage|p1a: Draymond Green|0 fnt\n|-enditem|p1a: Draymond Green|Life Orb|[from] move: Knock Off|[of] p2a: Iron Treads\n|faint|p1a: Draymond Green\n|\n|upkeep\n|\n|t:|1695171479\n|switch|p1a: Wiggins|Corviknight, F, shiny|100/100\n|-damage|p1a: Wiggins|88/100|[from] Stealth Rock\n|-ability|p1a: Wiggins|Pressure\n|turn|4\n|\n|t:|1695171485\n|move|p2a: Iron Treads|Knock Off|p1a: Wiggins\n|-damage|p1a: Wiggins|69/100\n|-enditem|p1a: Wiggins|Leftovers|[from] move: Knock Off|[of] p2a: Iron Treads\n|move|p1a: Wiggins|Defog|p2a: Iron Treads\n|-unboost|p2a: Iron Treads|evasion|1\n|-sideend|p1: snurke|Stealth Rock|[from] move: Defog|[of] p1a: Wiggins\n|\n|upkeep\n|turn|5\n|\n|t:|1695171492\n|switch|p1a: State Farm Chris|Ninetales-Alola, F, shiny|100/100\n|-weather|Snow|[from] ability: Snow Warning|[of] p1a: State Farm Chris\n|move|p2a: Iron Treads|Stealth Rock|p1a: State Farm Chris\n|-sidestart|p1: snurke|move: Stealth Rock\n|\n|-weather|Snow|[upkeep]\n|upkeep\n|turn|6\n|\n|t:|1695171499\n|switch|p1a: Wiggins|Corviknight, F, shiny|69/100\n|-damage|p1a: Wiggins|56/100|[from] Stealth Rock\n|-ability|p1a: Wiggins|Pressure\n|move|p2a: Iron Treads|Steel Beam|p1a: Wiggins\n|-resisted|p1a: Wiggins\n|-damage|p1a: Wiggins|39/100\n|-damage|p2a: Iron Treads|0 fnt|[from] steelbeam\n|faint|p2a: Iron Treads\n|-end|p2a: Iron Treads|Quark Drive|[silent]\n|\n|-weather|Snow|[upkeep]\n|upkeep\n|j| biowolf\n|\n|t:|1695171528\n|switch|p2a: Zapdos|Zapdos|100/100\n|turn|7\n|\n|t:|1695171532\n|move|p2a: Zapdos|Rain Dance|p2a: Zapdos\n|-weather|RainDance\n|move|p1a: Wiggins|Roost|p1a: Wiggins\n|-heal|p1a: Wiggins|89/100\n|-singleturn|p1a: Wiggins|move: Roost\n|\n|-weather|RainDance|[upkeep]\n|upkeep\n|turn|8\n|\n|t:|1695171540\n|switch|p1a: State Farm Chris|Ninetales-Alola, F, shiny|100/100\n|-damage|p1a: State Farm Chris|76/100|[from] Stealth Rock\n|-weather|Snow|[from] ability: Snow Warning|[of] p1a: State Farm Chris\n|move|p2a: Zapdos|Thunder|p1a: State Farm Chris|[miss]\n|-miss|p2a: Zapdos|p1a: State Farm Chris\n|\n|-weather|Snow|[upkeep]\n|upkeep\n|turn|9\n|\n|t:|1695171551\n|switch|p1a: Wiggins|Corviknight, F, shiny|89/100\n|-damage|p1a: Wiggins|77/100|[from] Stealth Rock\n|-ability|p1a: Wiggins|Pressure\n|switch|p2a: Pelipper|Pelipper, F|100/100\n|-weather|RainDance|[from] ability: Drizzle|[of] p2a: Pelipper\n|\n|-weather|RainDance|[upkeep]\n|upkeep\n|turn|10\n|\n|t:|1695171560\n|move|p2a: Pelipper|U-turn|p1a: Wiggins\n|-resisted|p1a: Wiggins\n|-damage|p1a: Wiggins|75/100\n|\n|t:|1695171569\n|switch|p2a: Greninja|Greninja, M|100/100|[from] U-turn\n|move|p1a: Wiggins|Defog|p2a: Greninja\n|-unboost|p2a: Greninja|evasion|1\n|-sideend|p1: snurke|Stealth Rock|[from] move: Defog|[of] p1a: Wiggins\n|\n|-weather|RainDance|[upkeep]\n|upkeep\n|turn|11\n|\n|t:|1695171576\n|move|p2a: Greninja|Dark Pulse|p1a: Wiggins\n|-damage|p1a: Wiggins|51/100\n|move|p1a: Wiggins|U-turn|p2a: Greninja\n|-supereffective|p2a: Greninja\n|-damage|p2a: Greninja|55/100\n|\n|t:|1695171582\n|switch|p1a: State Farm Chris|Ninetales-Alola, F, shiny|76/100|[from] U-turn\n|-weather|Snow|[from] ability: Snow Warning|[of] p1a: State Farm Chris\n|\n|-weather|Snow|[upkeep]\n|upkeep\n|turn|12\n|\n|t:|1695171589\n|move|p2a: Greninja|Gunk Shot|p1a: State Farm Chris\n|-supereffective|p1a: State Farm Chris\n|-damage|p1a: State Farm Chris|34/100\n|-status|p1a: State Farm Chris|psn\n|move|p1a: State Farm Chris|Moonblast|p2a: Greninja\n|-supereffective|p2a: Greninja\n|-damage|p2a: Greninja|0 fnt\n|faint|p2a: Greninja\n|\n|-weather|Snow|[upkeep]\n|-damage|p1a: State Farm Chris|22/100 psn|[from] psn\n|upkeep\n|\n|t:|1695171599\n|switch|p2a: Pelipper|Pelipper, F|100/100\n|-weather|RainDance|[from] ability: Drizzle|[of] p2a: Pelipper\n|turn|13\n|\n|t:|1695171605\n|move|p1a: State Farm Chris|Moonblast|p2a: Pelipper\n|-damage|p2a: Pelipper|64/100\n|move|p2a: Pelipper|U-turn|p1a: State Farm Chris\n|-resisted|p1a: State Farm Chris\n|-damage|p1a: State Farm Chris|16/100 psn\n|\n|t:|1695171621\n|switch|p2a: Ogerpon|Ogerpon-Wellspring, F|100/100|[from] U-turn\n|\n|-weather|RainDance|[upkeep]\n|-damage|p1a: State Farm Chris|4/100 psn|[from] psn\n|upkeep\n|turn|14\n|\n|t:|1695171630\n|switch|p1a: Wiggins|Corviknight, F, shiny|51/100\n|-ability|p1a: Wiggins|Pressure\n|move|p2a: Ogerpon|Horn Leech|p1a: Wiggins\n|-resisted|p1a: Wiggins\n|-damage|p1a: Wiggins|42/100\n|\n|-weather|RainDance|[upkeep]\n|upkeep\n|turn|15\n|\n|t:|1695171639\n|move|p2a: Ogerpon|Swords Dance|p2a: Ogerpon\n|-boost|p2a: Ogerpon|atk|2\n|move|p1a: Wiggins|U-turn|p2a: Ogerpon\n|-supereffective|p2a: Ogerpon\n|-damage|p2a: Ogerpon|61/100\n|\n|t:|1695171656\n|switch|p1a: Looney|Garganacl, F, shiny|100/100|[from] U-turn\n|\n|-weather|RainDance|[upkeep]\n|upkeep\n|turn|16\n|\n|t:|1695171664\n|-terastallize|p1a: Looney|Ghost\n|move|p2a: Ogerpon|Horn Leech|p1a: Looney\n|-damage|p1a: Looney|59/100\n|-heal|p2a: Ogerpon|89/100|[from] drain|[of] p1a: Looney\n|move|p1a: Looney|Salt Cure|p2a: Ogerpon\n|-damage|p2a: Ogerpon|72/100\n|-start|p2a: Ogerpon|Salt Cure\n|\n|-weather|RainDance|[upkeep]\n|-heal|p1a: Looney|65/100|[from] item: Leftovers\n|-damage|p2a: Ogerpon|47/100|[from] Salt Cure\n|upkeep\n|turn|17\n|\n|t:|1695171675\n|move|p2a: Ogerpon|Ivy Cudgel|p1a: Looney\n|-damage|p1a: Looney|0 fnt\n|faint|p1a: Looney\n|\n|-weather|RainDance|[upkeep]\n|-damage|p2a: Ogerpon|22/100|[from] Salt Cure\n|upkeep\n|\n|t:|1695171686\n|switch|p1a: Steph Curry|Ursaluna-Bloodmoon, M|100/100\n|turn|18\n|inactive|Psychic boy clancy has 120 seconds left.\n|\n|t:|1695171731\n|-terastallize|p2a: Ogerpon|Water\n|detailschange|p2a: Ogerpon|Ogerpon-Wellspring-Tera, F, tera:Water\n|-ability|p2a: Ogerpon|Embody Aspect (Wellspring)|boost\n|-boost|p2a: Ogerpon|spd|1\n|move|p1a: Steph Curry|Vacuum Wave|p2a: Ogerpon\n|-damage|p2a: Ogerpon|9/100\n|move|p2a: Ogerpon|Horn Leech|p1a: Steph Curry\n|-supereffective|p1a: Steph Curry\n|-damage|p1a: Steph Curry|0 fnt\n|-heal|p2a: Ogerpon|80/100|[from] drain|[of] p1a: Steph Curry\n|faint|p1a: Steph Curry\n|\n|-weather|RainDance|[upkeep]\n|-damage|p2a: Ogerpon|55/100|[from] Salt Cure\n|upkeep\n|c|\u2606Psychic boy clancy|rip\n|-message|snurke forfeited.\n|\n|win|Psychic boy clancy\n|raw|snurke's rating: 1588 &rarr; <strong>1574</strong><br />(-14 for losing)\n|raw|Psychic boy clancy's rating: 1705 &rarr; <strong>1719</strong><br />(+14 for winning)\n|l|\u2606snurke\n|l|\u2606Psychic boy clancy\n", "uploadtime": 1695171982, "views": 2, "p1id": "snurke", "p2id": "psychicboyclancy", "formatid": "gen9ou", "rating": 1574, "private": 0, "password": ""}