{"id": "gen9ou-1947563016", "p1": "Face Funky", "p2": "Tortanqule", "format": "gen9ou", "log": "|j|\u2606Face Funky\n|j|\u2606Tortanqule\n|t:|1695172878\n|gametype|singles\n|player|p1|Face Funky|red|1193\n|player|p2|Tortanqule|266|1092\n|teamsize|p1|6\n|teamsize|p2|6\n|gen|9\n|tier|[Gen 9] OU\n|rated|\n|rule|Sleep Clause Mod: Limit one foe put to sleep\n|rule|Species Clause: Limit one of each Pok\u00e9mon\n|rule|OHKO Clause: OHKO moves are banned\n|rule|Evasion Items Clause: Evasion items are banned\n|rule|Evasion Moves Clause: Evasion moves are banned\n|rule|Endless Battle Clause: Forcing endless battles is banned\n|rule|HP Percentage Mod: HP is shown in percentages\n|clearpoke\n|poke|p1|Infernape, M|\n|poke|p1|Gliscor, M|\n|poke|p1|Dondozo, M|\n|poke|p1|Zapdos|\n|poke|p1|Kingambit, M|\n|poke|p1|Great Tusk|\n|poke|p2|Ninetales-Alola, F|\n|poke|p2|Sandslash-Alola, F|\n|poke|p2|Rotom-Frost|\n|poke|p2|Frosmoth, M|\n|poke|p2|Weavile, F|\n|poke|p2|Mamoswine, F|\n|teampreview\n|\n|t:|1695172885\n|start\n|switch|p1a: Great Tusk|Great Tusk|100/100\n|switch|p2a: Mamoswine|Mamoswine, F|100/100\n|turn|1\n|\n|t:|1695172892\n|move|p1a: Great Tusk|Stealth Rock|p2a: Mamoswine\n|-sidestart|p2: Tortanqule|move: Stealth Rock\n|move|p2a: Mamoswine|Knock Off|p1a: Great Tusk\n|-resisted|p1a: Great Tusk\n|-damage|p1a: Great Tusk|88/100\n|-enditem|p1a: Great Tusk|Leftovers|[from] move: Knock Off|[of] p2a: Mamoswine\n|\n|upkeep\n|turn|2\n|\n|t:|1695172903\n|-end|p1a: Great Tusk|Protosynthesis|[silent]\n|switch|p1a: Dondozo|Dondozo, M|100/100\n|move|p2a: Mamoswine|Stealth Rock|p1a: Dondozo\n|-sidestart|p1: Face Funky|move: Stealth Rock\n|\n|upkeep\n|turn|3\n|\n|t:|1695172909\n|move|p2a: Mamoswine|Knock Off|p1a: Dondozo\n|-damage|p1a: Dondozo|84/100\n|-enditem|p1a: Dondozo|Leftovers|[from] move: Knock Off|[of] p2a: Mamoswine\n|move|p1a: Dondozo|Body Press|p2a: Mamoswine\n|-supereffective|p2a: Mamoswine\n|-damage|p2a: Mamoswine|36/100\n|\n|upkeep\n|turn|4\n|\n|t:|1695172916\n|move|p2a: Mamoswine|Earthquake|p1a: Dondozo\n|-damage|p1a: Dondozo|62/100\n|move|p1a: Dondozo|Body Press|p2a: Mamoswine\n|-supereffective|p2a: Mamoswine\n|-damage|p2a: Mamoswine|0 fnt\n|faint|p2a: Mamoswine\n|\n|upkeep\n|\n|t:|1695172925\n|switch|p2a: Rotom|Rotom-Frost|100/100\n|turn|5\n|\n|t:|1695172940\n|switch|p1a: Great Tusk|Great Tusk|88/100\n|-damage|p1a: Great Tusk|85/100|[from] Stealth Rock\n|move|p2a: Rotom|Blizzard|p1a: Great Tusk|[miss]\n|-miss|p2a: Rotom|p1a: Great Tusk\n|\n|upkeep\n|turn|6\n|\n|t:|1695172950\n|switch|p2a: Ninetales|Ninetales-Alola, F|100/100\n|-damage|p2a: Ninetales|76/100|[from] Stealth Rock\n|-weather|Snow|[from] ability: Snow Warning|[of] p2a: Ninetales\n|move|p1a: Great Tusk|Rapid Spin|p2a: Ninetales\n|-damage|p2a: Ninetales|62/100\n|-boost|p1a: Great Tusk|spe|1\n|-sideend|p1: Face Funky|Stealth Rock|[from] move: Rapid Spin|[of] p1a: Great Tusk\n|\n|-weather|Snow|[upkeep]\n|upkeep\n|turn|7\n|\n|t:|1695172961\n|move|p1a: Great Tusk|Earthquake|p2a: Ninetales\n|-damage|p2a: Ninetales|18/100\n|move|p2a: Ninetales|Aurora Veil|p2a: Ninetales\n|-sidestart|p2: Tortanqule|move: Aurora Veil\n|\n|-weather|Snow|[upkeep]\n|upkeep\n|turn|8\n|\n|t:|1695172971\n|move|p1a: Great Tusk|Earthquake|p2a: Ninetales\n|-damage|p2a: Ninetales|0 fnt\n|faint|p2a: Ninetales\n|\n|-weather|Snow|[upkeep]\n|upkeep\n|\n|t:|1695172983\n|switch|p2a: Frosmoth|Frosmoth, M|100/100\n|turn|9\n|inactive|Battle timer is ON: inactive players will automatically lose when time's up. (requested by Tortanqule)\n|\n|t:|1695173032\n|move|p1a: Great Tusk|Knock Off|p2a: Frosmoth\n|-damage|p2a: Frosmoth|80/100\n|-enditem|p2a: Frosmoth|Heavy-Duty Boots|[from] move: Knock Off|[of] p1a: Great Tusk\n|move|p2a: Frosmoth|Quiver Dance|p2a: Frosmoth\n|-boost|p2a: Frosmoth|spa|1\n|-boost|p2a: Frosmoth|spd|1\n|-boost|p2a: Frosmoth|spe|1\n|\n|-weather|Snow|[upkeep]\n|upkeep\n|turn|10\n|\n|t:|1695173048\n|-end|p1a: Great Tusk|Protosynthesis|[silent]\n|switch|p1a: Gliscor|Gliscor, M, shiny|100/100\n|-terastallize|p2a: Frosmoth|Flying\n|move|p2a: Frosmoth|Quiver Dance|p2a: Frosmoth\n|-boost|p2a: Frosmoth|spa|1\n|-boost|p2a: Frosmoth|spd|1\n|-boost|p2a: Frosmoth|spe|1\n|\n|-weather|none\n|-status|p1a: Gliscor|tox|[from] item: Toxic Orb\n|upkeep\n|turn|11\n|\n|t:|1695173059\n|move|p2a: Frosmoth|Hurricane|p1a: Gliscor|[miss]\n|-miss|p2a: Frosmoth|p1a: Gliscor\n|move|p1a: Gliscor|Dual Wingbeat|p2a: Frosmoth|[miss]\n|-miss|p1a: Gliscor|p2a: Frosmoth\n|\n|upkeep\n|turn|12\n|\n|t:|1695173079\n|switch|p1a: Dondozo|Dondozo, M|62/100\n|move|p2a: Frosmoth|Quiver Dance|p2a: Frosmoth\n|-boost|p2a: Frosmoth|spa|1\n|-boost|p2a: Frosmoth|spd|1\n|-boost|p2a: Frosmoth|spe|1\n|\n|upkeep\n|turn|13\n|\n|t:|1695173087\n|move|p2a: Frosmoth|Hurricane|p1a: Dondozo|[miss]\n|-miss|p2a: Frosmoth|p1a: Dondozo\n|move|p1a: Dondozo|Rest|p1a: Dondozo\n|-status|p1a: Dondozo|slp|[from] move: Rest\n|-heal|p1a: Dondozo|100/100 slp|[silent]\n|\n|upkeep\n|turn|14\n|\n|t:|1695173101\n|move|p2a: Frosmoth|Hurricane|p1a: Dondozo\n|-damage|p1a: Dondozo|50/100 slp\n|cant|p1a: Dondozo|slp\n|\n|-sideend|p2: Tortanqule|move: Aurora Veil\n|upkeep\n|turn|15\n|\n|t:|1695173109\n|move|p2a: Frosmoth|Hurricane|p1a: Dondozo|[miss]\n|-miss|p2a: Frosmoth|p1a: Dondozo\n|cant|p1a: Dondozo|slp\n|\n|upkeep\n|turn|16\n|\n|t:|1695173115\n|move|p2a: Frosmoth|Hurricane|p1a: Dondozo\n|-damage|p1a: Dondozo|0 fnt\n|faint|p1a: Dondozo\n|\n|upkeep\n|\n|t:|1695173117\n|switch|p1a: Kingambit|Kingambit, M|100/100\n|-activate|p1a: Kingambit|ability: Supreme Overlord\n|-start|p1a: Kingambit|fallen1|[silent]\n|turn|17\n|\n|t:|1695173127\n|move|p2a: Frosmoth|Quiver Dance|p2a: Frosmoth\n|-boost|p2a: Frosmoth|spa|1\n|-boost|p2a: Frosmoth|spd|1\n|-boost|p2a: Frosmoth|spe|1\n|move|p1a: Kingambit|Iron Head|p2a: Frosmoth\n|-damage|p2a: Frosmoth|0 fnt\n|faint|p2a: Frosmoth\n|\n|upkeep\n|\n|t:|1695173136\n|switch|p2a: Weavile|Weavile, F|100/100\n|-damage|p2a: Weavile|76/100|[from] Stealth Rock\n|turn|18\n|\n|t:|1695173141\n|move|p2a: Weavile|Low Kick|p1a: Kingambit\n|-supereffective|p1a: Kingambit\n|-damage|p1a: Kingambit|12/100\n|move|p1a: Kingambit|Iron Head|p2a: Weavile\n|-supereffective|p2a: Weavile\n|-damage|p2a: Weavile|0 fnt\n|faint|p2a: Weavile\n|\n|-heal|p1a: Kingambit|19/100|[from] item: Leftovers\n|upkeep\n|\n|t:|1695173151\n|switch|p2a: Sandslash|Sandslash-Alola, F|100/100\n|-damage|p2a: Sandslash|88/100|[from] Stealth Rock\n|turn|19\n|\n|t:|1695173157\n|move|p1a: Kingambit|Sucker Punch|p2a: Sandslash\n|-damage|p2a: Sandslash|47/100\n|move|p2a: Sandslash|Rapid Spin|p1a: Kingambit\n|-resisted|p1a: Kingambit\n|-damage|p1a: Kingambit|13/100\n|-boost|p2a: Sandslash|spe|1\n|-sideend|p2: Tortanqule|Stealth Rock|[from] move: Rapid Spin|[of] p2a: Sandslash\n|\n|-heal|p1a: Kingambit|20/100|[from] item: Leftovers\n|upkeep\n|turn|20\n|\n|t:|1695173167\n|move|p1a: Kingambit|Sucker Punch||[still]\n|-fail|p1a: Kingambit\n|move|p2a: Sandslash|Swords Dance|p2a: Sandslash\n|-boost|p2a: Sandslash|atk|2\n|\n|-heal|p1a: Kingambit|26/100|[from] item: Leftovers\n|upkeep\n|turn|21\n|\n|t:|1695173176\n|move|p1a: Kingambit|Sucker Punch|p2a: Sandslash\n|-damage|p2a: Sandslash|5/100\n|move|p2a: Sandslash|Icicle Spear|p1a: Kingambit\n|-resisted|p1a: Kingambit\n|-damage|p1a: Kingambit|18/100\n|-resisted|p1a: Kingambit\n|-damage|p1a: Kingambit|9/100\n|-resisted|p1a: Kingambit\n|-damage|p1a: Kingambit|1/100\n|-resisted|p1a: Kingambit\n|-damage|p1a: Kingambit|0 fnt\n|faint|p1a: Kingambit\n|-end|p1a: Kingambit|fallen1|[silent]\n|-hitcount|p1: Kingambit|4\n|\n|upkeep\n|\n|t:|1695173187\n|switch|p1a: Infernape|Infernape, M|100/100\n|turn|22\n|\n|t:|1695173192\n|-terastallize|p1a: Infernape|Grass\n|move|p1a: Infernape|Aura Sphere|p2a: Sandslash\n|-supereffective|p2a: Sandslash\n|-damage|p2a: Sandslash|0 fnt\n|faint|p2a: Sandslash\n|-damage|p1a: Infernape|91/100|[from] item: Life Orb\n|\n|upkeep\n|\n|t:|1695173200\n|switch|p2a: Rotom|Rotom-Frost|100/100\n|turn|23\n|\n|t:|1695173204\n|move|p1a: Infernape|Fire Blast|p2a: Rotom\n|-supereffective|p2a: Rotom\n|-damage|p2a: Rotom|0 fnt\n|faint|p2a: Rotom\n|-damage|p1a: Infernape|81/100|[from] item: Life Orb\n|\n|win|Face Funky\n|raw|Face Funky's rating: 1193 &rarr; <strong>1211</strong><br />(+18 for winning)\n|raw|Tortanqule's rating: 1092 &rarr; <strong>1075</strong><br />(-17 for losing)\n|l|\u2606Tortanqule\n|l|\u2606Face Funky\n|j|\u2606Face Funky\n|player|p1|Face Funky|red\n", "uploadtime": 1695173625, "views": 2, "p1id": "facefunky", "p2id": "tortanqule", "formatid": "gen9ou", "rating": 1075, "private": 0, "password": ""}