{"id": "gen9ou-1947504243", "p1": "lanbo's heart", "p2": "GatorzDBL", "format": "gen9ou", "log": "|j|\u2606lanbo's heart\n|j|\u2606GatorzDBL\n|t:|1695167132\n|gametype|singles\n|player|p1|lanbo's heart|lass-gen4dp|1240\n|player|p2|GatorzDBL|170|1325\n|teamsize|p1|6\n|teamsize|p2|6\n|gen|9\n|tier|[Gen 9] OU\n|rated|\n|rule|Sleep Clause Mod: Limit one foe put to sleep\n|rule|Species Clause: Limit one of each Pok\u00e9mon\n|rule|OHKO Clause: OHKO moves are banned\n|rule|Evasion Items Clause: Evasion items are banned\n|rule|Evasion Moves Clause: Evasion moves are banned\n|rule|Endless Battle Clause: Forcing endless battles is banned\n|rule|HP Percentage Mod: HP is shown in percentages\n|clearpoke\n|poke|p1|Kingambit, F|\n|poke|p1|Roaring Moon|\n|poke|p1|Gholdengo|\n|poke|p1|Glimmora, F|\n|poke|p1|Iron Moth|\n|poke|p1|Great Tusk|\n|poke|p2|Manaphy|\n|poke|p2|Toxapex, F|\n|poke|p2|Iron Valiant|\n|poke|p2|Dondozo, F|\n|poke|p2|Ogerpon-Wellspring, F|\n|poke|p2|Garchomp, F|\n|teampreview\n|inactive|Battle timer is ON: inactive players will automatically lose when time's up. (requested by GatorzDBL)\n|\n|t:|1695167146\n|start\n|switch|p1a: uhhh|Glimmora, F, shiny|100/100\n|switch|p2a: Dondozo|Dondozo, F|100/100\n|turn|1\n|\n|t:|1695167155\n|move|p1a: uhhh|Stealth Rock|p2a: Dondozo\n|-sidestart|p2: GatorzDBL|move: Stealth Rock\n|move|p2a: Dondozo|Earthquake|p1a: uhhh\n|-supereffective|p1a: uhhh\n|-enditem|p1a: uhhh|Focus Sash\n|-damage|p1a: uhhh|1/100\n|-activate|p1a: uhhh|ability: Toxic Debris\n|-sidestart|p2: GatorzDBL|move: Toxic Spikes\n|\n|upkeep\n|turn|2\n|\n|t:|1695167158\n|move|p1a: uhhh|Mortal Spin|p2a: Dondozo\n|-crit|p2a: Dondozo\n|-damage|p2a: Dondozo|95/100\n|-status|p2a: Dondozo|psn\n|move|p2a: Dondozo|Earthquake|p1a: uhhh\n|-supereffective|p1a: uhhh\n|-damage|p1a: uhhh|0 fnt\n|-activate|p1a: uhhh|ability: Toxic Debris\n|-sidestart|p2: GatorzDBL|move: Toxic Spikes\n|faint|p1a: uhhh\n|\n|-damage|p2a: Dondozo|82/100 psn|[from] psn\n|upkeep\n|\n|t:|1695167167\n|switch|p1a: idk|Gholdengo, shiny|100/100\n|-item|p1a: idk|Air Balloon\n|turn|3\n|\n|t:|1695167171\n|switch|p2a: Toxapex|Toxapex, F|100/100\n|-damage|p2a: Toxapex|88/100|[from] Stealth Rock\n|-sideend|p2: GatorzDBL|move: Toxic Spikes|[of] p2a: Toxapex\n|move|p1a: idk|Nasty Plot|p1a: idk\n|-boost|p1a: idk|spa|2\n|\n|upkeep\n|turn|4\n|\n|t:|1695167182\n|switch|p2a: Iron Valiant|Iron Valiant|100/100\n|-damage|p2a: Iron Valiant|94/100|[from] Stealth Rock\n|move|p1a: idk|Shadow Ball|p2a: Iron Valiant\n|-damage|p2a: Iron Valiant|0 fnt\n|faint|p2a: Iron Valiant\n|-end|p2a: Iron Valiant|Quark Drive|[silent]\n|\n|upkeep\n|\n|t:|1695167190\n|switch|p2a: Garchomp|Garchomp, F|100/100\n|-damage|p2a: Garchomp|94/100|[from] Stealth Rock\n|turn|5\n|\n|t:|1695167200\n|move|p2a: Garchomp|Iron Head|p1a: idk\n|-resisted|p1a: idk\n|-damage|p1a: idk|83/100\n|-enditem|p1a: idk|Air Balloon\n|move|p1a: idk|Make It Rain|p2a: Garchomp\n|-damage|p2a: Garchomp|0 fnt\n|-unboost|p1a: idk|spa|1\n|faint|p2a: Garchomp\n|\n|upkeep\n|\n|t:|1695167208\n|switch|p2a: Dondozo|Dondozo, F|82/100 psn\n|-damage|p2a: Dondozo|70/100 psn|[from] Stealth Rock\n|turn|6\n|\n|t:|1695167212\n|move|p1a: idk|Shadow Ball|p2a: Dondozo\n|-damage|p2a: Dondozo|17/100 psn\n|move|p2a: Dondozo|Earthquake|p1a: idk\n|-supereffective|p1a: idk\n|-damage|p1a: idk|0 fnt\n|faint|p1a: idk\n|\n|-damage|p2a: Dondozo|4/100 psn|[from] psn\n|upkeep\n|inactive|lanbo's heart has 120 seconds left.\n|c|\u2606GatorzDBL|lol 4 water types left\n|\n|t:|1695167248\n|switch|p1a: Spectacle|Roaring Moon, shiny|100/100\n|turn|7\n|\n|t:|1695167250\n|move|p1a: Spectacle|Knock Off|p2a: Dondozo\n|-damage|p2a: Dondozo|0 fnt\n|-enditem|p2a: Dondozo|Choice Band|[from] move: Knock Off|[of] p1a: Spectacle\n|faint|p2a: Dondozo\n|\n|upkeep\n|c|\u2606lanbo's heart|lol yes\n|c|\u2606GatorzDBL|random number generator team\n|\n|t:|1695167269\n|switch|p2a: Toxapex|Toxapex, F|100/100\n|-damage|p2a: Toxapex|88/100|[from] Stealth Rock\n|turn|8\n|c|\u2606lanbo's heart|ah\n|\n|t:|1695167277\n|-terastallize|p1a: Spectacle|Dark\n|move|p1a: Spectacle|Knock Off|p2a: Toxapex\n|-damage|p2a: Toxapex|27/100\n|-enditem|p2a: Toxapex|Covert Cloak|[from] move: Knock Off|[of] p1a: Spectacle\n|move|p2a: Toxapex|Acid Spray|p1a: Spectacle\n|-damage|p1a: Spectacle|92/100\n|-unboost|p1a: Spectacle|spd|2\n|\n|upkeep\n|turn|9\n|\n|t:|1695167283\n|move|p1a: Spectacle|Knock Off|p2a: Toxapex\n|-damage|p2a: Toxapex|0 fnt\n|faint|p2a: Toxapex\n|\n|upkeep\n|\n|t:|1695167290\n|switch|p2a: Ogerpon|Ogerpon-Wellspring, F|100/100\n|-damage|p2a: Ogerpon|88/100|[from] Stealth Rock\n|turn|10\n|\n|t:|1695167297\n|move|p1a: Spectacle|Knock Off|p2a: Ogerpon\n|-damage|p2a: Ogerpon|1/100\n|move|p2a: Ogerpon|Wood Hammer|p1a: Spectacle\n|-damage|p1a: Spectacle|0 fnt\n|faint|p1a: Spectacle\n|-end|p1a: Spectacle|Protosynthesis|[silent]\n|-damage|p2a: Ogerpon|0 fnt|[from] Recoil\n|faint|p2a: Ogerpon\n|\n|upkeep\n|\n|t:|1695167309\n|switch|p1a: hate rng aaaa|Kingambit, F, shiny|100/100\n|switch|p2a: Manaphy|Manaphy|100/100\n|-damage|p2a: Manaphy|88/100|[from] Stealth Rock\n|-activate|p1a: hate rng aaaa|ability: Supreme Overlord\n|-start|p1a: hate rng aaaa|fallen3|[silent]\n|turn|11\n|\n|t:|1695167331\n|move|p2a: Manaphy|Substitute|p2a: Manaphy\n|-start|p2a: Manaphy|Substitute\n|-damage|p2a: Manaphy|63/100\n|move|p1a: hate rng aaaa|Kowtow Cleave|p2a: Manaphy\n|-end|p2a: Manaphy|Substitute\n|\n|-heal|p2a: Manaphy|69/100|[from] item: Leftovers\n|upkeep\n|turn|12\n|\n|t:|1695167334\n|move|p2a: Manaphy|Scald|p1a: hate rng aaaa\n|-damage|p1a: hate rng aaaa|73/100\n|move|p1a: hate rng aaaa|Kowtow Cleave|p2a: Manaphy\n|-damage|p2a: Manaphy|0 fnt\n|faint|p2a: Manaphy\n|\n|win|lanbo's heart\n|raw|lanbo&apos;s heart's rating: 1240 &rarr; <strong>1271</strong><br />(+31 for winning)\n|raw|GatorzDBL's rating: 1325 &rarr; <strong>1300</strong><br />(-25 for losing)\n|l|\u2606GatorzDBL\n", "uploadtime": 1695167365, "views": 1, "p1id": "lanbosheart", "p2id": "gatorzdbl", "formatid": "gen9ou", "rating": 1271, "private": 0, "password": ""}