{"id": "gen9ou-1947537216", "p1": "AndreTito", "p2": "Francoise Fat", "format": "gen9ou", "log": "|j|\u2606AndreTito\n|j|\u2606Francoise Fat\n|t:|1695170390\n|gametype|singles\n|player|p1|AndreTito|giovanni|1239\n|player|p2|Francoise Fat|ethan-pokeathlon|1323\n|teamsize|p1|6\n|teamsize|p2|6\n|gen|9\n|tier|[Gen 9] OU\n|rated|\n|rule|Sleep Clause Mod: Limit one foe put to sleep\n|rule|Species Clause: Limit one of each Pok\u00e9mon\n|rule|OHKO Clause: OHKO moves are banned\n|rule|Evasion Items Clause: Evasion items are banned\n|rule|Evasion Moves Clause: Evasion moves are banned\n|rule|Endless Battle Clause: Forcing endless battles is banned\n|rule|HP Percentage Mod: HP is shown in percentages\n|clearpoke\n|poke|p1|Samurott-Hisui, F|\n|poke|p1|Garganacl, F|\n|poke|p1|Gholdengo|\n|poke|p1|Dragonite, F|\n|poke|p1|Hatterene, F|\n|poke|p1|Great Tusk|\n|poke|p2|Ribombee, F|\n|poke|p2|Gholdengo|\n|poke|p2|Ogerpon, F|\n|poke|p2|Landorus-Therian, M|\n|poke|p2|Ursaluna-Bloodmoon, M|\n|poke|p2|Kingambit, F|\n|teampreview\n|\n|t:|1695170403\n|start\n|switch|p1a: Samurott|Samurott-Hisui, F|100/100\n|switch|p2a: Ribombee|Ribombee, F|100/100\n|turn|1\n|\n|t:|1695170410\n|switch|p1a: Hatterene|Hatterene, F|100/100\n|move|p2a: Ribombee|Moonblast|p1a: Hatterene\n|-damage|p1a: Hatterene|59/100\n|\n|-heal|p1a: Hatterene|65/100|[from] item: Leftovers\n|upkeep\n|turn|2\n|\n|t:|1695170418\n|move|p2a: Ribombee|Skill Swap|p1a: Hatterene\n|-activate|p2a: Ribombee|move: Skill Swap|Magic Bounce|Sweet Veil|[of] p1a: Hatterene\n|move|p1a: Hatterene|Calm Mind|p1a: Hatterene\n|-boost|p1a: Hatterene|spa|1\n|-boost|p1a: Hatterene|spd|1\n|\n|-heal|p1a: Hatterene|71/100|[from] item: Leftovers\n|upkeep\n|turn|3\n|\n|t:|1695170427\n|move|p2a: Ribombee|Sticky Web|p1a: Hatterene\n|-sidestart|p1: AndreTito|move: Sticky Web\n|move|p1a: Hatterene|Calm Mind|p1a: Hatterene\n|-boost|p1a: Hatterene|spa|1\n|-boost|p1a: Hatterene|spd|1\n|\n|-heal|p1a: Hatterene|77/100|[from] item: Leftovers\n|upkeep\n|turn|4\n|\n|t:|1695170434\n|move|p2a: Ribombee|Stun Spore|p1a: Hatterene\n|-status|p1a: Hatterene|par\n|move|p1a: Hatterene|Mystical Fire|p2a: Ribombee\n|-supereffective|p2a: Ribombee\n|-enditem|p2a: Ribombee|Focus Sash\n|-damage|p2a: Ribombee|1/100\n|-unboost|p2a: Ribombee|spa|1\n|\n|-heal|p1a: Hatterene|83/100 par|[from] item: Leftovers\n|upkeep\n|turn|5\n|\n|t:|1695170445\n|move|p2a: Ribombee|Moonblast|p1a: Hatterene\n|-damage|p1a: Hatterene|68/100 par\n|cant|p1a: Hatterene|par\n|\n|-heal|p1a: Hatterene|74/100 par|[from] item: Leftovers\n|upkeep\n|turn|6\n|\n|t:|1695170452\n|move|p2a: Ribombee|Moonblast|p1a: Hatterene\n|-damage|p1a: Hatterene|61/100 par\n|move|p1a: Hatterene|Calm Mind|p1a: Hatterene\n|-boost|p1a: Hatterene|spa|1\n|-boost|p1a: Hatterene|spd|1\n|\n|-heal|p1a: Hatterene|67/100 par|[from] item: Leftovers\n|upkeep\n|turn|7\n|\n|t:|1695170461\n|move|p2a: Ribombee|Moonblast|p1a: Hatterene\n|-damage|p1a: Hatterene|56/100 par\n|move|p1a: Hatterene|Calm Mind|p1a: Hatterene\n|-boost|p1a: Hatterene|spa|1\n|-boost|p1a: Hatterene|spd|1\n|\n|-heal|p1a: Hatterene|62/100 par|[from] item: Leftovers\n|upkeep\n|turn|8\n|\n|t:|1695170469\n|move|p2a: Ribombee|Moonblast|p1a: Hatterene\n|-damage|p1a: Hatterene|52/100 par\n|-unboost|p1a: Hatterene|spa|1\n|move|p1a: Hatterene|Draining Kiss|p2a: Ribombee\n|-damage|p2a: Ribombee|0 fnt\n|-heal|p1a: Hatterene|52/100 par|[from] drain|[of] p2a: Ribombee\n|faint|p2a: Ribombee\n|\n|-heal|p1a: Hatterene|58/100 par|[from] item: Leftovers\n|upkeep\n|\n|t:|1695170474\n|switch|p2a: KARAMBIIT|Kingambit, F, shiny|100/100\n|-activate|p2a: KARAMBIIT|ability: Supreme Overlord\n|-start|p2a: KARAMBIIT|fallen1|[silent]\n|turn|9\n|\n|t:|1695170487\n|-terastallize|p1a: Hatterene|Water\n|move|p2a: KARAMBIIT|Kowtow Cleave|p1a: Hatterene\n|-damage|p1a: Hatterene|3/100 par\n|move|p1a: Hatterene|Draining Kiss|p2a: KARAMBIIT\n|-crit|p2a: KARAMBIIT\n|-damage|p2a: KARAMBIIT|13/100\n|-heal|p1a: Hatterene|86/100 par|[from] drain|[of] p2a: KARAMBIIT\n|\n|-heal|p1a: Hatterene|92/100 par|[from] item: Leftovers\n|upkeep\n|turn|10\n|\n|t:|1695170498\n|move|p2a: KARAMBIIT|Kowtow Cleave|p1a: Hatterene\n|-damage|p1a: Hatterene|37/100 par\n|move|p1a: Hatterene|Draining Kiss|p2a: KARAMBIIT\n|-damage|p2a: KARAMBIIT|0 fnt\n|-heal|p1a: Hatterene|50/100 par|[from] drain|[of] p2a: KARAMBIIT\n|faint|p2a: KARAMBIIT\n|-end|p2a: KARAMBIIT|fallen1|[silent]\n|\n|-heal|p1a: Hatterene|56/100 par|[from] item: Leftovers\n|upkeep\n|c|\u2606Francoise Fat|aint that rich\n|c|\u2606Francoise Fat|#deserved\n|\n|t:|1695170508\n|switch|p2a: Ogerpon|Ogerpon, F|100/100\n|turn|11\n|\n|t:|1695170512\n|move|p2a: Ogerpon|Ivy Cudgel|p1a: Hatterene\n|-supereffective|p1a: Hatterene\n|-crit|p1a: Hatterene\n|-damage|p1a: Hatterene|0 fnt\n|faint|p1a: Hatterene\n|\n|upkeep\n|\n|t:|1695170525\n|switch|p1a: Great Tusk|Great Tusk|100/100\n|turn|12\n|\n|t:|1695170530\n|switch|p2a: Gholdengo|Gholdengo|100/100\n|-item|p2a: Gholdengo|Air Balloon\n|move|p1a: Great Tusk|Rapid Spin|p2a: Gholdengo\n|-immune|p2a: Gholdengo\n|\n|upkeep\n|turn|13\n|\n|t:|1695170539\n|move|p1a: Great Tusk|Knock Off|p2a: Gholdengo\n|-supereffective|p2a: Gholdengo\n|-damage|p2a: Gholdengo|18/100\n|-enditem|p2a: Gholdengo|Air Balloon\n|move|p2a: Gholdengo|Make It Rain|p1a: Great Tusk\n|-damage|p1a: Great Tusk|0 fnt\n|-unboost|p2a: Gholdengo|spa|1\n|faint|p1a: Great Tusk\n|-end|p1a: Great Tusk|Protosynthesis|[silent]\n|\n|upkeep\n|\n|t:|1695170551\n|switch|p1a: Gholdengo|Gholdengo|100/100\n|-activate|p1a: Gholdengo|move: Sticky Web\n|-unboost|p1a: Gholdengo|spe|1\n|turn|14\n|\n|t:|1695170571\n|move|p2a: Gholdengo|Shadow Ball|p1a: Gholdengo\n|-supereffective|p1a: Gholdengo\n|-damage|p1a: Gholdengo|40/100\n|move|p1a: Gholdengo|Shadow Ball|p2a: Gholdengo\n|-supereffective|p2a: Gholdengo\n|-damage|p2a: Gholdengo|0 fnt\n|faint|p2a: Gholdengo\n|\n|upkeep\n|\n|t:|1695170582\n|switch|p2a: Ogerpon|Ogerpon, F|100/100\n|turn|15\n|\n|t:|1695170587\n|move|p2a: Ogerpon|Knock Off|p1a: Gholdengo\n|-supereffective|p1a: Gholdengo\n|-crit|p1a: Gholdengo\n|-damage|p1a: Gholdengo|0 fnt\n|-enditem|p1a: Gholdengo|Choice Scarf|[from] move: Knock Off|[of] p2a: Ogerpon\n|faint|p1a: Gholdengo\n|\n|upkeep\n|\n|t:|1695170595\n|switch|p1a: Dragonite|Dragonite, F|100/100\n|turn|16\n|\n|t:|1695170598\n|move|p2a: Ogerpon|Knock Off|p1a: Dragonite\n|-damage|p1a: Dragonite|85/100\n|-enditem|p1a: Dragonite|Leftovers|[from] move: Knock Off|[of] p2a: Ogerpon\n|move|p1a: Dragonite|Dragon Dance|p1a: Dragonite\n|-boost|p1a: Dragonite|atk|1\n|-boost|p1a: Dragonite|spe|1\n|\n|upkeep\n|turn|17\n|\n|t:|1695170605\n|switch|p2a: Landorus|Landorus-Therian, M|100/100\n|-ability|p2a: Landorus|Intimidate|boost\n|-unboost|p1a: Dragonite|atk|1\n|move|p1a: Dragonite|Dragon Dance|p1a: Dragonite\n|-boost|p1a: Dragonite|atk|1\n|-boost|p1a: Dragonite|spe|1\n|\n|upkeep\n|turn|18\n|\n|t:|1695170614\n|-terastallize|p2a: Landorus|Flying\n|move|p1a: Dragonite|Dragon Dance|p1a: Dragonite\n|-boost|p1a: Dragonite|atk|1\n|-boost|p1a: Dragonite|spe|1\n|move|p2a: Landorus|Tera Blast|p1a: Dragonite\n|-damage|p1a: Dragonite|26/100\n|\n|upkeep\n|turn|19\n|\n|t:|1695170623\n|move|p1a: Dragonite|Roost|p1a: Dragonite\n|-heal|p1a: Dragonite|76/100\n|-singleturn|p1a: Dragonite|move: Roost\n|move|p2a: Landorus|Tera Blast|p1a: Dragonite\n|-damage|p1a: Dragonite|25/100\n|\n|upkeep\n|turn|20\n|\n|t:|1695170630\n|switch|p1a: Garganacl|Garganacl, F|100/100\n|-activate|p1a: Garganacl|move: Sticky Web\n|-unboost|p1a: Garganacl|spe|1\n|move|p2a: Landorus|Tera Blast|p1a: Garganacl\n|-resisted|p1a: Garganacl\n|-damage|p1a: Garganacl|85/100\n|\n|-heal|p1a: Garganacl|91/100|[from] item: Leftovers\n|upkeep\n|turn|21\n|\n|t:|1695170642\n|move|p2a: Landorus|Substitute|p2a: Landorus\n|-start|p2a: Landorus|Substitute\n|-damage|p2a: Landorus|76/100\n|move|p1a: Garganacl|Salt Cure|p2a: Landorus\n|-supereffective|p2a: Landorus\n|-end|p2a: Landorus|Substitute\n|\n|-heal|p1a: Garganacl|97/100|[from] item: Leftovers\n|upkeep\n|turn|22\n|\n|t:|1695170651\n|switch|p2a: Ogerpon|Ogerpon, F|100/100\n|move|p1a: Garganacl|Salt Cure|p2a: Ogerpon\n|-damage|p2a: Ogerpon|84/100\n|-start|p2a: Ogerpon|Salt Cure\n|\n|-heal|p1a: Garganacl|100/100|[from] item: Leftovers\n|-damage|p2a: Ogerpon|71/100|[from] Salt Cure\n|upkeep\n|turn|23\n|\n|t:|1695170660\n|move|p2a: Ogerpon|Ivy Cudgel|p1a: Garganacl\n|-supereffective|p1a: Garganacl\n|-crit|p1a: Garganacl\n|-damage|p1a: Garganacl|4/100\n|move|p1a: Garganacl|Avalanche|p2a: Ogerpon\n|-supereffective|p2a: Ogerpon\n|-crit|p2a: Ogerpon\n|-damage|p2a: Ogerpon|0 fnt\n|faint|p2a: Ogerpon\n|\n|-heal|p1a: Garganacl|10/100|[from] item: Leftovers\n|upkeep\n|\n|t:|1695170672\n|switch|p2a: Ursaluna|Ursaluna-Bloodmoon, M|100/100\n|turn|24\n|\n|t:|1695170678\n|move|p2a: Ursaluna|Moonblast|p1a: Garganacl\n|-damage|p1a: Garganacl|0 fnt\n|faint|p1a: Garganacl\n|\n|upkeep\n|\n|t:|1695170683\n|switch|p1a: Samurott|Samurott-Hisui, F|100/100\n|-activate|p1a: Samurott|move: Sticky Web\n|-unboost|p1a: Samurott|spe|1\n|turn|25\n|c|\u2606Francoise Fat|razor shells got a heightened crit rate as well\n|c|\u2606Francoise Fat|lets see\n|\n|t:|1695170693\n|move|p1a: Samurott|Hydro Pump|p2a: Ursaluna\n|-supereffective|p2a: Ursaluna\n|-damage|p2a: Ursaluna|7/100\n|move|p2a: Ursaluna|Moonblast|p1a: Samurott\n|-supereffective|p1a: Samurott\n|-enditem|p1a: Samurott|Focus Sash\n|-damage|p1a: Samurott|1/100\n|\n|upkeep\n|turn|26\n|c|\u2606Francoise Fat|HP? THATS FUCKIN DOPE\n|\n|t:|1695170705\n|move|p1a: Samurott|Sacred Sword|p2a: Ursaluna\n|-supereffective|p2a: Ursaluna\n|-damage|p2a: Ursaluna|0 fnt\n|faint|p2a: Ursaluna\n|\n|upkeep\n|\n|t:|1695170712\n|switch|p2a: Landorus|Landorus-Therian, M, tera:Flying|76/100\n|-ability|p2a: Landorus|Intimidate|boost\n|-unboost|p1a: Samurott|atk|1\n|turn|27\n|\n|t:|1695170716\n|move|p2a: Landorus|Tera Blast|p1a: Samurott\n|-damage|p1a: Samurott|0 fnt\n|faint|p1a: Samurott\n|\n|upkeep\n|\n|t:|1695170721\n|switch|p1a: Dragonite|Dragonite, F|25/100\n|turn|28\n|\n|t:|1695170724\n|move|p2a: Landorus|Tera Blast|p1a: Dragonite\n|-damage|p1a: Dragonite|0 fnt\n|faint|p1a: Dragonite\n|\n|win|Francoise Fat\n|raw|AndreTito's rating: 1239 &rarr; <strong>1220</strong><br />(-19 for losing)\n|raw|Francoise Fat's rating: 1323 &rarr; <strong>1338</strong><br />(+15 for winning)\n|l|\u2606AndreTito\n|c|\u2606Francoise Fat|gl on next son\n", "uploadtime": 1695170732, "views": 3, "p1id": "andretito", "p2id": "francoisefat", "formatid": "gen9ou", "rating": 1220, "private": 0, "password": ""}