{"id": "gen9ou-1947498441", "p1": "Malinsero", "p2": "thunderdog_32", "format": "gen9ou", "log": "|j|\u2606Malinsero\n|j|\u2606thunderdog_32\n|t:|1695166552\n|gametype|singles\n|player|p1|Malinsero|1|1213\n|player|p2|thunderdog_32|169|1244\n|teamsize|p1|6\n|teamsize|p2|6\n|gen|9\n|tier|[Gen 9] OU\n|rated|\n|rule|Sleep Clause Mod: Limit one foe put to sleep\n|rule|Species Clause: Limit one of each Pok\u00e9mon\n|rule|OHKO Clause: OHKO moves are banned\n|rule|Evasion Items Clause: Evasion items are banned\n|rule|Evasion Moves Clause: Evasion moves are banned\n|rule|Endless Battle Clause: Forcing endless battles is banned\n|rule|HP Percentage Mod: HP is shown in percentages\n|clearpoke\n|poke|p1|Manaphy|\n|poke|p1|Enamorus, F|\n|poke|p1|Conkeldurr, F|\n|poke|p1|Slowking-Galar, F|\n|poke|p1|Gliscor, F|\n|poke|p1|Moltres|\n|poke|p2|Samurott-Hisui, M|\n|poke|p2|Zapdos|\n|poke|p2|Cyclizar, M|\n|poke|p2|Gholdengo|\n|poke|p2|Cinderace, M|\n|poke|p2|Weezing-Galar, M|\n|teampreview\n|inactive|Battle timer is ON: inactive players will automatically lose when time's up. (requested by thunderdog_32)\n|\n|t:|1695166569\n|start\n|switch|p1a: Gliscor|Gliscor, F|100/100\n|switch|p2a: Cyclizar|Cyclizar, M|100/100\n|turn|1\n|\n|t:|1695166574\n|move|p2a: Cyclizar|Knock Off|p1a: Gliscor\n|-damage|p1a: Gliscor|82/100\n|-enditem|p1a: Gliscor|Toxic Orb|[from] move: Knock Off|[of] p2a: Cyclizar\n|move|p1a: Gliscor|Knock Off|p2a: Cyclizar\n|-damage|p2a: Cyclizar|53/100\n|-enditem|p2a: Cyclizar|Assault Vest|[from] move: Knock Off|[of] p1a: Gliscor\n|\n|upkeep\n|turn|2\n|\n|t:|1695166583\n|move|p2a: Cyclizar|U-turn|p1a: Gliscor\n|-resisted|p1a: Gliscor\n|-damage|p1a: Gliscor|76/100\n|\n|t:|1695166588\n|switch|p2a: Zapdos|Zapdos|100/100|[from] U-turn\n|move|p1a: Gliscor|Earthquake|p2a: Zapdos\n|-immune|p2a: Zapdos\n|\n|upkeep\n|turn|3\n|\n|t:|1695166597\n|move|p2a: Zapdos|Hurricane|p1a: Gliscor\n|-damage|p1a: Gliscor|20/100\n|-start|p1a: Gliscor|confusion\n|-activate|p1a: Gliscor|confusion\n|-damage|p1a: Gliscor|9/100|[from] confusion\n|\n|upkeep\n|turn|4\n|\n|t:|1695166606\n|switch|p1a: Slowking|Slowking-Galar, F|100/100\n|move|p2a: Zapdos|Heat Wave|p1a: Slowking\n|-damage|p1a: Slowking|83/100\n|\n|upkeep\n|turn|5\n|\n|t:|1695166615\n|move|p2a: Zapdos|Volt Switch|p1a: Slowking\n|-damage|p1a: Slowking|67/100\n|\n|t:|1695166618\n|switch|p2a: Samurott|Samurott-Hisui, M|100/100|[from] Volt Switch\n|move|p1a: Slowking|Future Sight|p2a: Samurott\n|-start|p1a: Slowking|move: Future Sight\n|\n|upkeep\n|turn|6\n|\n|t:|1695166623\n|switch|p1a: Moltres|Moltres|100/100\n|move|p2a: Samurott|Ceaseless Edge|p1a: Moltres\n|-damage|p1a: Moltres|72/100\n|-sidestart|p1: Malinsero|Spikes\n|\n|upkeep\n|turn|7\n|\n|t:|1695166634\n|switch|p2a: Gholdengo|Gholdengo|100/100\n|switch|p1a: Enamorus|Enamorus, F|100/100\n|\n|-end|p2a: Gholdengo|move: Future Sight\n|-resisted|p2a: Gholdengo\n|-damage|p2a: Gholdengo|76/100\n|upkeep\n|turn|8\n|\n|t:|1695166644\n|move|p1a: Enamorus|Mystical Fire|p2a: Gholdengo\n|-supereffective|p2a: Gholdengo\n|-damage|p2a: Gholdengo|9/100\n|-unboost|p2a: Gholdengo|spa|1\n|move|p2a: Gholdengo|Trick|p1a: Enamorus\n|-activate|p2a: Gholdengo|move: Trick|[of] p1a: Enamorus\n|-item|p1a: Enamorus|Choice Scarf|[from] move: Trick\n|-item|p2a: Gholdengo|Choice Scarf|[from] move: Trick\n|\n|upkeep\n|turn|9\n|\n|t:|1695166653\n|move|p1a: Enamorus|Moonblast|p2a: Gholdengo\n|-resisted|p2a: Gholdengo\n|-damage|p2a: Gholdengo|0 fnt\n|faint|p2a: Gholdengo\n|\n|upkeep\n|\n|t:|1695166659\n|switch|p2a: Samurott|Samurott-Hisui, M|100/100\n|turn|10\n|\n|t:|1695166663\n|move|p1a: Enamorus|Moonblast|p2a: Samurott\n|-supereffective|p2a: Samurott\n|-enditem|p2a: Samurott|Focus Sash\n|-damage|p2a: Samurott|1/100\n|-unboost|p2a: Samurott|spa|1\n|move|p2a: Samurott|Razor Shell|p1a: Enamorus\n|-damage|p1a: Enamorus|21/100\n|\n|upkeep\n|turn|11\n|\n|t:|1695166673\n|switch|p1a: Gliscor|Gliscor, F|9/100\n|move|p2a: Samurott|Aqua Jet|p1a: Gliscor\n|-supereffective|p1a: Gliscor\n|-damage|p1a: Gliscor|0 fnt\n|faint|p1a: Gliscor\n|\n|upkeep\n|\n|t:|1695166684\n|switch|p1a: Conkeldurr|Conkeldurr, F|100/100\n|-damage|p1a: Conkeldurr|88/100|[from] Spikes\n|turn|12\n|\n|t:|1695166695\n|-terastallize|p2a: Samurott|Ghost\n|move|p2a: Samurott|Razor Shell|p1a: Conkeldurr\n|-damage|p1a: Conkeldurr|43/100\n|-unboost|p1a: Conkeldurr|def|1\n|move|p1a: Conkeldurr|Defog|p2a: Samurott\n|-unboost|p2a: Samurott|evasion|1\n|-sideend|p1: Malinsero|Spikes|[from] move: Defog|[of] p1a: Conkeldurr\n|\n|upkeep\n|turn|13\n|\n|t:|1695166705\n|switch|p1a: Slowking|Slowking-Galar, F|100/100\n|move|p2a: Samurott|Razor Shell|p1a: Slowking\n|-damage|p1a: Slowking|44/100\n|\n|upkeep\n|turn|14\n|\n|t:|1695166712\n|switch|p1a: Moltres|Moltres|72/100\n|move|p2a: Samurott|Ceaseless Edge|p1a: Moltres\n|-damage|p1a: Moltres|43/100\n|-sidestart|p1: Malinsero|Spikes\n|\n|upkeep\n|turn|15\n|\n|t:|1695166723\n|move|p2a: Samurott|Aqua Jet|p1a: Moltres\n|-supereffective|p1a: Moltres\n|-damage|p1a: Moltres|16/100\n|-status|p2a: Samurott|brn|[from] ability: Flame Body|[of] p1a: Moltres\n|move|p1a: Moltres|Flamethrower|p2a: Samurott\n|-damage|p2a: Samurott|0 fnt\n|faint|p2a: Samurott\n|\n|upkeep\n|\n|t:|1695166732\n|switch|p2a: Cinderace|Cinderace, M|100/100\n|turn|16\n|\n|t:|1695166738\n|move|p2a: Cinderace|Pyro Ball|p1a: Moltres\n|-resisted|p1a: Moltres\n|-damage|p1a: Moltres|0 fnt\n|faint|p1a: Moltres\n|\n|upkeep\n|\n|t:|1695166741\n|switch|p1a: Enamorus|Enamorus, F|21/100\n|turn|17\n|\n|t:|1695166748\n|move|p2a: Cinderace|Sucker Punch|p1a: Enamorus\n|-start|p2a: Cinderace|typechange|Dark|[from] ability: Libero\n|-resisted|p1a: Enamorus\n|-damage|p1a: Enamorus|0 fnt\n|faint|p1a: Enamorus\n|\n|upkeep\n|\n|t:|1695166754\n|switch|p1a: Manaphy|Manaphy|100/100\n|-damage|p1a: Manaphy|88/100|[from] Spikes\n|turn|18\n|\n|t:|1695166757\n|move|p2a: Cinderace|U-turn|p1a: Manaphy\n|-damage|p1a: Manaphy|68/100\n|\n|t:|1695166760\n|switch|p2a: Zapdos|Zapdos|100/100|[from] U-turn\n|move|p1a: Manaphy|Acid Armor|p1a: Manaphy\n|-boost|p1a: Manaphy|def|2\n|\n|-heal|p1a: Manaphy|74/100|[from] item: Leftovers\n|upkeep\n|turn|19\n|\n|t:|1695166767\n|-terastallize|p1a: Manaphy|Poison\n|move|p2a: Zapdos|Volt Switch|p1a: Manaphy\n|-damage|p1a: Manaphy|49/100\n|\n|t:|1695166770\n|switch|p2a: Weezing|Weezing-Galar, M|100/100|[from] Volt Switch\n|move|p1a: Manaphy|Take Heart|p1a: Manaphy\n|-boost|p1a: Manaphy|spa|1\n|-boost|p1a: Manaphy|spd|1\n|\n|-heal|p1a: Manaphy|55/100|[from] item: Leftovers\n|upkeep\n|turn|20\n|\n|t:|1695166780\n|move|p1a: Manaphy|Take Heart|p1a: Manaphy\n|-boost|p1a: Manaphy|spa|1\n|-boost|p1a: Manaphy|spd|1\n|move|p2a: Weezing|Haze|p2a: Weezing\n|-clearallboost\n|\n|-heal|p1a: Manaphy|61/100|[from] item: Leftovers\n|upkeep\n|turn|21\n|\n|t:|1695166788\n|move|p1a: Manaphy|Scald|p2a: Weezing\n|-damage|p2a: Weezing|65/100\n|move|p2a: Weezing|Shadow Ball|p1a: Manaphy\n|-damage|p1a: Manaphy|49/100\n|\n|-heal|p1a: Manaphy|55/100|[from] item: Leftovers\n|-heal|p2a: Weezing|71/100|[from] item: Black Sludge\n|upkeep\n|turn|22\n|\n|t:|1695166798\n|switch|p1a: Slowking|Slowking-Galar, F|77/100\n|switch|p2a: Cyclizar|Cyclizar, M|87/100\n|\n|upkeep\n|turn|23\n|\n|t:|1695166803\n|move|p2a: Cyclizar|Knock Off|p1a: Slowking\n|-supereffective|p1a: Slowking\n|-crit|p1a: Slowking\n|-damage|p1a: Slowking|15/100\n|-enditem|p1a: Slowking|Heavy-Duty Boots|[from] move: Knock Off|[of] p2a: Cyclizar\n|move|p1a: Slowking|Thunder Wave|p2a: Cyclizar\n|-status|p2a: Cyclizar|par\n|\n|upkeep\n|turn|24\n|\n|t:|1695166813\n|cant|p2a: Cyclizar|par\n|move|p1a: Slowking|Future Sight|p2a: Cyclizar\n|-start|p1a: Slowking|move: Future Sight\n|\n|upkeep\n|turn|25\n|\n|t:|1695166817\n|switch|p1a: Conkeldurr|Conkeldurr, F|43/100\n|-damage|p1a: Conkeldurr|31/100|[from] Spikes\n|cant|p2a: Cyclizar|par\n|\n|upkeep\n|turn|26\n|\n|t:|1695166823\n|switch|p2a: Zapdos|Zapdos|100/100\n|move|p1a: Conkeldurr|Drain Punch|p2a: Zapdos\n|-resisted|p2a: Zapdos\n|-damage|p2a: Zapdos|72/100\n|-heal|p1a: Conkeldurr|44/100|[from] drain|[of] p2a: Zapdos\n|\n|-end|p2a: Zapdos|move: Future Sight\n|-damage|p2a: Zapdos|28/100\n|upkeep\n|turn|27\n|\n|t:|1695166830\n|move|p2a: Zapdos|Hurricane|p1a: Conkeldurr\n|-supereffective|p1a: Conkeldurr\n|-damage|p1a: Conkeldurr|0 fnt\n|faint|p1a: Conkeldurr\n|\n|upkeep\n|\n|t:|1695166834\n|switch|p1a: Manaphy|Manaphy, tera:Poison|55/100\n|-damage|p1a: Manaphy|42/100|[from] Spikes\n|turn|28\n|\n|t:|1695166841\n|move|p2a: Zapdos|Volt Switch|p1a: Manaphy\n|-damage|p1a: Manaphy|18/100\n|\n|t:|1695166848\n|switch|p2a: Cinderace|Cinderace, M|100/100|[from] Volt Switch\n|move|p1a: Manaphy|Take Heart|p1a: Manaphy\n|-boost|p1a: Manaphy|spa|1\n|-boost|p1a: Manaphy|spd|1\n|\n|-heal|p1a: Manaphy|25/100|[from] item: Leftovers\n|upkeep\n|turn|29\n|\n|t:|1695166853\n|move|p2a: Cinderace|Sucker Punch|p1a: Manaphy\n|-start|p2a: Cinderace|typechange|Dark|[from] ability: Libero\n|-damage|p1a: Manaphy|0 fnt\n|faint|p1a: Manaphy\n|\n|upkeep\n|\n|t:|1695166856\n|switch|p1a: Slowking|Slowking-Galar, F|48/100\n|-damage|p1a: Slowking|36/100|[from] Spikes\n|turn|30\n|\n|t:|1695166859\n|move|p2a: Cinderace|Pyro Ball|p1a: Slowking\n|-damage|p1a: Slowking|0 fnt\n|faint|p1a: Slowking\n|\n|win|thunderdog_32\n|raw|Malinsero's rating: 1213 &rarr; <strong>1190</strong><br />(-23 for losing)\n|raw|thunderdog_32's rating: 1244 &rarr; <strong>1267</strong><br />(+23 for winning)\n|c|\u2606Malinsero|gg\n|l|\u2606Malinsero\n|c|\u2606thunderdog_32|ggs son\n", "uploadtime": 1695166868, "views": 1, "p1id": "malinsero", "p2id": "thunderdog32", "formatid": "gen9ou", "rating": 1190, "private": 0, "password": ""}