{"id": "gen9ou-1947567699", "p1": "Dr. Drake6782", "p2": "02xygen_", "format": "gen9ou", "log": "|j|\u2606Dr. Drake6782\n|j|\u260602xygen_\n|t:|1695173334\n|gametype|singles\n|player|p1|Dr. Drake6782|hilbert-masters|1638\n|player|p2|02xygen_|iris-gen5bw2|1710\n|teamsize|p1|6\n|teamsize|p2|6\n|gen|9\n|tier|[Gen 9] OU\n|rated|\n|rule|Sleep Clause Mod: Limit one foe put to sleep\n|rule|Species Clause: Limit one of each Pok\u00e9mon\n|rule|OHKO Clause: OHKO moves are banned\n|rule|Evasion Items Clause: Evasion items are banned\n|rule|Evasion Moves Clause: Evasion moves are banned\n|rule|Endless Battle Clause: Forcing endless battles is banned\n|rule|HP Percentage Mod: HP is shown in percentages\n|clearpoke\n|poke|p1|Kingambit, M|\n|poke|p1|Glimmora, M|\n|poke|p1|Zamazenta-*|\n|poke|p1|Iron Valiant|\n|poke|p1|Iron Moth|\n|poke|p1|Ogerpon-Wellspring, F|\n|poke|p2|Ribombee, F|\n|poke|p2|Gholdengo|\n|poke|p2|Ogerpon-Hearthflame, F|\n|poke|p2|Great Tusk|\n|poke|p2|Samurott-Hisui, F|\n|poke|p2|Enamorus, F|\n|teampreview\n|inactive|Battle timer is ON: inactive players will automatically lose when time's up. (requested by Dr. Drake6782)\n|\n|t:|1695173342\n|start\n|switch|p1a: Glimmora|Glimmora, M|100/100\n|switch|p2a: Samurott|Samurott-Hisui, F, shiny|100/100\n|turn|1\n|inactive|02xygen_ has 120 seconds left.\n|\n|t:|1695173373\n|move|p1a: Glimmora|Stealth Rock|p2a: Samurott\n|-sidestart|p2: 02xygen_|move: Stealth Rock\n|move|p2a: Samurott|Ceaseless Edge|p1a: Glimmora\n|-damage|p1a: Glimmora|45/100\n|-activate|p1a: Glimmora|ability: Toxic Debris\n|-sidestart|p2: 02xygen_|move: Toxic Spikes\n|-sidestart|p1: Dr. Drake6782|Spikes\n|\n|upkeep\n|turn|2\n|\n|t:|1695173390\n|move|p1a: Glimmora|Mortal Spin|p2a: Samurott\n|-damage|p2a: Samurott|92/100\n|-status|p2a: Samurott|psn\n|-sideend|p1: Dr. Drake6782|Spikes|[from] move: Mortal Spin|[of] p1a: Glimmora\n|move|p2a: Samurott|Ceaseless Edge|p1a: Glimmora|[miss]\n|-miss|p2a: Samurott|p1a: Glimmora\n|\n|-damage|p2a: Samurott|80/100 psn|[from] psn\n|upkeep\n|turn|3\n|\n|t:|1695173397\n|move|p1a: Glimmora|Power Gem|p2a: Samurott\n|-damage|p2a: Samurott|39/100 psn\n|move|p2a: Samurott|Ceaseless Edge|p1a: Glimmora\n|-damage|p1a: Glimmora|0 fnt\n|-activate|p1a: Glimmora|ability: Toxic Debris\n|-sidestart|p2: 02xygen_|move: Toxic Spikes\n|-sidestart|p1: Dr. Drake6782|Spikes\n|faint|p1a: Glimmora\n|\n|-damage|p2a: Samurott|26/100 psn|[from] psn\n|upkeep\n|\n|t:|1695173409\n|switch|p1a: Zamazenta|Zamazenta, shiny|100/100\n|-damage|p1a: Zamazenta|88/100|[from] Spikes\n|-ability|p1a: Zamazenta|Dauntless Shield|boost\n|-boost|p1a: Zamazenta|def|1\n|turn|4\n|\n|t:|1695173420\n|move|p1a: Zamazenta|Iron Defense|p1a: Zamazenta\n|-boost|p1a: Zamazenta|def|2\n|move|p2a: Samurott|Grass Knot|p1a: Zamazenta\n|-damage|p1a: Zamazenta|64/100\n|\n|-heal|p1a: Zamazenta|71/100|[from] item: Leftovers\n|-damage|p2a: Samurott|14/100 psn|[from] psn\n|upkeep\n|turn|5\n|\n|t:|1695173426\n|move|p1a: Zamazenta|Body Press|p2a: Samurott\n|-supereffective|p2a: Samurott\n|-damage|p2a: Samurott|0 fnt\n|faint|p2a: Samurott\n|\n|-heal|p1a: Zamazenta|77/100|[from] item: Leftovers\n|upkeep\n|\n|t:|1695173433\n|switch|p2a: Great Tusk|Great Tusk|100/100\n|turn|6\n|\n|t:|1695173437\n|move|p1a: Zamazenta|Iron Defense|p1a: Zamazenta\n|-boost|p1a: Zamazenta|def|2\n|move|p2a: Great Tusk|Rapid Spin|p1a: Zamazenta\n|-damage|p1a: Zamazenta|72/100\n|-boost|p2a: Great Tusk|spe|1\n|-sideend|p2: 02xygen_|Toxic Spikes|[from] move: Rapid Spin|[of] p2a: Great Tusk\n|-sideend|p2: 02xygen_|Stealth Rock|[from] move: Rapid Spin|[of] p2a: Great Tusk\n|\n|-heal|p1a: Zamazenta|78/100|[from] item: Leftovers\n|upkeep\n|turn|7\n|\n|t:|1695173450\n|-end|p2a: Great Tusk|Protosynthesis|[silent]\n|switch|p2a: Gholdengo|Gholdengo|100/100\n|move|p1a: Zamazenta|Body Press|p2a: Gholdengo\n|-immune|p2a: Gholdengo\n|\n|-heal|p1a: Zamazenta|84/100|[from] item: Leftovers\n|upkeep\n|turn|8\n|\n|t:|1695173457\n|-terastallize|p1a: Zamazenta|Fire\n|move|p1a: Zamazenta|Crunch|p2a: Gholdengo\n|-supereffective|p2a: Gholdengo\n|-damage|p2a: Gholdengo|62/100\n|move|p2a: Gholdengo|Nasty Plot|p2a: Gholdengo\n|-boost|p2a: Gholdengo|spa|2\n|\n|-heal|p1a: Zamazenta|91/100|[from] item: Leftovers\n|upkeep\n|turn|9\n|\n|t:|1695173465\n|move|p1a: Zamazenta|Crunch|p2a: Gholdengo\n|-supereffective|p2a: Gholdengo\n|-damage|p2a: Gholdengo|25/100\n|move|p2a: Gholdengo|Recover|p2a: Gholdengo\n|-heal|p2a: Gholdengo|75/100\n|\n|-heal|p1a: Zamazenta|97/100|[from] item: Leftovers\n|upkeep\n|turn|10\n|\n|t:|1695173473\n|move|p1a: Zamazenta|Crunch|p2a: Gholdengo\n|-supereffective|p2a: Gholdengo\n|-damage|p2a: Gholdengo|37/100\n|move|p2a: Gholdengo|Shadow Ball|p1a: Zamazenta\n|-damage|p1a: Zamazenta|35/100\n|-unboost|p1a: Zamazenta|spd|1\n|\n|-heal|p1a: Zamazenta|41/100|[from] item: Leftovers\n|upkeep\n|turn|11\n|inactive|02xygen_ has 120 seconds left.\n|j| disagreements\n|l| disagreements\n|\n|t:|1695173523\n|move|p1a: Zamazenta|Crunch|p2a: Gholdengo\n|-supereffective|p2a: Gholdengo\n|-damage|p2a: Gholdengo|0 fnt\n|faint|p2a: Gholdengo\n|\n|-heal|p1a: Zamazenta|47/100|[from] item: Leftovers\n|upkeep\n|\n|t:|1695173526\n|switch|p2a: Ribombee|Ribombee, F, shiny|100/100\n|turn|12\n|\n|t:|1695173529\n|move|p2a: Ribombee|Moonblast|p1a: Zamazenta\n|-resisted|p1a: Zamazenta\n|-damage|p1a: Zamazenta|19/100\n|-unboost|p1a: Zamazenta|spa|1\n|move|p1a: Zamazenta|Body Press|p2a: Ribombee\n|-resisted|p2a: Ribombee\n|-damage|p2a: Ribombee|37/100\n|\n|-heal|p1a: Zamazenta|25/100|[from] item: Leftovers\n|upkeep\n|turn|13\n|inactive|02xygen_ has 120 seconds left.\n|\n|t:|1695173538\n|move|p2a: Ribombee|Moonblast|p1a: Zamazenta\n|-resisted|p1a: Zamazenta\n|-crit|p1a: Zamazenta\n|-damage|p1a: Zamazenta|0 fnt\n|faint|p1a: Zamazenta\n|\n|upkeep\n|\n|t:|1695173542\n|switch|p1a: Iron Valiant|Iron Valiant|100/100\n|-damage|p1a: Iron Valiant|88/100|[from] Spikes\n|-enditem|p1a: Iron Valiant|Booster Energy\n|-activate|p1a: Iron Valiant|ability: Quark Drive|[fromitem]\n|-start|p1a: Iron Valiant|quarkdrivespe\n|turn|14\n|c|\u2606Dr. Drake6782|No scarf\n|c|\u2606Dr. Drake6782|I believe\n|inactive|02xygen_ has 120 seconds left.\n|c|\u260602xygen_|why would it be scarfed\n|\n|t:|1695173565\n|move|p1a: Iron Valiant|Moonblast|p2a: Ribombee\n|-damage|p2a: Ribombee|0 fnt\n|faint|p2a: Ribombee\n|\n|upkeep\n|c|\u2606Dr. Drake6782|I have seen\n|c|\u2606Dr. Drake6782|ja morant use scarf\n|c|\u260602xygen_|lmao\n|inactive|02xygen_ has 90 seconds left.\n|c|\u2606Dr. Drake6782|can u win?\n|c|\u2606Dr. Drake6782|lets find out\n|c|\u260602xygen_|yes\n|c|\u2606Dr. Drake6782|prove it\n|\n|t:|1695173614\n|switch|p2a: Ogerpon|Ogerpon-Hearthflame, F|100/100\n|-ability|p2a: Ogerpon|Mold Breaker\n|turn|15\n|c|\u2606Dr. Drake6782|anyone can try to win\n|c|\u2606Dr. Drake6782|but only a god can win\n|inactive|02xygen_ has 60 seconds left.\n|\n|t:|1695173644\n|-terastallize|p2a: Ogerpon|Fire\n|detailschange|p2a: Ogerpon|Ogerpon-Hearthflame-Tera, F, tera:Fire\n|-ability|p2a: Ogerpon|Embody Aspect (Hearthflame)|boost\n|-boost|p2a: Ogerpon|atk|1\n|move|p1a: Iron Valiant|Psyshock|p2a: Ogerpon\n|-damage|p2a: Ogerpon|69/100\n|move|p2a: Ogerpon|Horn Leech|p1a: Iron Valiant\n|-damage|p1a: Iron Valiant|3/100\n|-heal|p2a: Ogerpon|100/100|[from] drain|[of] p1a: Iron Valiant\n|\n|upkeep\n|turn|16\n|c|\u2606Dr. Drake6782|haha\n|c|\u2606Dr. Drake6782|nice try\n|inactive|02xygen_ has 60 seconds left.\n|\n|t:|1695173655\n|move|p1a: Iron Valiant|Psyshock|p2a: Ogerpon\n|-damage|p2a: Ogerpon|64/100\n|move|p2a: Ogerpon|Horn Leech|p1a: Iron Valiant\n|-damage|p1a: Iron Valiant|0 fnt\n|-heal|p2a: Ogerpon|65/100|[from] drain|[of] p1a: Iron Valiant\n|faint|p1a: Iron Valiant\n|-end|p1a: Iron Valiant|Quark Drive|[silent]\n|\n|upkeep\n|c|\u260602xygen_|why you being weird\n|inactive|Dr. Drake6782 has 120 seconds left.\n|inactive|Dr. Drake6782 has 90 seconds left.\n|\n|t:|1695173722\n|switch|p1a: Kingambit|Kingambit, M|100/100\n|-damage|p1a: Kingambit|88/100|[from] Spikes\n|-activate|p1a: Kingambit|ability: Supreme Overlord\n|-start|p1a: Kingambit|fallen3|[silent]\n|turn|17\n|\n|t:|1695173732\n|switch|p2a: Great Tusk|Great Tusk|100/100\n|move|p1a: Kingambit|Sucker Punch||[still]\n|-fail|p1a: Kingambit\n|\n|upkeep\n|turn|18\n|\n|t:|1695173740\n|-end|p1a: Kingambit|fallen3|[silent]\n|switch|p1a: Ogerpon|Ogerpon-Wellspring, F, shiny|100/100\n|-damage|p1a: Ogerpon|88/100|[from] Spikes\n|move|p2a: Great Tusk|Rapid Spin|p1a: Ogerpon\n|-damage|p1a: Ogerpon|65/100\n|-boost|p2a: Great Tusk|spe|1\n|\n|upkeep\n|turn|19\n|inactive|02xygen_ has 60 seconds left.\n|\n|t:|1695173777\n|move|p2a: Great Tusk|Ice Spinner|p1a: Ogerpon\n|-damage|p1a: Ogerpon|27/100\n|move|p1a: Ogerpon|Ivy Cudgel|p2a: Great Tusk\n|-supereffective|p2a: Great Tusk\n|-damage|p2a: Great Tusk|8/100\n|\n|upkeep\n|turn|20\n|\n|t:|1695173785\n|move|p2a: Great Tusk|Ice Spinner|p1a: Ogerpon\n|-damage|p1a: Ogerpon|0 fnt\n|faint|p1a: Ogerpon\n|\n|upkeep\n|\n|t:|1695173791\n|switch|p1a: Iron Moth|Iron Moth|100/100\n|-damage|p1a: Iron Moth|88/100|[from] Spikes\n|-enditem|p1a: Iron Moth|Booster Energy\n|-activate|p1a: Iron Moth|ability: Quark Drive|[fromitem]\n|-start|p1a: Iron Moth|quarkdrivespe\n|turn|21\n|inactive|02xygen_ has 60 seconds left.\n|\n|t:|1695173797\n|move|p1a: Iron Moth|Fiery Dance|p2a: Great Tusk\n|-damage|p2a: Great Tusk|0 fnt\n|faint|p2a: Great Tusk\n|-end|p2a: Great Tusk|Protosynthesis|[silent]\n|\n|upkeep\n|c|\u2606Dr. Drake6782|I wanna feel like\n|\n|t:|1695173801\n|switch|p2a: Ogerpon|Ogerpon-Hearthflame-Tera, F, tera:Fire|65/100\n|-ability|p2a: Ogerpon|Embody Aspect (Hearthflame)|boost\n|-boost|p2a: Ogerpon|atk|1\n|turn|22\n|c|\u2606Dr. Drake6782|somebodys watching me\n|inactive|Dr. Drake6782 has 120 seconds left.\n|\n|t:|1695173808\n|move|p1a: Iron Moth|Sludge Wave|p2a: Ogerpon\n|-damage|p2a: Ogerpon|11/100\n|-status|p2a: Ogerpon|psn\n|move|p2a: Ogerpon|Stomping Tantrum|p1a: Iron Moth\n|-supereffective|p1a: Iron Moth\n|-damage|p1a: Iron Moth|0 fnt\n|faint|p1a: Iron Moth\n|-end|p1a: Iron Moth|Quark Drive|[silent]\n|\n|-damage|p2a: Ogerpon|0 fnt|[from] psn\n|faint|p2a: Ogerpon\n|upkeep\n|\n|t:|1695173815\n|switch|p1a: Kingambit|Kingambit, M|88/100\n|switch|p2a: Enamorus|Enamorus, F|100/100\n|-damage|p1a: Kingambit|76/100|[from] Spikes\n|-activate|p1a: Kingambit|ability: Supreme Overlord\n|-start|p1a: Kingambit|fallen5|[silent]\n|turn|23\n|c|\u2606Dr. Drake6782|damn\n|c|\u2606Dr. Drake6782|if this is godamn superpower\n|c|\u2606Dr. Drake6782|its ggs\n|\n|t:|1695173823\n|move|p2a: Enamorus|Earth Power|p1a: Kingambit\n|-supereffective|p1a: Kingambit\n|-damage|p1a: Kingambit|2/100\n|move|p1a: Kingambit|Iron Head|p2a: Enamorus\n|-supereffective|p2a: Enamorus\n|-damage|p2a: Enamorus|0 fnt\n|faint|p2a: Enamorus\n|\n|win|Dr. Drake6782\n|raw|Dr. Drake6782's rating: 1638 &rarr; <strong>1662</strong><br />(+24 for winning)\n|raw|02xygen_'s rating: 1710 &rarr; <strong>1686</strong><br />(-24 for losing)\n|c|\u2606Dr. Drake6782|ggs\n|c|\u260602xygen_|gg\n|c|\u2606Dr. Drake6782|I solo\n", "uploadtime": 1695173833, "views": 3, "p1id": "drdrake6782", "p2id": "02xygen", "formatid": "gen9ou", "rating": 1662, "private": 0, "password": ""}