{"id": "gen9ou-1947513539", "p1": "Mahida", "p2": "aim88", "format": "gen9ou", "log": "|j|\u2606Mahida\n|j|\u2606aim88\n|t:|1695168043\n|gametype|singles\n|player|p1|Mahida|benga|1036\n|player|p2|aim88|2|1120\n|teamsize|p1|6\n|teamsize|p2|6\n|gen|9\n|tier|[Gen 9] OU\n|rated|\n|rule|Sleep Clause Mod: Limit one foe put to sleep\n|rule|Species Clause: Limit one of each Pok\u00e9mon\n|rule|OHKO Clause: OHKO moves are banned\n|rule|Evasion Items Clause: Evasion items are banned\n|rule|Evasion Moves Clause: Evasion moves are banned\n|rule|Endless Battle Clause: Forcing endless battles is banned\n|rule|HP Percentage Mod: HP is shown in percentages\n|clearpoke\n|poke|p1|Clawitzer, M|\n|poke|p1|Delphox, F|\n|poke|p1|Goodra-Hisui, M|\n|poke|p1|Meowscarada, F|\n|poke|p1|Ninetales, F|\n|poke|p1|Lilligant-Hisui, F|\n|poke|p2|Empoleon, M|\n|poke|p2|Golem-Alola, M|\n|poke|p2|Sandslash-Alola, F|\n|poke|p2|Alomomola, M|\n|poke|p2|Gliscor, F|\n|poke|p2|Ting-Lu|\n|teampreview\n|\n|t:|1695168066\n|start\n|switch|p1a: check this out.|Ninetales, F|100/100\n|switch|p2a: Golem|Golem-Alola, M|100/100\n|-weather|SunnyDay|[from] ability: Drought|[of] p1a: check this out.\n|turn|1\n|\n|t:|1695168077\n|move|p1a: check this out.|Solar Beam||[still]\n|-prepare|p1a: check this out.|Solar Beam\n|-anim|p1a: check this out.|Solar Beam|p2a: Golem\n|-supereffective|p2a: Golem\n|-damage|p2a: Golem|13/100\n|move|p2a: Golem|Stealth Rock|p1a: check this out.\n|-sidestart|p1: Mahida|move: Stealth Rock\n|\n|-weather|SunnyDay|[upkeep]\n|upkeep\n|turn|2\n|\n|t:|1695168095\n|move|p1a: check this out.|Solar Beam||[still]\n|-prepare|p1a: check this out.|Solar Beam\n|-anim|p1a: check this out.|Solar Beam|p2a: Golem\n|-supereffective|p2a: Golem\n|-crit|p2a: Golem\n|-damage|p2a: Golem|0 fnt\n|faint|p2a: Golem\n|\n|-weather|SunnyDay|[upkeep]\n|upkeep\n|\n|t:|1695168104\n|switch|p2a: Gliscor|Gliscor, F|100/100\n|turn|3\n|\n|t:|1695168113\n|move|p2a: Gliscor|Spikes|p1a: check this out.\n|-sidestart|p1: Mahida|Spikes\n|move|p1a: check this out.|Weather Ball|p2a: Gliscor\n|-damage|p2a: Gliscor|28/100\n|\n|-weather|SunnyDay|[upkeep]\n|-status|p2a: Gliscor|tox|[from] item: Toxic Orb\n|upkeep\n|turn|4\n|\n|t:|1695168127\n|switch|p2a: Ting-Lu|Ting-Lu|100/100\n|-ability|p2a: Ting-Lu|Vessel of Ruin\n|move|p1a: check this out.|Solar Beam||[still]\n|-prepare|p1a: check this out.|Solar Beam\n|-anim|p1a: check this out.|Solar Beam|p2a: Ting-Lu\n|-supereffective|p2a: Ting-Lu\n|-damage|p2a: Ting-Lu|66/100\n|\n|-weather|SunnyDay|[upkeep]\n|-heal|p2a: Ting-Lu|72/100|[from] item: Leftovers\n|upkeep\n|turn|5\n|\n|t:|1695168140\n|move|p1a: check this out.|Solar Beam||[still]\n|-prepare|p1a: check this out.|Solar Beam\n|-anim|p1a: check this out.|Solar Beam|p2a: Ting-Lu\n|-supereffective|p2a: Ting-Lu\n|-damage|p2a: Ting-Lu|34/100\n|move|p2a: Ting-Lu|Whirlwind|p1a: check this out.\n|drag|p1a: Red-Lobster|Clawitzer, M, shiny|100/100\n|-damage|p1a: Red-Lobster|88/100|[from] Stealth Rock\n|-damage|p1a: Red-Lobster|76/100|[from] Spikes\n|\n|-weather|SunnyDay|[upkeep]\n|-heal|p2a: Ting-Lu|40/100|[from] item: Leftovers\n|upkeep\n|turn|6\n|\n|t:|1695168157\n|-terastallize|p2a: Ting-Lu|Fairy\n|move|p1a: Red-Lobster|Aura Sphere|p2a: Ting-Lu\n|-resisted|p2a: Ting-Lu\n|-damage|p2a: Ting-Lu|22/100\n|move|p2a: Ting-Lu|Whirlwind|p1a: Red-Lobster\n|drag|p1a: Silkie|Goodra-Hisui, M, shiny|100/100\n|-damage|p1a: Silkie|95/100|[from] Stealth Rock\n|-damage|p1a: Silkie|82/100|[from] Spikes\n|\n|-weather|SunnyDay|[upkeep]\n|-heal|p2a: Ting-Lu|28/100|[from] item: Leftovers\n|upkeep\n|turn|7\n|\n|t:|1695168183\n|switch|p2a: Alomomola|Alomomola, M|100/100\n|move|p1a: Silkie|Curse|p1a: Silkie\n|-unboost|p1a: Silkie|spe|1\n|-boost|p1a: Silkie|atk|1\n|-boost|p1a: Silkie|def|1\n|\n|-weather|SunnyDay|[upkeep]\n|upkeep\n|turn|8\n|\n|t:|1695168200\n|move|p2a: Alomomola|Wish|p2a: Alomomola\n|move|p1a: Silkie|Thunder Punch|p2a: Alomomola\n|-supereffective|p2a: Alomomola\n|-damage|p2a: Alomomola|63/100\n|\n|-weather|none\n|-heal|p2a: Alomomola|70/100|[from] item: Leftovers\n|upkeep\n|turn|9\n|\n|t:|1695168209\n|move|p2a: Alomomola|Flip Turn|p1a: Silkie\n|-resisted|p1a: Silkie\n|-damage|p1a: Silkie|78/100\n|-damage|p2a: Alomomola|53/100|[from] item: Rocky Helmet|[of] p1a: Silkie\n|-ability|p1a: Silkie|Gooey\n|-unboost|p2a: Alomomola|spe|1\n|\n|t:|1695168224\n|switch|p2a: Gliscor|Gliscor, F|28/100 tox|[from] Flip Turn\n|move|p1a: Silkie|Earthquake|p2a: Gliscor\n|-immune|p2a: Gliscor\n|\n|-heal|p2a: Gliscor|100/100 tox|[from] move: Wish|[wisher] Alomomola\n|upkeep\n|turn|10\n|\n|t:|1695168237\n|move|p2a: Gliscor|Taunt|p1a: Silkie\n|-start|p1a: Silkie|move: Taunt\n|move|p1a: Silkie|Body Press|p2a: Gliscor\n|-resisted|p2a: Gliscor\n|-damage|p2a: Gliscor|88/100 tox\n|\n|-heal|p2a: Gliscor|99/100 tox|[from] ability: Poison Heal\n|upkeep\n|turn|11\n|\n|t:|1695168254\n|switch|p1a: Red-Lobster|Clawitzer, M, shiny|76/100\n|-damage|p1a: Red-Lobster|63/100|[from] Stealth Rock\n|-damage|p1a: Red-Lobster|51/100|[from] Spikes\n|move|p2a: Gliscor|Earthquake|p1a: Red-Lobster\n|-damage|p1a: Red-Lobster|9/100\n|\n|-heal|p2a: Gliscor|100/100 tox|[from] ability: Poison Heal\n|upkeep\n|turn|12\n|\n|t:|1695168268\n|switch|p2a: Alomomola|Alomomola, M|86/100\n|move|p1a: Red-Lobster|Water Pulse|p2a: Alomomola\n|-resisted|p2a: Alomomola\n|-damage|p2a: Alomomola|41/100\n|\n|-heal|p2a: Alomomola|47/100|[from] item: Leftovers\n|upkeep\n|turn|13\n|\n|t:|1695168276\n|move|p1a: Red-Lobster|Water Pulse|p2a: Alomomola\n|-resisted|p2a: Alomomola\n|-damage|p2a: Alomomola|7/100\n|-start|p2a: Alomomola|confusion\n|-activate|p2a: Alomomola|confusion\n|move|p2a: Alomomola|Flip Turn|p1a: Red-Lobster\n|-resisted|p1a: Red-Lobster\n|-damage|p1a: Red-Lobster|0 fnt\n|faint|p1a: Red-Lobster\n|\n|t:|1695168293\n|switch|p2a: Empoleon|Empoleon, M|100/100|[from] Flip Turn\n|\n|upkeep\n|\n|t:|1695168316\n|switch|p1a: Princess|Lilligant-Hisui, F, shiny|100/100\n|-damage|p1a: Princess|94/100|[from] Stealth Rock\n|-damage|p1a: Princess|82/100|[from] Spikes\n|turn|14\n|\n|t:|1695168321\n|move|p1a: Princess|Victory Dance|p1a: Princess\n|-boost|p1a: Princess|atk|1\n|-boost|p1a: Princess|def|1\n|-boost|p1a: Princess|spe|1\n|move|p2a: Empoleon|Ice Beam|p1a: Princess\n|-supereffective|p1a: Princess\n|-damage|p1a: Princess|0 fnt\n|faint|p1a: Princess\n|\n|upkeep\n|\n|t:|1695168328\n|switch|p1a: check this out.|Ninetales, F|100/100\n|-damage|p1a: check this out.|76/100|[from] Stealth Rock\n|-damage|p1a: check this out.|64/100|[from] Spikes\n|-weather|SunnyDay|[from] ability: Drought|[of] p1a: check this out.\n|turn|15\n|\n|t:|1695168339\n|move|p1a: check this out.|Disable|p2a: Empoleon\n|-start|p2a: Empoleon|Disable|Ice Beam\n|move|p2a: Empoleon|Hydro Pump|p1a: check this out.\n|-supereffective|p1a: check this out.\n|-damage|p1a: check this out.|2/100\n|\n|-weather|SunnyDay|[upkeep]\n|upkeep\n|turn|16\n|\n|t:|1695168350\n|switch|p2a: Ting-Lu|Ting-Lu, tera:Fairy|28/100\n|-ability|p2a: Ting-Lu|Vessel of Ruin\n|move|p1a: check this out.|Solar Beam||[still]\n|-prepare|p1a: check this out.|Solar Beam\n|-anim|p1a: check this out.|Solar Beam|p2a: Ting-Lu\n|-damage|p2a: Ting-Lu|9/100\n|\n|-weather|SunnyDay|[upkeep]\n|-heal|p2a: Ting-Lu|15/100|[from] item: Leftovers\n|upkeep\n|turn|17\n|\n|t:|1695168363\n|move|p1a: check this out.|Weather Ball|p2a: Ting-Lu\n|-damage|p2a: Ting-Lu|0 fnt\n|faint|p2a: Ting-Lu\n|\n|-weather|SunnyDay|[upkeep]\n|upkeep\n|\n|t:|1695168373\n|switch|p2a: Alomomola|Alomomola, M|40/100\n|turn|18\n|\n|t:|1695168376\n|move|p1a: check this out.|Solar Beam||[still]\n|-prepare|p1a: check this out.|Solar Beam\n|-anim|p1a: check this out.|Solar Beam|p2a: Alomomola\n|-supereffective|p2a: Alomomola\n|-damage|p2a: Alomomola|0 fnt\n|faint|p2a: Alomomola\n|\n|-weather|SunnyDay|[upkeep]\n|upkeep\n|\n|t:|1695168392\n|switch|p2a: Empoleon|Empoleon, M|100/100\n|turn|19\n|\n|t:|1695168396\n|move|p1a: check this out.|Solar Beam||[still]\n|-prepare|p1a: check this out.|Solar Beam\n|-anim|p1a: check this out.|Solar Beam|p2a: Empoleon\n|-damage|p2a: Empoleon|72/100\n|move|p2a: Empoleon|Roost|p2a: Empoleon\n|-heal|p2a: Empoleon|100/100\n|-singleturn|p2a: Empoleon|move: Roost\n|\n|-weather|SunnyDay|[upkeep]\n|upkeep\n|turn|20\n|\n|t:|1695168408\n|move|p1a: check this out.|Weather Ball|p2a: Empoleon\n|-damage|p2a: Empoleon|47/100\n|move|p2a: Empoleon|Ice Beam|p1a: check this out.\n|-resisted|p1a: check this out.\n|-damage|p1a: check this out.|0 fnt\n|faint|p1a: check this out.\n|\n|-weather|SunnyDay|[upkeep]\n|-heal|p2a: Empoleon|53/100|[from] item: Leftovers\n|upkeep\n|\n|t:|1695168422\n|switch|p1a: Delpha|Delphox, F|100/100\n|-damage|p1a: Delpha|76/100|[from] Stealth Rock\n|-damage|p1a: Delpha|63/100|[from] Spikes\n|turn|21\n|\n|t:|1695168427\n|move|p1a: Delpha|Flamethrower|p2a: Empoleon\n|-damage|p2a: Empoleon|0 fnt\n|faint|p2a: Empoleon\n|\n|-weather|SunnyDay|[upkeep]\n|upkeep\n|\n|t:|1695168431\n|switch|p2a: Gliscor|Gliscor, F|100/100 tox\n|turn|22\n|\n|t:|1695168439\n|-terastallize|p1a: Delpha|Flying\n|move|p1a: Delpha|Psychic|p2a: Gliscor\n|-damage|p2a: Gliscor|55/100 tox\n|-item|p1a: Delpha|Toxic Orb|[from] ability: Magician|[of] p2a: Gliscor\n|move|p2a: Gliscor|Earthquake|p1a: Delpha\n|-immune|p1a: Delpha\n|\n|-weather|none\n|-heal|p2a: Gliscor|67/100 tox|[from] ability: Poison Heal\n|-status|p1a: Delpha|tox|[from] item: Toxic Orb\n|upkeep\n|turn|23\n|\n|t:|1695168450\n|move|p1a: Delpha|Wish|p1a: Delpha\n|move|p2a: Gliscor|Taunt|p1a: Delpha\n|-start|p1a: Delpha|move: Taunt\n|\n|-damage|p1a: Delpha|57/100 tox|[from] psn\n|-heal|p2a: Gliscor|80/100 tox|[from] ability: Poison Heal\n|upkeep\n|turn|24\n|\n|t:|1695168456\n|move|p1a: Delpha|Psychic|p2a: Gliscor\n|-damage|p2a: Gliscor|33/100 tox\n|move|p2a: Gliscor|Earthquake|p1a: Delpha\n|-immune|p1a: Delpha\n|\n|-heal|p1a: Delpha|100/100 tox|[from] move: Wish|[wisher] Delpha\n|-damage|p1a: Delpha|88/100 tox|[from] psn\n|-heal|p2a: Gliscor|45/100 tox|[from] ability: Poison Heal\n|upkeep\n|turn|25\n|\n|t:|1695168466\n|move|p1a: Delpha|Psychic|p2a: Gliscor\n|-damage|p2a: Gliscor|0 fnt\n|faint|p2a: Gliscor\n|\n|-damage|p1a: Delpha|69/100 tox|[from] psn\n|upkeep\n|\n|t:|1695168468\n|switch|p2a: Sandslash|Sandslash-Alola, F|100/100\n|turn|26\n|\n|t:|1695168474\n|move|p1a: Delpha|Flamethrower|p2a: Sandslash\n|-supereffective|p2a: Sandslash\n|-damage|p2a: Sandslash|0 fnt\n|faint|p2a: Sandslash\n|\n|win|Mahida\n|raw|Mahida's rating: 1036 &rarr; <strong>1079</strong><br />(+43 for winning)\n|raw|aim88's rating: 1120 &rarr; <strong>1089</strong><br />(-31 for losing)\n|l|\u2606aim88\n", "uploadtime": 1695168480, "views": 2, "p1id": "mahida", "p2id": "aim88", "formatid": "gen9ou", "rating": 1079, "private": 0, "password": ""}