{"id": "gen9ou-1947501064", "p1": "Rageana", "p2": "Meepbiscuit", "format": "gen9ou", "log": "|j|\u2606Rageana\n|j|\u2606Meepbiscuit\n|t:|1695166821\n|gametype|singles\n|player|p1|Rageana|169|1239\n|player|p2|Meepbiscuit|dawn-gen4pt|1321\n|teamsize|p1|6\n|teamsize|p2|6\n|gen|9\n|tier|[Gen 9] OU\n|rated|\n|rule|Sleep Clause Mod: Limit one foe put to sleep\n|rule|Species Clause: Limit one of each Pok\u00e9mon\n|rule|OHKO Clause: OHKO moves are banned\n|rule|Evasion Items Clause: Evasion items are banned\n|rule|Evasion Moves Clause: Evasion moves are banned\n|rule|Endless Battle Clause: Forcing endless battles is banned\n|rule|HP Percentage Mod: HP is shown in percentages\n|clearpoke\n|poke|p1|Maushold-Four|\n|poke|p1|Polteageist|\n|poke|p1|Quaquaval, F|\n|poke|p1|Iron Hands|\n|poke|p1|Hatterene, F|\n|poke|p1|Grimmsnarl, M|\n|poke|p2|Ninetales-Alola, M|\n|poke|p2|Ribombee, M|\n|poke|p2|Weezing-Galar, F|\n|poke|p2|Ursaluna-Bloodmoon, M|\n|poke|p2|Ogerpon-Wellspring, F|\n|poke|p2|Chandelure, F|\n|teampreview\n|\n|t:|1695166828\n|start\n|switch|p1a: Maushold|Maushold-Four, shiny|100/100\n|switch|p2a: Ribombee|Ribombee, M|100/100\n|turn|1\n|\n|t:|1695166830\n|move|p2a: Ribombee|Sticky Web|p1a: Maushold\n|-sidestart|p1: Rageana|move: Sticky Web\n|move|p1a: Maushold|Tidy Up|p1a: Maushold\n|-sideend|p1: Rageana|Sticky Web\n|-activate|p1a: Maushold|move: Tidy Up\n|-boost|p1a: Maushold|atk|1\n|-boost|p1a: Maushold|spe|1\n|\n|upkeep\n|turn|2\n|\n|t:|1695166835\n|move|p1a: Maushold|Population Bomb|p2a: Ribombee\n|-damage|p2a: Ribombee|65/100\n|-damage|p2a: Ribombee|32/100\n|-damage|p2a: Ribombee|0 fnt\n|faint|p2a: Ribombee\n|-hitcount|p2: Ribombee|3\n|\n|upkeep\n|\n|t:|1695166840\n|switch|p2a: Chandelure|Chandelure, F|100/100\n|turn|3\n|\n|t:|1695166844\n|move|p1a: Maushold|Bite|p2a: Chandelure\n|-supereffective|p2a: Chandelure\n|-damage|p2a: Chandelure|11/100\n|move|p2a: Chandelure|Will-O-Wisp|p1a: Maushold\n|-status|p1a: Maushold|brn\n|\n|-damage|p1a: Maushold|94/100 brn|[from] brn\n|upkeep\n|turn|4\n|\n|t:|1695166852\n|switch|p2a: Ninetales|Ninetales-Alola, M|100/100\n|-weather|Snow|[from] ability: Snow Warning|[of] p2a: Ninetales\n|move|p1a: Maushold|Bite|p2a: Ninetales\n|-resisted|p2a: Ninetales\n|-damage|p2a: Ninetales|94/100\n|\n|-weather|Snow|[upkeep]\n|-damage|p1a: Maushold|88/100 brn|[from] brn\n|upkeep\n|turn|5\n|\n|t:|1695166855\n|-terastallize|p1a: Maushold|Normal\n|move|p1a: Maushold|Population Bomb|p2a: Ninetales\n|-crit|p2a: Ninetales\n|-damage|p2a: Ninetales|81/100\n|-damage|p2a: Ninetales|72/100\n|-damage|p2a: Ninetales|63/100\n|-crit|p2a: Ninetales\n|-damage|p2a: Ninetales|49/100\n|-damage|p2a: Ninetales|39/100\n|-damage|p2a: Ninetales|30/100\n|-damage|p2a: Ninetales|22/100\n|-damage|p2a: Ninetales|13/100\n|-crit|p2a: Ninetales\n|-damage|p2a: Ninetales|0 fnt\n|faint|p2a: Ninetales\n|-hitcount|p2: Ninetales|9\n|\n|-weather|Snow|[upkeep]\n|-damage|p1a: Maushold|82/100 brn|[from] brn\n|upkeep\n|\n|t:|1695166874\n|switch|p2a: Weezing|Weezing-Galar, F|100/100\n|-ability|p2a: Weezing|Neutralizing Gas\n|-item|p2a: Weezing|Air Balloon\n|turn|6\n|\n|t:|1695166882\n|move|p1a: Maushold|Population Bomb|p2a: Weezing\n|-damage|p2a: Weezing|96/100\n|-enditem|p2a: Weezing|Air Balloon\n|-damage|p2a: Weezing|91/100\n|-damage|p2a: Weezing|86/100\n|-damage|p2a: Weezing|81/100\n|-damage|p2a: Weezing|77/100\n|-damage|p2a: Weezing|71/100\n|-damage|p2a: Weezing|66/100\n|-damage|p2a: Weezing|62/100\n|-damage|p2a: Weezing|57/100\n|-damage|p2a: Weezing|53/100\n|-hitcount|p2a: Weezing|10\n|move|p2a: Weezing|Toxic Spikes|p1a: Maushold\n|-sidestart|p1: Rageana|move: Toxic Spikes\n|\n|-weather|Snow|[upkeep]\n|-damage|p1a: Maushold|76/100 brn|[from] brn\n|upkeep\n|turn|7\n|\n|t:|1695166886\n|move|p1a: Maushold|Tidy Up|p1a: Maushold\n|-sideend|p1: Rageana|Toxic Spikes\n|-activate|p1a: Maushold|move: Tidy Up\n|-boost|p1a: Maushold|atk|1\n|-boost|p1a: Maushold|spe|1\n|move|p2a: Weezing|Toxic Spikes|p1a: Maushold\n|-sidestart|p1: Rageana|move: Toxic Spikes\n|\n|-weather|Snow|[upkeep]\n|-damage|p1a: Maushold|69/100 brn|[from] brn\n|upkeep\n|turn|8\n|\n|t:|1695166891\n|move|p1a: Maushold|Population Bomb|p2a: Weezing\n|-damage|p2a: Weezing|46/100\n|-damage|p2a: Weezing|39/100\n|-damage|p2a: Weezing|33/100\n|-damage|p2a: Weezing|26/100\n|-damage|p2a: Weezing|20/100\n|-damage|p2a: Weezing|13/100\n|-damage|p2a: Weezing|7/100\n|-damage|p2a: Weezing|0 fnt\n|faint|p2a: Weezing\n|-end|p2a: Weezing|ability: Neutralizing Gas\n|-hitcount|p2: Weezing|8\n|\n|-weather|none\n|-damage|p1a: Maushold|63/100 brn|[from] brn\n|upkeep\n|\n|t:|1695166896\n|switch|p2a: Ursaluna|Ursaluna-Bloodmoon, M|100/100\n|turn|9\n|\n|t:|1695166905\n|move|p1a: Maushold|Population Bomb|p2a: Ursaluna\n|-damage|p2a: Ursaluna|91/100\n|-damage|p2a: Ursaluna|81/100\n|-damage|p2a: Ursaluna|71/100\n|-damage|p2a: Ursaluna|61/100\n|-damage|p2a: Ursaluna|50/100\n|-hitcount|p2a: Ursaluna|5\n|move|p2a: Ursaluna|Blood Moon|p1a: Maushold\n|-damage|p1a: Maushold|0 fnt\n|faint|p1a: Maushold\n|\n|-heal|p2a: Ursaluna|57/100|[from] item: Leftovers\n|upkeep\n|\n|t:|1695166912\n|switch|p1a: Quaquaval|Quaquaval, F, shiny|100/100\n|-status|p1a: Quaquaval|psn\n|turn|10\n|\n|t:|1695166956\n|switch|p2a: Ogerpon|Ogerpon-Wellspring, F|100/100\n|move|p1a: Quaquaval|Aqua Step|p2a: Ogerpon\n|-immune|p2a: Ogerpon|[from] ability: Water Absorb\n|\n|-damage|p1a: Quaquaval|88/100 psn|[from] psn\n|upkeep\n|turn|11\n|\n|t:|1695166984\n|switch|p1a: Iron Hands|Iron Hands, shiny|100/100\n|-status|p1a: Iron Hands|psn\n|move|p2a: Ogerpon|Swords Dance|p2a: Ogerpon\n|-boost|p2a: Ogerpon|atk|2\n|\n|-damage|p1a: Iron Hands|88/100 psn|[from] psn\n|upkeep\n|turn|12\n|\n|t:|1695166993\n|move|p2a: Ogerpon|Trailblaze|p1a: Iron Hands\n|-damage|p1a: Iron Hands|49/100 psn\n|-boost|p2a: Ogerpon|spe|1\n|move|p1a: Iron Hands|Thunder Punch|p2a: Ogerpon\n|-damage|p2a: Ogerpon|43/100\n|\n|-heal|p1a: Iron Hands|55/100 psn|[from] item: Leftovers\n|-damage|p1a: Iron Hands|43/100 psn|[from] psn\n|upkeep\n|turn|13\n|\n|t:|1695167006\n|move|p2a: Ogerpon|Horn Leech|p1a: Iron Hands\n|-damage|p1a: Iron Hands|0 fnt\n|-heal|p2a: Ogerpon|74/100|[from] drain|[of] p1a: Iron Hands\n|faint|p1a: Iron Hands\n|-end|p1a: Iron Hands|Quark Drive|[silent]\n|\n|upkeep\n|-message|Rageana forfeited.\n|\n|win|Meepbiscuit\n|raw|Rageana's rating: 1239 &rarr; <strong>1220</strong><br />(-19 for losing)\n|raw|Meepbiscuit's rating: 1321 &rarr; <strong>1336</strong><br />(+15 for winning)\n|l|\u2606Rageana\n", "uploadtime": 1695167017, "views": 3, "p1id": "rageana", "p2id": "meepbiscuit", "formatid": "gen9ou", "rating": 1220, "private": 0, "password": ""}