{"id": "gen9ou-1947493120", "p1": "sedman69", "p2": "brotitledashell", "format": "gen9ou", "log": "|j|\u2606sedman69\n|j|\u2606brotitledashell\n|t:|1695166025\n|gametype|singles\n|player|p1|sedman69|1|1148\n|player|p2|brotitledashell|ballguy|1180\n|teamsize|p1|6\n|teamsize|p2|6\n|gen|9\n|tier|[Gen 9] OU\n|rated|\n|rule|Sleep Clause Mod: Limit one foe put to sleep\n|rule|Species Clause: Limit one of each Pok\u00e9mon\n|rule|OHKO Clause: OHKO moves are banned\n|rule|Evasion Items Clause: Evasion items are banned\n|rule|Evasion Moves Clause: Evasion moves are banned\n|rule|Endless Battle Clause: Forcing endless battles is banned\n|rule|HP Percentage Mod: HP is shown in percentages\n|clearpoke\n|poke|p1|Garchomp, M|\n|poke|p1|Kingambit, F|\n|poke|p1|Torterra, M|\n|poke|p1|Weezing-Galar, M|\n|poke|p1|Sneasler, M|\n|poke|p1|Empoleon, F|\n|poke|p2|Cinderace, M|\n|poke|p2|Great Tusk|\n|poke|p2|Gholdengo|\n|poke|p2|Tornadus-Therian, M|\n|poke|p2|Okidogi, M|\n|poke|p2|Dragapult, M|\n|teampreview\n|inactive|Battle timer is ON: inactive players will automatically lose when time's up. (requested by sedman69)\n|\n|t:|1695166083\n|start\n|switch|p1a: Return of The King|Torterra, M|100/100\n|switch|p2a: Tornadus|Tornadus-Therian, M|100/100\n|turn|1\n|\n|t:|1695166090\n|-terastallize|p1a: Return of The King|Steel\n|move|p2a: Tornadus|Hurricane|p1a: Return of The King|[miss]\n|-miss|p2a: Tornadus|p1a: Return of The King\n|move|p1a: Return of The King|Shell Smash|p1a: Return of The King\n|-unboost|p1a: Return of The King|def|1\n|-unboost|p1a: Return of The King|spd|1\n|-boost|p1a: Return of The King|atk|2\n|-boost|p1a: Return of The King|spa|2\n|-boost|p1a: Return of The King|spe|2\n|\n|upkeep\n|turn|2\n|c|\u2606sedman69|showtime\n|\n|t:|1695166115\n|-terastallize|p2a: Tornadus|Electric\n|move|p1a: Return of The King|Rock Blast|p2a: Tornadus\n|-damage|p2a: Tornadus|78/100\n|-damage|p2a: Tornadus|56/100\n|-damage|p2a: Tornadus|35/100\n|-crit|p2a: Tornadus\n|-damage|p2a: Tornadus|4/100\n|-hitcount|p2a: Tornadus|4\n|move|p2a: Tornadus|Focus Blast|p1a: Return of The King\n|-supereffective|p1a: Return of The King\n|-damage|p1a: Return of The King|0 fnt\n|faint|p1a: Return of The King\n|\n|upkeep\n|\n|t:|1695166133\n|switch|p1a: Sol Badguy|Kingambit, F|100/100\n|-activate|p1a: Sol Badguy|ability: Supreme Overlord\n|-start|p1a: Sol Badguy|fallen1|[silent]\n|turn|3\n|\n|t:|1695166136\n|switch|p2a: Great Tusk|Great Tusk|100/100\n|move|p1a: Sol Badguy|Sucker Punch||[still]\n|-fail|p1a: Sol Badguy\n|\n|upkeep\n|turn|4\n|\n|t:|1695166145\n|-end|p1a: Sol Badguy|fallen1|[silent]\n|switch|p1a: Not Right!|Weezing-Galar, M|100/100\n|-ability|p1a: Not Right!|Neutralizing Gas\n|move|p2a: Great Tusk|Knock Off|p1a: Not Right!\n|-resisted|p1a: Not Right!\n|-damage|p1a: Not Right!|89/100\n|-enditem|p1a: Not Right!|Black Sludge|[from] move: Knock Off|[of] p2a: Great Tusk\n|\n|upkeep\n|turn|5\n|\n|t:|1695166153\n|move|p2a: Great Tusk|Headlong Rush|p1a: Not Right!\n|-supereffective|p1a: Not Right!\n|-damage|p1a: Not Right!|2/100\n|-unboost|p2a: Great Tusk|def|1\n|-unboost|p2a: Great Tusk|spd|1\n|move|p1a: Not Right!|Strange Steam|p2a: Great Tusk\n|-supereffective|p2a: Great Tusk\n|-damage|p2a: Great Tusk|0 fnt\n|faint|p2a: Great Tusk\n|-end|p2a: Great Tusk|Protosynthesis|[silent]\n|\n|upkeep\n|\n|t:|1695166160\n|switch|p2a: Cinderace|Cinderace, M|100/100\n|turn|6\n|\n|t:|1695166163\n|move|p2a: Cinderace|U-turn|p1a: Not Right!\n|-resisted|p1a: Not Right!\n|-damage|p1a: Not Right!|0 fnt\n|faint|p1a: Not Right!\n|-end|p1a: Not Right!|ability: Neutralizing Gas\n|\n|t:|1695166177\n|switch|p2a: Tornadus|Tornadus-Therian, M, tera:Electric|37/100|[from] U-turn\n|\n|upkeep\n|\n|t:|1695166191\n|switch|p1a: holy hell|Garchomp, M|100/100\n|turn|7\n|\n|t:|1695166209\n|move|p2a: Tornadus|Hurricane|p1a: holy hell\n|-damage|p1a: holy hell|53/100\n|move|p1a: holy hell|Scale Shot|p2a: Tornadus\n|-damage|p2a: Tornadus|15/100\n|-damage|p2a: Tornadus|0 fnt\n|faint|p2a: Tornadus\n|-hitcount|p2: Tornadus|2\n|-unboost|p1a: holy hell|def|1\n|-boost|p1a: holy hell|spe|1\n|-damage|p1a: holy hell|43/100|[from] item: Life Orb\n|\n|upkeep\n|inactive|brotitledashell has 120 seconds left.\n|\n|t:|1695166234\n|switch|p2a: Dragapult|Dragapult, M|100/100\n|turn|8\n|\n|t:|1695166258\n|move|p1a: holy hell|Scale Shot|p2a: Dragapult\n|-supereffective|p2a: Dragapult\n|-damage|p2a: Dragapult|49/100\n|-supereffective|p2a: Dragapult\n|-damage|p2a: Dragapult|0 fnt\n|faint|p2a: Dragapult\n|-hitcount|p2: Dragapult|2\n|-unboost|p1a: holy hell|def|1\n|-boost|p1a: holy hell|spe|1\n|-damage|p1a: holy hell|33/100|[from] item: Life Orb\n|\n|upkeep\n|\n|t:|1695166263\n|switch|p2a: Cinderace|Cinderace, M|100/100\n|turn|9\n|\n|t:|1695166265\n|move|p2a: Cinderace|Sucker Punch|p1a: holy hell\n|-start|p2a: Cinderace|typechange|Dark|[from] ability: Libero\n|-damage|p1a: holy hell|0 fnt\n|-damage|p2a: Cinderace|88/100|[from] ability: Rough Skin|[of] p1a: holy hell\n|faint|p1a: holy hell\n|\n|upkeep\n|\n|t:|1695166271\n|switch|p1a: Keemstar|Sneasler, M|100/100\n|turn|10\n|\n|t:|1695166280\n|switch|p2a: Gholdengo|Gholdengo|100/100\n|move|p1a: Keemstar|Fling|p2a: Gholdengo\n|-supereffective|p2a: Gholdengo\n|-damage|p2a: Gholdengo|0 fnt\n|-enditem|p1a: Keemstar|Big Nugget|[from] move: Fling\n|faint|p2a: Gholdengo\n|\n|upkeep\n|\n|t:|1695166301\n|switch|p2a: Cinderace|Cinderace, M|88/100\n|turn|11\n|\n|t:|1695166307\n|move|p1a: Keemstar|Acrobatics|p2a: Cinderace\n|-damage|p2a: Cinderace|32/100\n|move|p2a: Cinderace|Pyro Ball|p1a: Keemstar\n|-damage|p1a: Keemstar|0 fnt\n|faint|p1a: Keemstar\n|\n|upkeep\n|\n|t:|1695166313\n|switch|p1a: Pingo|Empoleon, F|100/100\n|turn|12\n|\n|t:|1695166318\n|move|p2a: Cinderace|Pyro Ball|p1a: Pingo\n|-damage|p1a: Pingo|43/100\n|-status|p1a: Pingo|brn\n|move|p1a: Pingo|Surf|p2a: Cinderace\n|-supereffective|p2a: Cinderace\n|-damage|p2a: Cinderace|0 fnt\n|faint|p2a: Cinderace\n|\n|-heal|p1a: Pingo|49/100 brn|[from] item: Leftovers\n|-damage|p1a: Pingo|43/100 brn|[from] brn\n|upkeep\n|\n|t:|1695166321\n|switch|p2a: Okidogi|Okidogi, M|100/100\n|turn|13\n|\n|t:|1695166329\n|move|p2a: Okidogi|Drain Punch|p1a: Pingo\n|-supereffective|p1a: Pingo\n|-damage|p1a: Pingo|0 fnt\n|faint|p1a: Pingo\n|\n|upkeep\n|\n|t:|1695166332\n|switch|p1a: Sol Badguy|Kingambit, F|100/100\n|-activate|p1a: Sol Badguy|ability: Supreme Overlord\n|-start|p1a: Sol Badguy|fallen5|[silent]\n|turn|14\n|\n|t:|1695166336\n|move|p1a: Sol Badguy|Zen Headbutt|p2a: Okidogi\n|-supereffective|p2a: Okidogi\n|-damage|p2a: Okidogi|0 fnt\n|faint|p2a: Okidogi\n|-damage|p1a: Sol Badguy|91/100|[from] item: Life Orb\n|\n|win|sedman69\n|raw|sedman69's rating: 1148 &rarr; <strong>1175</strong><br />(+27 for winning)\n|raw|brotitledashell's rating: 1180 &rarr; <strong>1153</strong><br />(-27 for losing)\n|l|\u2606sedman69\n", "uploadtime": 1695166380, "views": 3, "p1id": "sedman69", "p2id": "brotitledashell", "formatid": "gen9ou", "rating": 1153, "private": 0, "password": ""}