{"id": "gen9ou-1947577405", "p1": "CNT JesusGP0000", "p2": "KuroXZ", "format": "gen9ou", "log": "|j|\u2606CNT JesusGP0000\n|j|\u2606KuroXZ\n|t:|1695174260\n|gametype|singles\n|player|p1|CNT JesusGP0000|miriam|1213\n|player|p2|KuroXZ|steven|1137\n|teamsize|p1|6\n|teamsize|p2|6\n|gen|9\n|tier|[Gen 9] OU\n|rated|\n|rule|Sleep Clause Mod: Limit one foe put to sleep\n|rule|Species Clause: Limit one of each Pok\u00e9mon\n|rule|OHKO Clause: OHKO moves are banned\n|rule|Evasion Items Clause: Evasion items are banned\n|rule|Evasion Moves Clause: Evasion moves are banned\n|rule|Endless Battle Clause: Forcing endless battles is banned\n|rule|HP Percentage Mod: HP is shown in percentages\n|clearpoke\n|poke|p1|Ursaluna-Bloodmoon, M|\n|poke|p1|Dragapult, M|\n|poke|p1|Clefable, M|\n|poke|p1|Dondozo, F|\n|poke|p1|Moltres|\n|poke|p1|Kingambit, M|\n|poke|p2|Glimmora, M|\n|poke|p2|Kingambit, F|\n|poke|p2|Zamazenta-*|\n|poke|p2|Iron Valiant|\n|poke|p2|Iron Moth|\n|poke|p2|Ogerpon-Wellspring, F|\n|teampreview\n|\n|t:|1695174281\n|start\n|switch|p1a: Ursaluna|Ursaluna-Bloodmoon, M|100/100\n|switch|p2a: Ogerpon|Ogerpon-Wellspring, F|100/100\n|turn|1\n|\n|t:|1695174290\n|switch|p1a: Dragapult|Dragapult, M|100/100\n|move|p2a: Ogerpon|Ivy Cudgel|p1a: Dragapult\n|-resisted|p1a: Dragapult\n|-damage|p1a: Dragapult|57/100\n|\n|-heal|p1a: Dragapult|63/100|[from] item: Leftovers\n|upkeep\n|turn|2\n|\n|t:|1695174295\n|move|p1a: Dragapult|Will-O-Wisp|p2a: Ogerpon\n|-status|p2a: Ogerpon|brn\n|move|p2a: Ogerpon|Knock Off|p1a: Dragapult\n|-supereffective|p1a: Dragapult\n|-crit|p1a: Dragapult\n|-damage|p1a: Dragapult|0 fnt\n|-enditem|p1a: Dragapult|Leftovers|[from] move: Knock Off|[of] p2a: Ogerpon\n|faint|p1a: Dragapult\n|\n|-damage|p2a: Ogerpon|95/100 brn|[from] brn\n|upkeep\n|\n|t:|1695174320\n|switch|p1a: Dondozo|Dondozo, F|100/100\n|turn|3\n|\n|t:|1695174326\n|move|p2a: Ogerpon|Swords Dance|p2a: Ogerpon\n|-boost|p2a: Ogerpon|atk|2\n|move|p1a: Dondozo|Body Press|p2a: Ogerpon\n|-damage|p2a: Ogerpon|55/100 brn\n|\n|-damage|p2a: Ogerpon|49/100 brn|[from] brn\n|upkeep\n|turn|4\n|\n|t:|1695174334\n|move|p2a: Ogerpon|Power Whip|p1a: Dondozo\n|-supereffective|p1a: Dondozo\n|-damage|p1a: Dondozo|68/100\n|move|p1a: Dondozo|Body Press|p2a: Ogerpon\n|-damage|p2a: Ogerpon|11/100 brn\n|\n|-damage|p2a: Ogerpon|5/100 brn|[from] brn\n|upkeep\n|turn|5\n|\n|t:|1695174345\n|move|p2a: Ogerpon|Power Whip|p1a: Dondozo|[miss]\n|-miss|p2a: Ogerpon|p1a: Dondozo\n|move|p1a: Dondozo|Rest|p1a: Dondozo\n|-status|p1a: Dondozo|slp|[from] move: Rest\n|-heal|p1a: Dondozo|100/100 slp|[silent]\n|\n|-damage|p2a: Ogerpon|0 fnt|[from] brn\n|faint|p2a: Ogerpon\n|upkeep\n|\n|t:|1695174358\n|switch|p2a: Kingambit|Kingambit, F|100/100\n|-activate|p2a: Kingambit|ability: Supreme Overlord\n|-start|p2a: Kingambit|fallen1|[silent]\n|turn|6\n|\n|t:|1695174361\n|move|p2a: Kingambit|Swords Dance|p2a: Kingambit\n|-boost|p2a: Kingambit|atk|2\n|cant|p1a: Dondozo|slp\n|move|p1a: Dondozo|Sleep Talk|p1a: Dondozo\n|move|p1a: Dondozo|Body Press|p2a: Kingambit|[from]move: Sleep Talk\n|-supereffective|p2a: Kingambit\n|-damage|p2a: Kingambit|3/100\n|\n|upkeep\n|turn|7\n|\n|t:|1695174366\n|move|p2a: Kingambit|Kowtow Cleave|p1a: Dondozo\n|-damage|p1a: Dondozo|72/100 slp\n|cant|p1a: Dondozo|slp\n|move|p1a: Dondozo|Sleep Talk|p1a: Dondozo\n|move|p1a: Dondozo|Body Press|p2a: Kingambit|[from]move: Sleep Talk\n|-supereffective|p2a: Kingambit\n|-damage|p2a: Kingambit|0 fnt\n|faint|p2a: Kingambit\n|-end|p2a: Kingambit|fallen1|[silent]\n|\n|upkeep\n|\n|t:|1695174377\n|switch|p2a: Iron Valiant|Iron Valiant|100/100\n|-enditem|p2a: Iron Valiant|Booster Energy\n|-activate|p2a: Iron Valiant|ability: Quark Drive|[fromitem]\n|-start|p2a: Iron Valiant|quarkdrivespe\n|turn|8\n|\n|t:|1695174383\n|move|p2a: Iron Valiant|Calm Mind|p2a: Iron Valiant\n|-boost|p2a: Iron Valiant|spa|1\n|-boost|p2a: Iron Valiant|spd|1\n|-curestatus|p1a: Dondozo|slp|[msg]\n|move|p1a: Dondozo|Liquidation|p2a: Iron Valiant\n|-damage|p2a: Iron Valiant|65/100\n|-unboost|p2a: Iron Valiant|def|1\n|\n|upkeep\n|turn|9\n|\n|t:|1695174390\n|move|p2a: Iron Valiant|Hypnosis|p1a: Dondozo|[miss]\n|-miss|p2a: Iron Valiant|p1a: Dondozo\n|move|p1a: Dondozo|Liquidation|p2a: Iron Valiant\n|-damage|p2a: Iron Valiant|30/100\n|-unboost|p2a: Iron Valiant|def|1\n|\n|upkeep\n|turn|10\n|\n|t:|1695174396\n|move|p2a: Iron Valiant|Psyshock|p1a: Dondozo\n|-damage|p1a: Dondozo|60/100\n|move|p1a: Dondozo|Liquidation|p2a: Iron Valiant\n|-damage|p2a: Iron Valiant|0 fnt\n|faint|p2a: Iron Valiant\n|-end|p2a: Iron Valiant|Quark Drive|[silent]\n|\n|upkeep\n|\n|t:|1695174403\n|switch|p2a: Zamazenta|Zamazenta, shiny|100/100\n|-ability|p2a: Zamazenta|Dauntless Shield|boost\n|-boost|p2a: Zamazenta|def|1\n|turn|11\n|\n|t:|1695174409\n|move|p2a: Zamazenta|Crunch|p1a: Dondozo\n|-damage|p1a: Dondozo|48/100\n|move|p1a: Dondozo|Rest|p1a: Dondozo\n|-status|p1a: Dondozo|slp|[from] move: Rest\n|-heal|p1a: Dondozo|100/100 slp|[silent]\n|\n|upkeep\n|turn|12\n|\n|t:|1695174415\n|move|p2a: Zamazenta|Iron Defense|p2a: Zamazenta\n|-boost|p2a: Zamazenta|def|2\n|cant|p1a: Dondozo|slp\n|move|p1a: Dondozo|Sleep Talk|p1a: Dondozo\n|move|p1a: Dondozo|Liquidation|p2a: Zamazenta|[from]move: Sleep Talk\n|-damage|p2a: Zamazenta|75/100\n|\n|-heal|p2a: Zamazenta|81/100|[from] item: Leftovers\n|upkeep\n|turn|13\n|\n|t:|1695174423\n|move|p2a: Zamazenta|Body Press|p1a: Dondozo\n|-crit|p1a: Dondozo\n|-damage|p1a: Dondozo|78/100 slp\n|cant|p1a: Dondozo|slp\n|move|p1a: Dondozo|Sleep Talk|p1a: Dondozo\n|move|p1a: Dondozo|Liquidation|p2a: Zamazenta|[from]move: Sleep Talk\n|-damage|p2a: Zamazenta|55/100\n|\n|-heal|p2a: Zamazenta|61/100|[from] item: Leftovers\n|upkeep\n|turn|14\n|\n|t:|1695174427\n|move|p2a: Zamazenta|Iron Defense|p2a: Zamazenta\n|-boost|p2a: Zamazenta|def|2\n|-curestatus|p1a: Dondozo|slp|[msg]\n|move|p1a: Dondozo|Sleep Talk||[still]\n|-fail|p1a: Dondozo\n|\n|-heal|p2a: Zamazenta|67/100|[from] item: Leftovers\n|upkeep\n|turn|15\n|\n|t:|1695174439\n|move|p2a: Zamazenta|Crunch|p1a: Dondozo\n|-damage|p1a: Dondozo|66/100\n|move|p1a: Dondozo|Sleep Talk||[still]\n|-fail|p1a: Dondozo\n|\n|-heal|p2a: Zamazenta|73/100|[from] item: Leftovers\n|upkeep\n|turn|16\n|\n|t:|1695174447\n|move|p2a: Zamazenta|Body Press|p1a: Dondozo\n|-damage|p1a: Dondozo|51/100\n|move|p1a: Dondozo|Body Press|p2a: Zamazenta\n|-damage|p2a: Zamazenta|49/100\n|\n|-heal|p2a: Zamazenta|55/100|[from] item: Leftovers\n|upkeep\n|turn|17\n|\n|t:|1695174453\n|move|p2a: Zamazenta|Crunch|p1a: Dondozo\n|-damage|p1a: Dondozo|39/100\n|-unboost|p1a: Dondozo|def|1\n|move|p1a: Dondozo|Body Press|p2a: Zamazenta\n|-damage|p2a: Zamazenta|40/100\n|\n|-heal|p2a: Zamazenta|46/100|[from] item: Leftovers\n|upkeep\n|turn|18\n|\n|t:|1695174460\n|move|p2a: Zamazenta|Body Press|p1a: Dondozo\n|-crit|p1a: Dondozo\n|-damage|p1a: Dondozo|7/100\n|move|p1a: Dondozo|Rest|p1a: Dondozo\n|-status|p1a: Dondozo|slp|[from] move: Rest\n|-heal|p1a: Dondozo|100/100 slp|[silent]\n|\n|-heal|p2a: Zamazenta|52/100|[from] item: Leftovers\n|upkeep\n|turn|19\n|\n|t:|1695174465\n|move|p2a: Zamazenta|Iron Defense|p2a: Zamazenta\n|-boost|p2a: Zamazenta|def|1\n|cant|p1a: Dondozo|slp\n|move|p1a: Dondozo|Sleep Talk|p1a: Dondozo\n|move|p1a: Dondozo|Liquidation|p2a: Zamazenta|[from]move: Sleep Talk\n|-damage|p2a: Zamazenta|25/100\n|-unboost|p2a: Zamazenta|def|1\n|\n|-heal|p2a: Zamazenta|32/100|[from] item: Leftovers\n|upkeep\n|turn|20\n|\n|t:|1695174469\n|move|p2a: Zamazenta|Crunch|p1a: Dondozo\n|-damage|p1a: Dondozo|84/100 slp\n|cant|p1a: Dondozo|slp\n|move|p1a: Dondozo|Sleep Talk|p1a: Dondozo\n|move|p1a: Dondozo|Body Press|p2a: Zamazenta|[from]move: Sleep Talk\n|-damage|p2a: Zamazenta|17/100\n|\n|-heal|p2a: Zamazenta|23/100|[from] item: Leftovers\n|upkeep\n|turn|21\n|\n|t:|1695174475\n|move|p2a: Zamazenta|Body Press|p1a: Dondozo\n|-damage|p1a: Dondozo|60/100 slp\n|-curestatus|p1a: Dondozo|slp|[msg]\n|move|p1a: Dondozo|Body Press|p2a: Zamazenta\n|-damage|p2a: Zamazenta|7/100\n|\n|-heal|p2a: Zamazenta|13/100|[from] item: Leftovers\n|upkeep\n|turn|22\n|\n|t:|1695174481\n|move|p2a: Zamazenta|Body Press|p1a: Dondozo\n|-damage|p1a: Dondozo|39/100\n|move|p1a: Dondozo|Liquidation|p2a: Zamazenta\n|-damage|p2a: Zamazenta|0 fnt\n|faint|p2a: Zamazenta\n|\n|upkeep\n|\n|t:|1695174489\n|switch|p2a: Iron Moth|Iron Moth|100/100\n|-enditem|p2a: Iron Moth|Booster Energy\n|-activate|p2a: Iron Moth|ability: Quark Drive|[fromitem]\n|-start|p2a: Iron Moth|quarkdrivespe\n|turn|23\n|\n|t:|1695174495\n|switch|p1a: Moltres|Moltres|100/100\n|-terastallize|p2a: Iron Moth|Fairy\n|move|p2a: Iron Moth|Dazzling Gleam|p1a: Moltres\n|-resisted|p1a: Moltres\n|-damage|p1a: Moltres|87/100\n|\n|upkeep\n|turn|24\n|\n|t:|1695174503\n|move|p2a: Iron Moth|Sludge Wave|p1a: Moltres\n|-damage|p1a: Moltres|52/100\n|move|p1a: Moltres|Hurricane|p2a: Iron Moth|[miss]\n|-miss|p1a: Moltres|p2a: Iron Moth\n|\n|upkeep\n|turn|25\n|\n|t:|1695174508\n|move|p2a: Iron Moth|Sludge Wave|p1a: Moltres\n|-damage|p1a: Moltres|15/100\n|move|p1a: Moltres|Roost|p1a: Moltres\n|-heal|p1a: Moltres|65/100\n|-singleturn|p1a: Moltres|move: Roost\n|\n|upkeep\n|turn|26\n|\n|t:|1695174518\n|move|p2a: Iron Moth|Sludge Wave|p1a: Moltres\n|-damage|p1a: Moltres|32/100\n|move|p1a: Moltres|Hurricane|p2a: Iron Moth|[miss]\n|-miss|p1a: Moltres|p2a: Iron Moth\n|\n|upkeep\n|turn|27\n|\n|t:|1695174532\n|switch|p1a: Kingambit|Kingambit, M|100/100\n|-activate|p1a: Kingambit|ability: Supreme Overlord\n|-start|p1a: Kingambit|fallen1|[silent]\n|move|p2a: Iron Moth|Dazzling Gleam|p1a: Kingambit\n|-damage|p1a: Kingambit|60/100\n|\n|-heal|p1a: Kingambit|66/100|[from] item: Leftovers\n|upkeep\n|turn|28\n|\n|t:|1695174549\n|-end|p1a: Kingambit|fallen1|[silent]\n|switch|p1a: Moltres|Moltres|32/100\n|move|p2a: Iron Moth|Fiery Dance|p1a: Moltres\n|-resisted|p1a: Moltres\n|-damage|p1a: Moltres|18/100\n|\n|upkeep\n|turn|29\n|\n|t:|1695174555\n|move|p2a: Iron Moth|Dazzling Gleam|p1a: Moltres\n|-resisted|p1a: Moltres\n|-damage|p1a: Moltres|3/100\n|move|p1a: Moltres|Roost|p1a: Moltres\n|-heal|p1a: Moltres|53/100\n|-singleturn|p1a: Moltres|move: Roost\n|\n|upkeep\n|turn|30\n|\n|t:|1695174558\n|move|p2a: Iron Moth|Sludge Wave|p1a: Moltres\n|-damage|p1a: Moltres|17/100\n|move|p1a: Moltres|Roost|p1a: Moltres\n|-heal|p1a: Moltres|67/100\n|-singleturn|p1a: Moltres|move: Roost\n|\n|upkeep\n|turn|31\n|\n|t:|1695174565\n|move|p2a: Iron Moth|Sludge Wave|p1a: Moltres\n|-damage|p1a: Moltres|32/100\n|move|p1a: Moltres|Roost|p1a: Moltres\n|-heal|p1a: Moltres|82/100\n|-singleturn|p1a: Moltres|move: Roost\n|\n|upkeep\n|turn|32\n|\n|t:|1695174571\n|move|p2a: Iron Moth|Sludge Wave|p1a: Moltres\n|-damage|p1a: Moltres|50/100\n|move|p1a: Moltres|Hurricane|p2a: Iron Moth\n|-damage|p2a: Iron Moth|50/100\n|-start|p2a: Iron Moth|confusion\n|\n|upkeep\n|turn|33\n|\n|t:|1695174576\n|-activate|p2a: Iron Moth|confusion\n|move|p2a: Iron Moth|Sludge Wave|p1a: Moltres\n|-damage|p1a: Moltres|16/100\n|move|p1a: Moltres|Flamethrower|p2a: Iron Moth\n|-damage|p2a: Iron Moth|13/100\n|\n|upkeep\n|turn|34\n|\n|t:|1695174581\n|-activate|p2a: Iron Moth|confusion\n|-damage|p2a: Iron Moth|6/100|[from] confusion\n|move|p1a: Moltres|Roost|p1a: Moltres\n|-heal|p1a: Moltres|66/100\n|-singleturn|p1a: Moltres|move: Roost\n|\n|upkeep\n|turn|35\n|\n|t:|1695174584\n|-activate|p2a: Iron Moth|confusion\n|-damage|p2a: Iron Moth|0 fnt|[from] confusion\n|faint|p2a: Iron Moth\n|-end|p2a: Iron Moth|Quark Drive|[silent]\n|move|p1a: Moltres|Flamethrower|p2: Iron Moth|[notarget]\n|-fail|p1a: Moltres\n|\n|upkeep\n|\n|t:|1695174589\n|switch|p2a: Glimmora|Glimmora, M|100/100\n|turn|36\n|c|\u2606CNT JesusGP0000|gg\n|\n|t:|1695174597\n|switch|p1a: Ursaluna|Ursaluna-Bloodmoon, M|100/100\n|move|p2a: Glimmora|Power Gem|p1a: Ursaluna\n|-resisted|p1a: Ursaluna\n|-damage|p1a: Ursaluna|78/100\n|\n|-heal|p1a: Ursaluna|84/100|[from] item: Leftovers\n|upkeep\n|turn|37\n|\n|t:|1695174601\n|move|p2a: Glimmora|Earth Power|p1a: Ursaluna\n|-damage|p1a: Ursaluna|46/100\n|-unboost|p1a: Ursaluna|spd|1\n|move|p1a: Ursaluna|Earth Power|p2a: Glimmora\n|-supereffective|p2a: Glimmora\n|-enditem|p2a: Glimmora|Focus Sash\n|-damage|p2a: Glimmora|1/100\n|\n|-heal|p1a: Ursaluna|52/100|[from] item: Leftovers\n|upkeep\n|turn|38\n|\n|t:|1695174604\n|move|p1a: Ursaluna|Vacuum Wave|p2a: Glimmora\n|-damage|p2a: Glimmora|0 fnt\n|faint|p2a: Glimmora\n|\n|win|CNT JesusGP0000\n|raw|CNT JesusGP0000's rating: 1213 &rarr; <strong>1233</strong><br />(+20 for winning)\n|raw|KuroXZ's rating: 1137 &rarr; <strong>1117</strong><br />(-20 for losing)\n|l|\u2606KuroXZ\n", "uploadtime": 1695174618, "views": 5, "p1id": "cntjesusgp0000", "p2id": "kuroxz", "formatid": "gen9ou", "rating": 1117, "private": 0, "password": ""}