{"id": "gen9ou-1947489745", "p1": "PauloAmogus", "p2": "NajimiStann", "format": "gen9ou", "log": "|j|\u2606PauloAmogus\n|j|\u2606NajimiStann\n|t:|1695165684\n|gametype|singles\n|player|p1|PauloAmogus|265|1040\n|player|p2|NajimiStann|phorus-unite|1086\n|teamsize|p1|6\n|teamsize|p2|6\n|gen|9\n|tier|[Gen 9] OU\n|rated|\n|rule|Sleep Clause Mod: Limit one foe put to sleep\n|rule|Species Clause: Limit one of each Pok\u00e9mon\n|rule|OHKO Clause: OHKO moves are banned\n|rule|Evasion Items Clause: Evasion items are banned\n|rule|Evasion Moves Clause: Evasion moves are banned\n|rule|Endless Battle Clause: Forcing endless battles is banned\n|rule|HP Percentage Mod: HP is shown in percentages\n|clearpoke\n|poke|p1|Great Tusk|\n|poke|p1|Kingambit, M|\n|poke|p1|Tinkaton, F|\n|poke|p1|Maushold-Four|\n|poke|p1|Ogerpon-Wellspring, F|\n|poke|p1|Iron Valiant|\n|poke|p2|Glimmora, F|\n|poke|p2|Sandy Shocks|\n|poke|p2|Sneasler, M|\n|poke|p2|Ursaluna, M|\n|poke|p2|Iron Hands|\n|poke|p2|Braviary-Hisui, M|\n|teampreview\n|\n|t:|1695165688\n|start\n|switch|p1a: Porrinhas|Maushold-Four|100/100\n|switch|p2a: bro|Sneasler, M|100/100\n|turn|1\n|\n|t:|1695165694\n|switch|p2a: Picky|Glimmora, F|100/100\n|move|p1a: Porrinhas|Tidy Up|p1a: Porrinhas\n|-boost|p1a: Porrinhas|atk|1\n|-boost|p1a: Porrinhas|spe|1\n|\n|upkeep\n|turn|2\n|\n|t:|1695165700\n|move|p1a: Porrinhas|Population Bomb|p2a: Picky\n|-resisted|p2a: Picky\n|-damage|p2a: Picky|91/100\n|-activate|p2a: Picky|ability: Toxic Debris\n|-sidestart|p1: PauloAmogus|move: Toxic Spikes\n|-resisted|p2a: Picky\n|-damage|p2a: Picky|81/100\n|-activate|p2a: Picky|ability: Toxic Debris\n|-sidestart|p1: PauloAmogus|move: Toxic Spikes\n|-resisted|p2a: Picky\n|-damage|p2a: Picky|72/100\n|-resisted|p2a: Picky\n|-damage|p2a: Picky|62/100\n|-resisted|p2a: Picky\n|-damage|p2a: Picky|51/100\n|-resisted|p2a: Picky\n|-damage|p2a: Picky|41/100\n|-resisted|p2a: Picky\n|-damage|p2a: Picky|31/100\n|-resisted|p2a: Picky\n|-damage|p2a: Picky|21/100\n|-resisted|p2a: Picky\n|-damage|p2a: Picky|12/100\n|-resisted|p2a: Picky\n|-damage|p2a: Picky|2/100\n|-hitcount|p2a: Picky|10\n|move|p2a: Picky|Mortal Spin|p1a: Porrinhas\n|-damage|p1a: Porrinhas|91/100\n|-status|p1a: Porrinhas|psn\n|\n|-damage|p1a: Porrinhas|78/100 psn|[from] psn\n|upkeep\n|turn|3\n|c|\u2606PauloAmogus|I DO NOT CARE\n|c|\u2606PauloAmogus|GET POP BOMBED\n|\n|t:|1695165725\n|move|p1a: Porrinhas|Tidy Up|p1a: Porrinhas\n|-sideend|p1: PauloAmogus|Toxic Spikes\n|-activate|p1a: Porrinhas|move: Tidy Up\n|-boost|p1a: Porrinhas|atk|1\n|-boost|p1a: Porrinhas|spe|1\n|move|p2a: Picky|Earth Power|p1a: Porrinhas\n|-damage|p1a: Porrinhas|29/100 psn\n|\n|-damage|p1a: Porrinhas|17/100 psn|[from] psn\n|upkeep\n|turn|4\n|\n|t:|1695165735\n|move|p1a: Porrinhas|Bite|p2a: Picky\n|-damage|p2a: Picky|0 fnt\n|-activate|p2a: Picky|ability: Toxic Debris\n|-sidestart|p1: PauloAmogus|move: Toxic Spikes\n|faint|p2a: Picky\n|\n|-damage|p1a: Porrinhas|4/100 psn|[from] psn\n|upkeep\n|\n|t:|1695165739\n|switch|p2a: bro|Sneasler, M|100/100\n|turn|5\n|\n|t:|1695165766\n|move|p2a: bro|Fake Out|p1a: Porrinhas\n|-damage|p1a: Porrinhas|0 fnt\n|faint|p1a: Porrinhas\n|\n|upkeep\n|\n|t:|1695165771\n|switch|p1a: Porrinha|Tinkaton, F|100/100\n|-ability|p1a: Porrinha|Mold Breaker\n|turn|6\n|\n|t:|1695165782\n|move|p2a: bro|Fire Punch|p1a: Porrinha\n|-supereffective|p1a: Porrinha\n|-damage|p1a: Porrinha|44/100\n|move|p1a: Porrinha|Gigaton Hammer|p2a: bro\n|-damage|p2a: bro|0 fnt\n|faint|p2a: bro\n|\n|upkeep\n|\n|t:|1695165788\n|switch|p2a: Adirondack Bear|Ursaluna, M|100/100\n|turn|7\n|\n|t:|1695165792\n|-activate|p1a: Porrinha|move: Struggle\n|move|p1a: Porrinha|Struggle|p2a: Adirondack Bear\n|-damage|p2a: Adirondack Bear|87/100\n|-damage|p1a: Porrinha|19/100|[from] recoil\n|move|p2a: Adirondack Bear|Swords Dance|p2a: Adirondack Bear\n|-boost|p2a: Adirondack Bear|atk|2\n|\n|-status|p2a: Adirondack Bear|brn|[from] item: Flame Orb\n|upkeep\n|turn|8\n|\n|t:|1695165809\n|move|p1a: Porrinha|Gigaton Hammer|p2a: Adirondack Bear\n|-damage|p2a: Adirondack Bear|25/100 brn\n|move|p2a: Adirondack Bear|Facade|p1a: Porrinha\n|-resisted|p1a: Porrinha\n|-crit|p1a: Porrinha\n|-damage|p1a: Porrinha|0 fnt\n|faint|p1a: Porrinha\n|\n|-damage|p2a: Adirondack Bear|19/100 brn|[from] brn\n|upkeep\n|\n|t:|1695165819\n|switch|p1a: :(|Ogerpon-Wellspring, F|100/100\n|-status|p1a: :(|psn\n|turn|9\n|\n|t:|1695165824\n|move|p1a: :(|Ivy Cudgel|p2a: Adirondack Bear\n|-supereffective|p2a: Adirondack Bear\n|-damage|p2a: Adirondack Bear|0 fnt\n|faint|p2a: Adirondack Bear\n|\n|-damage|p1a: :(|88/100 psn|[from] psn\n|upkeep\n|\n|t:|1695165828\n|switch|p2a: YO|Iron Hands|100/100\n|-enditem|p2a: YO|Booster Energy\n|-activate|p2a: YO|ability: Quark Drive|[fromitem]\n|-start|p2a: YO|quarkdriveatk\n|turn|10\n|\n|t:|1695165834\n|move|p1a: :(|Swords Dance|p1a: :(\n|-boost|p1a: :(|atk|2\n|move|p2a: YO|Metronome|p2a: YO\n|move|p2a: YO|Aqua Ring|p2a: YO|[from]move: Metronome\n|-start|p2a: YO|Aqua Ring\n|\n|-damage|p1a: :(|76/100 psn|[from] psn\n|upkeep\n|turn|11\n|\n|t:|1695165860\n|move|p1a: :(|Horn Leech|p2a: YO\n|-damage|p2a: YO|46/100\n|-heal|p1a: :(|100/100 psn|[from] drain|[of] p2a: YO\n|move|p2a: YO|Metronome|p2a: YO\n|move|p2a: YO|Mega Drain|p1a: :(|[from]move: Metronome\n|-damage|p1a: :(|95/100 psn\n|-heal|p2a: YO|48/100|[from] drain|[of] p1a: :(\n|\n|-heal|p2a: YO|54/100|[from] Aqua Ring\n|-damage|p1a: :(|83/100 psn|[from] psn\n|upkeep\n|turn|12\n|\n|t:|1695165874\n|move|p1a: :(|Horn Leech|p2a: YO\n|-damage|p2a: YO|1/100\n|-heal|p1a: :(|100/100 psn|[from] drain|[of] p2a: YO\n|move|p2a: YO|Metronome|p2a: YO\n|move|p2a: YO|Splash|p2a: YO|[from]move: Metronome\n|-nothing\n|\n|-heal|p2a: YO|7/100|[from] Aqua Ring\n|-damage|p1a: :(|88/100 psn|[from] psn\n|upkeep\n|turn|13\n|\n|t:|1695165884\n|move|p1a: :(|Horn Leech|p2a: YO\n|-damage|p2a: YO|0 fnt\n|-heal|p1a: :(|94/100 psn|[from] drain|[of] p2a: YO\n|faint|p2a: YO\n|-end|p2a: YO|Quark Drive|[silent]\n|\n|-damage|p1a: :(|82/100 psn|[from] psn\n|upkeep\n|\n|t:|1695165888\n|switch|p2a: Bird|Braviary-Hisui, M|100/100\n|turn|14\n|\n|t:|1695165897\n|move|p1a: :(|Ivy Cudgel|p2a: Bird\n|-damage|p2a: Bird|0 fnt\n|faint|p2a: Bird\n|\n|-damage|p1a: :(|69/100 psn|[from] psn\n|upkeep\n|-message|NajimiStann forfeited.\n|\n|win|PauloAmogus\n|raw|PauloAmogus's rating: 1040 &rarr; <strong>1078</strong><br />(+38 for winning)\n|raw|NajimiStann's rating: 1086 &rarr; <strong>1060</strong><br />(-26 for losing)\n|l|\u2606NajimiStann\n", "uploadtime": 1695165907, "views": 1, "p1id": "pauloamogus", "p2id": "najimistann", "formatid": "gen9ou", "rating": 1060, "private": 0, "password": ""}