{"id": "gen9ou-1947559725", "p1": "Lusty Jove", "p2": "ckagnazaroff", "format": "gen9ou", "log": "|j|\u2606Lusty Jove\n|j|\u2606ckagnazaroff\n|t:|1695172560\n|gametype|singles\n|player|p1|Lusty Jove|265|1238\n|player|p2|ckagnazaroff|clerk|1302\n|teamsize|p1|6\n|teamsize|p2|6\n|gen|9\n|tier|[Gen 9] OU\n|rated|\n|rule|Sleep Clause Mod: Limit one foe put to sleep\n|rule|Species Clause: Limit one of each Pok\u00e9mon\n|rule|OHKO Clause: OHKO moves are banned\n|rule|Evasion Items Clause: Evasion items are banned\n|rule|Evasion Moves Clause: Evasion moves are banned\n|rule|Endless Battle Clause: Forcing endless battles is banned\n|rule|HP Percentage Mod: HP is shown in percentages\n|clearpoke\n|poke|p1|Cinderace, F|\n|poke|p1|Clefable, F|\n|poke|p1|Gliscor, M|\n|poke|p1|Shaymin|\n|poke|p1|Slowking, F|\n|poke|p1|Hoopa-Unbound|\n|poke|p2|Sinistcha|\n|poke|p2|Tauros-Paldea-Blaze, M|\n|poke|p2|Great Tusk|\n|poke|p2|Clodsire, F|\n|poke|p2|Gholdengo|\n|poke|p2|Kingambit, M|\n|teampreview\n|inactive|Battle timer is ON: inactive players will automatically lose when time's up. (requested by Lusty Jove)\n|\n|t:|1695172584\n|start\n|switch|p1a: Clefable|Clefable, F|100/100\n|switch|p2a: Clodsire|Clodsire, F|100/100\n|turn|1\n|\n|t:|1695172589\n|move|p1a: Clefable|Stealth Rock|p2a: Clodsire\n|-sidestart|p2: ckagnazaroff|move: Stealth Rock\n|move|p2a: Clodsire|Toxic|p1a: Clefable\n|-status|p1a: Clefable|tox\n|\n|upkeep\n|turn|2\n|\n|t:|1695172593\n|move|p1a: Clefable|Ice Beam|p2a: Clodsire\n|-supereffective|p2a: Clodsire\n|-damage|p2a: Clodsire|78/100\n|move|p2a: Clodsire|Stealth Rock|p1a: Clefable\n|-sidestart|p1: Lusty Jove|move: Stealth Rock\n|\n|-heal|p2a: Clodsire|84/100|[from] item: Leftovers\n|upkeep\n|turn|3\n|\n|t:|1695172608\n|switch|p2a: Gholdengo|Gholdengo|100/100\n|-damage|p2a: Gholdengo|94/100|[from] Stealth Rock\n|move|p1a: Clefable|Knock Off|p2a: Gholdengo\n|-supereffective|p2a: Gholdengo\n|-damage|p2a: Gholdengo|61/100\n|-enditem|p2a: Gholdengo|Choice Scarf|[from] move: Knock Off|[of] p1a: Clefable\n|\n|upkeep\n|turn|4\n|\n|t:|1695172617\n|switch|p1a: Slowking|Slowking, F|100/100\n|move|p2a: Gholdengo|Trick|p1a: Slowking\n|-activate|p2a: Gholdengo|move: Trick|[of] p1a: Slowking\n|-enditem|p1a: Slowking|Heavy-Duty Boots|[silent]|[from] move: Trick\n|-item|p2a: Gholdengo|Heavy-Duty Boots|[from] move: Trick\n|\n|upkeep\n|turn|5\n|\n|t:|1695172624\n|move|p2a: Gholdengo|Shadow Ball|p1a: Slowking\n|-supereffective|p1a: Slowking\n|-damage|p1a: Slowking|50/100\n|move|p1a: Slowking|Surf|p2a: Gholdengo\n|-damage|p2a: Gholdengo|23/100\n|\n|upkeep\n|turn|6\n|\n|t:|1695172631\n|switch|p1a: Cinderace|Cinderace, F|100/100\n|move|p2a: Gholdengo|Shadow Ball|p1a: Cinderace\n|-damage|p1a: Cinderace|41/100\n|\n|upkeep\n|turn|7\n|\n|t:|1695172640\n|switch|p2a: Tauros|Tauros-Paldea-Blaze, M|100/100\n|-damage|p2a: Tauros|88/100|[from] Stealth Rock\n|-ability|p2a: Tauros|Intimidate|boost\n|-unboost|p1a: Cinderace|atk|1\n|move|p1a: Cinderace|Pyro Ball|p2a: Tauros\n|-resisted|p2a: Tauros\n|-damage|p2a: Tauros|69/100\n|\n|upkeep\n|turn|8\n|\n|t:|1695172648\n|move|p1a: Cinderace|U-turn|p2a: Tauros\n|-start|p1a: Cinderace|typechange|Bug|[from] ability: Libero\n|-resisted|p2a: Tauros\n|-damage|p2a: Tauros|63/100\n|\n|t:|1695172651\n|switch|p1a: Gliscor|Gliscor, M|100/100|[from] U-turn\n|-damage|p1a: Gliscor|88/100|[from] Stealth Rock\n|move|p2a: Tauros|Raging Bull|p1a: Gliscor\n|-damage|p1a: Gliscor|38/100\n|\n|-status|p1a: Gliscor|tox|[from] item: Toxic Orb\n|upkeep\n|turn|9\n|\n|t:|1695172660\n|switch|p1a: Slowking|Slowking, F|83/100\n|-damage|p1a: Slowking|70/100|[from] Stealth Rock\n|move|p2a: Tauros|Raging Bull|p1a: Slowking\n|-resisted|p1a: Slowking\n|-damage|p1a: Slowking|41/100\n|\n|upkeep\n|turn|10\n|\n|t:|1695172667\n|switch|p2a: Sinistcha|Sinistcha|100/100\n|-damage|p2a: Sinistcha|88/100|[from] Stealth Rock\n|move|p1a: Slowking|Surf|p2a: Sinistcha\n|-resisted|p2a: Sinistcha\n|-damage|p2a: Sinistcha|70/100\n|\n|-heal|p2a: Sinistcha|76/100|[from] item: Leftovers\n|upkeep\n|turn|11\n|\n|t:|1695172681\n|switch|p1a: Hoopa|Hoopa-Unbound|100/100\n|-damage|p1a: Hoopa|88/100|[from] Stealth Rock\n|move|p2a: Sinistcha|Calm Mind|p2a: Sinistcha\n|-boost|p2a: Sinistcha|spa|1\n|-boost|p2a: Sinistcha|spd|1\n|\n|-heal|p2a: Sinistcha|82/100|[from] item: Leftovers\n|upkeep\n|turn|12\n|\n|t:|1695172698\n|-terastallize|p2a: Sinistcha|Fairy\n|move|p1a: Hoopa|Dark Pulse|p2a: Sinistcha\n|-resisted|p2a: Sinistcha\n|-damage|p2a: Sinistcha|51/100\n|move|p2a: Sinistcha|Matcha Gotcha|p1a: Hoopa\n|-damage|p1a: Hoopa|48/100\n|-heal|p2a: Sinistcha|68/100|[from] drain|[of] p1a: Hoopa\n|\n|-heal|p2a: Sinistcha|74/100|[from] item: Leftovers\n|upkeep\n|turn|13\n|\n|t:|1695172709\n|switch|p1a: Slowking|Slowking, F|74/100\n|-damage|p1a: Slowking|62/100|[from] Stealth Rock\n|move|p2a: Sinistcha|Calm Mind|p2a: Sinistcha\n|-boost|p2a: Sinistcha|spa|1\n|-boost|p2a: Sinistcha|spd|1\n|\n|-heal|p2a: Sinistcha|81/100|[from] item: Leftovers\n|upkeep\n|turn|14\n|\n|t:|1695172714\n|move|p2a: Sinistcha|Matcha Gotcha|p1a: Slowking\n|-supereffective|p1a: Slowking\n|-damage|p1a: Slowking|0 fnt\n|-heal|p2a: Sinistcha|100/100|[from] drain|[of] p1a: Slowking\n|faint|p1a: Slowking\n|\n|upkeep\n|\n|t:|1695172718\n|switch|p1a: Cinderace|Cinderace, F|41/100\n|turn|15\n|\n|t:|1695172723\n|move|p1a: Cinderace|Pyro Ball|p2a: Sinistcha\n|-damage|p2a: Sinistcha|80/100\n|move|p2a: Sinistcha|Strength Sap|p1a: Cinderace\n|-unboost|p1a: Cinderace|atk|1\n|-heal|p2a: Sinistcha|100/100\n|\n|upkeep\n|turn|16\n|\n|t:|1695172728\n|move|p1a: Cinderace|U-turn|p2a: Sinistcha\n|-start|p1a: Cinderace|typechange|Bug|[from] ability: Libero\n|-resisted|p2a: Sinistcha\n|-damage|p2a: Sinistcha|93/100\n|\n|t:|1695172731\n|switch|p1a: Clefable|Clefable, F|100/100 tox|[from] U-turn\n|move|p2a: Sinistcha|Shadow Ball|p1a: Clefable\n|-crit|p1a: Clefable\n|-damage|p1a: Clefable|3/100 tox\n|\n|-heal|p2a: Sinistcha|99/100|[from] item: Leftovers\n|-heal|p1a: Clefable|9/100 tox|[from] item: Leftovers\n|upkeep\n|turn|17\n|\n|t:|1695172738\n|move|p2a: Sinistcha|Shadow Ball|p1a: Clefable\n|-damage|p1a: Clefable|0 fnt\n|faint|p1a: Clefable\n|\n|-heal|p2a: Sinistcha|100/100|[from] item: Leftovers\n|upkeep\n|-message|Lusty Jove forfeited.\n|\n|win|ckagnazaroff\n|raw|Lusty Jove's rating: 1238 &rarr; <strong>1218</strong><br />(-20 for losing)\n|raw|ckagnazaroff's rating: 1302 &rarr; <strong>1318</strong><br />(+16 for winning)\n|l|\u2606Lusty Jove\n", "uploadtime": 1695172755, "views": 6, "p1id": "lustyjove", "p2id": "ckagnazaroff", "formatid": "gen9ou", "rating": 1218, "private": 0, "password": ""}