{"id": "gen9ou-1947520188", "p1": "julies101staccount", "p2": "FilthyTryhardScum", "format": "gen9ou", "log": "|j|\u2606julies101staccount\n|j|\u2606FilthyTryhardScum\n|t:|1695168704\n|gametype|singles\n|player|p1|julies101staccount|266|1362\n|player|p2|FilthyTryhardScum|swimmer-gen4dp|1470\n|teamsize|p1|6\n|teamsize|p2|6\n|gen|9\n|tier|[Gen 9] OU\n|rated|\n|rule|Sleep Clause Mod: Limit one foe put to sleep\n|rule|Species Clause: Limit one of each Pok\u00e9mon\n|rule|OHKO Clause: OHKO moves are banned\n|rule|Evasion Items Clause: Evasion items are banned\n|rule|Evasion Moves Clause: Evasion moves are banned\n|rule|Endless Battle Clause: Forcing endless battles is banned\n|rule|HP Percentage Mod: HP is shown in percentages\n|clearpoke\n|poke|p1|Samurott-Hisui, M|\n|poke|p1|Ursaluna-Bloodmoon, M|\n|poke|p1|Empoleon, M|\n|poke|p1|Gholdengo|\n|poke|p1|Clodsire, F|\n|poke|p1|Iron Moth|\n|poke|p2|Torkoal, F|\n|poke|p2|Ogerpon-Hearthflame, F|\n|poke|p2|Roaring Moon|\n|poke|p2|Walking Wake|\n|poke|p2|Hatterene, F|\n|poke|p2|Great Tusk|\n|teampreview\n|inactive|Battle timer is ON: inactive players will automatically lose when time's up. (requested by FilthyTryhardScum)\n|c|\u2606FilthyTryhardScum|gl hf\n|\n|t:|1695168728\n|start\n|switch|p1a: Clodsire|Clodsire, F|100/100\n|switch|p2a: Walking Wake|Walking Wake|100/100\n|turn|1\n|c|\u2606julies101staccount|u2\n|\n|t:|1695168735\n|move|p2a: Walking Wake|Flip Turn|p1a: Clodsire\n|-supereffective|p1a: Clodsire\n|-damage|p1a: Clodsire|79/100\n|\n|t:|1695168740\n|-end|p2a: Walking Wake|Protosynthesis|[silent]\n|switch|p2a: Great Tusk|Great Tusk|100/100|[from] Flip Turn\n|move|p1a: Clodsire|Toxic|p2a: Great Tusk\n|-status|p2a: Great Tusk|tox\n|\n|-damage|p2a: Great Tusk|94/100 tox|[from] psn\n|upkeep\n|turn|2\n|\n|t:|1695168748\n|switch|p1a: Gholdengo|Gholdengo|100/100\n|-item|p1a: Gholdengo|Air Balloon\n|move|p2a: Great Tusk|Earthquake|p1a: Gholdengo\n|-immune|p1a: Gholdengo\n|\n|-heal|p2a: Great Tusk|100/100 tox|[from] item: Leftovers\n|-damage|p2a: Great Tusk|88/100 tox|[from] psn\n|upkeep\n|turn|3\n|\n|t:|1695168756\n|-end|p2a: Great Tusk|Protosynthesis|[silent]\n|switch|p2a: Roaring Moon|Roaring Moon|100/100\n|move|p1a: Gholdengo|Make It Rain|p2a: Roaring Moon\n|-damage|p2a: Roaring Moon|44/100\n|-unboost|p1a: Gholdengo|spa|1\n|\n|upkeep\n|turn|4\n|\n|t:|1695168768\n|switch|p1a: Empoleon|Empoleon, M|100/100\n|move|p2a: Roaring Moon|Knock Off|p1a: Empoleon\n|-damage|p1a: Empoleon|47/100\n|-enditem|p1a: Empoleon|Leftovers|[from] move: Knock Off|[of] p2a: Roaring Moon\n|\n|upkeep\n|turn|5\n|\n|t:|1695168779\n|move|p2a: Roaring Moon|Brick Break|p1a: Empoleon\n|-supereffective|p1a: Empoleon\n|-damage|p1a: Empoleon|0 fnt\n|faint|p1a: Empoleon\n|\n|upkeep\n|\n|t:|1695168789\n|switch|p1a: Ursaluna|Ursaluna-Bloodmoon, M|100/100\n|turn|6\n|\n|t:|1695168803\n|move|p2a: Roaring Moon|U-turn|p1a: Ursaluna\n|-damage|p1a: Ursaluna|85/100\n|\n|t:|1695168806\n|-end|p2a: Roaring Moon|Protosynthesis|[silent]\n|switch|p2a: Hatterene|Hatterene, F|100/100|[from] U-turn\n|move|p1a: Ursaluna|Calm Mind|p1a: Ursaluna\n|-boost|p1a: Ursaluna|spa|1\n|-boost|p1a: Ursaluna|spd|1\n|\n|-heal|p1a: Ursaluna|91/100|[from] item: Leftovers\n|upkeep\n|turn|7\n|\n|t:|1695168813\n|move|p1a: Ursaluna|Blood Moon|p2a: Hatterene\n|-damage|p2a: Hatterene|0 fnt\n|faint|p2a: Hatterene\n|\n|-heal|p1a: Ursaluna|97/100|[from] item: Leftovers\n|upkeep\n|\n|t:|1695168820\n|switch|p2a: Walking Wake|Walking Wake|100/100\n|turn|8\n|\n|t:|1695168826\n|-terastallize|p2a: Walking Wake|Water\n|-terastallize|p1a: Ursaluna|Fighting\n|move|p2a: Walking Wake|Hydro Steam|p1a: Ursaluna\n|-damage|p1a: Ursaluna|34/100\n|move|p1a: Ursaluna|Earth Power|p2a: Walking Wake\n|-damage|p2a: Walking Wake|6/100\n|\n|-heal|p1a: Ursaluna|40/100|[from] item: Leftovers\n|upkeep\n|turn|9\n|\n|t:|1695168834\n|move|p1a: Ursaluna|Vacuum Wave|p2a: Walking Wake\n|-damage|p2a: Walking Wake|0 fnt\n|faint|p2a: Walking Wake\n|-end|p2a: Walking Wake|Protosynthesis|[silent]\n|\n|-heal|p1a: Ursaluna|46/100|[from] item: Leftovers\n|upkeep\n|\n|t:|1695168836\n|switch|p2a: Ogerpon|Ogerpon-Hearthflame, F|100/100\n|-ability|p2a: Ogerpon|Mold Breaker\n|turn|10\n|\n|t:|1695168841\n|move|p1a: Ursaluna|Vacuum Wave|p2a: Ogerpon\n|-damage|p2a: Ogerpon|60/100\n|move|p2a: Ogerpon|Play Rough|p1a: Ursaluna\n|-supereffective|p1a: Ursaluna\n|-damage|p1a: Ursaluna|0 fnt\n|faint|p1a: Ursaluna\n|\n|upkeep\n|\n|t:|1695168857\n|switch|p1a: Iron Moth|Iron Moth|100/100\n|-enditem|p1a: Iron Moth|Booster Energy\n|-activate|p1a: Iron Moth|ability: Quark Drive|[fromitem]\n|-start|p1a: Iron Moth|quarkdrivespe\n|turn|11\n|\n|t:|1695168862\n|move|p1a: Iron Moth|Substitute|p1a: Iron Moth\n|-start|p1a: Iron Moth|Substitute\n|-damage|p1a: Iron Moth|76/100\n|move|p2a: Ogerpon|Ivy Cudgel|p1a: Iron Moth\n|-resisted|p1a: Iron Moth\n|-end|p1a: Iron Moth|Substitute\n|\n|upkeep\n|turn|12\n|\n|t:|1695168870\n|move|p1a: Iron Moth|Sludge Wave|p2a: Ogerpon\n|-supereffective|p2a: Ogerpon\n|-damage|p2a: Ogerpon|0 fnt\n|faint|p2a: Ogerpon\n|\n|upkeep\n|\n|t:|1695168880\n|switch|p2a: Great Tusk|Great Tusk|88/100 tox\n|turn|13\n|\n|t:|1695168883\n|move|p1a: Iron Moth|Energy Ball|p2a: Great Tusk\n|-supereffective|p2a: Great Tusk\n|-damage|p2a: Great Tusk|6/100 tox\n|move|p2a: Great Tusk|Earthquake|p1a: Iron Moth\n|-supereffective|p1a: Iron Moth\n|-damage|p1a: Iron Moth|0 fnt\n|faint|p1a: Iron Moth\n|-end|p1a: Iron Moth|Quark Drive|[silent]\n|\n|-heal|p2a: Great Tusk|12/100 tox|[from] item: Leftovers\n|-damage|p2a: Great Tusk|6/100 tox|[from] psn\n|upkeep\n|\n|t:|1695168892\n|switch|p1a: Samurott|Samurott-Hisui, M|100/100\n|turn|14\n|\n|t:|1695168896\n|move|p1a: Samurott|Aqua Jet|p2a: Great Tusk\n|-supereffective|p2a: Great Tusk\n|-damage|p2a: Great Tusk|0 fnt\n|faint|p2a: Great Tusk\n|-end|p2a: Great Tusk|Protosynthesis|[silent]\n|\n|upkeep\n|\n|t:|1695168899\n|switch|p2a: Torkoal|Torkoal, F|100/100\n|-weather|SunnyDay|[from] ability: Drought|[of] p2a: Torkoal\n|turn|15\n|\n|t:|1695168908\n|switch|p1a: Clodsire|Clodsire, F|79/100\n|move|p2a: Torkoal|Yawn|p1a: Clodsire\n|-start|p1a: Clodsire|move: Yawn|[of] p2a: Torkoal\n|\n|-weather|SunnyDay|[upkeep]\n|upkeep\n|turn|16\n|\n|t:|1695168912\n|move|p1a: Clodsire|Toxic|p2a: Torkoal\n|-status|p2a: Torkoal|tox\n|move|p2a: Torkoal|Stealth Rock|p1a: Clodsire\n|-sidestart|p1: julies101staccount|move: Stealth Rock\n|\n|-weather|SunnyDay|[upkeep]\n|-damage|p2a: Torkoal|94/100 tox|[from] psn\n|-end|p1a: Clodsire|move: Yawn|[silent]\n|-status|p1a: Clodsire|slp\n|upkeep\n|turn|17\n|\n|t:|1695168923\n|switch|p1a: Samurott|Samurott-Hisui, M|100/100\n|-damage|p1a: Samurott|88/100|[from] Stealth Rock\n|switch|p2a: Roaring Moon|Roaring Moon|44/100\n|-activate|p2a: Roaring Moon|ability: Protosynthesis\n|-start|p2a: Roaring Moon|protosynthesisspe\n|\n|-weather|SunnyDay|[upkeep]\n|upkeep\n|turn|18\n|\n|t:|1695168933\n|move|p2a: Roaring Moon|U-turn|p1a: Samurott\n|-supereffective|p1a: Samurott\n|-damage|p1a: Samurott|15/100\n|\n|t:|1695168935\n|-end|p2a: Roaring Moon|Protosynthesis|[silent]\n|switch|p2a: Torkoal|Torkoal, F|94/100 tox|[from] U-turn\n|move|p1a: Samurott|Sacred Sword|p2a: Torkoal\n|-damage|p2a: Torkoal|63/100 tox\n|\n|-weather|SunnyDay|[upkeep]\n|-damage|p2a: Torkoal|57/100 tox|[from] psn\n|upkeep\n|turn|19\n|\n|t:|1695168946\n|switch|p1a: Clodsire|Clodsire, F|79/100 slp\n|move|p2a: Torkoal|Lava Plume|p1a: Clodsire\n|-damage|p1a: Clodsire|49/100 slp\n|\n|-weather|SunnyDay|[upkeep]\n|-damage|p2a: Torkoal|45/100 tox|[from] psn\n|upkeep\n|turn|20\n|\n|t:|1695168951\n|switch|p2a: Roaring Moon|Roaring Moon|44/100\n|-activate|p2a: Roaring Moon|ability: Protosynthesis\n|-start|p2a: Roaring Moon|protosynthesisspe\n|cant|p1a: Clodsire|slp\n|\n|-weather|SunnyDay|[upkeep]\n|upkeep\n|turn|21\n|\n|t:|1695168961\n|move|p2a: Roaring Moon|Knock Off|p1a: Clodsire\n|-damage|p1a: Clodsire|11/100 slp\n|-enditem|p1a: Clodsire|Heavy-Duty Boots|[from] move: Knock Off|[of] p2a: Roaring Moon\n|cant|p1a: Clodsire|slp\n|\n|-weather|SunnyDay|[upkeep]\n|upkeep\n|turn|22\n|\n|t:|1695168965\n|move|p2a: Roaring Moon|Knock Off|p1a: Clodsire\n|-damage|p1a: Clodsire|0 fnt\n|faint|p1a: Clodsire\n|\n|-weather|none\n|-end|p2a: Roaring Moon|Protosynthesis\n|upkeep\n|\n|t:|1695168976\n|switch|p1a: Gholdengo|Gholdengo|100/100\n|-damage|p1a: Gholdengo|94/100|[from] Stealth Rock\n|-item|p1a: Gholdengo|Air Balloon\n|turn|23\n|\n|t:|1695168979\n|move|p2a: Roaring Moon|Knock Off|p1a: Gholdengo\n|-supereffective|p1a: Gholdengo\n|-damage|p1a: Gholdengo|0 fnt\n|-enditem|p1a: Gholdengo|Air Balloon\n|faint|p1a: Gholdengo\n|\n|upkeep\n|-message|julies101staccount forfeited.\n|\n|win|FilthyTryhardScum\n|raw|julies101staccount's rating: 1362 &rarr; <strong>1348</strong><br />(-14 for losing)\n|raw|FilthyTryhardScum's rating: 1470 &rarr; <strong>1484</strong><br />(+14 for winning)\n|l|\u2606julies101staccount\n", "uploadtime": 1695168986, "views": 2, "p1id": "julies101staccount", "p2id": "filthytryhardscum", "formatid": "gen9ou", "rating": 1348, "private": 0, "password": ""}