{"id": "gen9ou-1947525800", "p1": "RottenBlizzard", "p2": "zeref203", "format": "gen9ou", "log": "|j|\u2606RottenBlizzard\n|j|\u2606zeref203\n|t:|1695169263\n|gametype|singles\n|player|p1|RottenBlizzard|169|1035\n|player|p2|zeref203|265|1053\n|teamsize|p1|6\n|teamsize|p2|6\n|gen|9\n|tier|[Gen 9] OU\n|rated|\n|rule|Sleep Clause Mod: Limit one foe put to sleep\n|rule|Species Clause: Limit one of each Pok\u00e9mon\n|rule|OHKO Clause: OHKO moves are banned\n|rule|Evasion Items Clause: Evasion items are banned\n|rule|Evasion Moves Clause: Evasion moves are banned\n|rule|Endless Battle Clause: Forcing endless battles is banned\n|rule|HP Percentage Mod: HP is shown in percentages\n|clearpoke\n|poke|p1|Breloom, M|\n|poke|p1|Grimmsnarl, M|\n|poke|p1|Gholdengo|\n|poke|p1|Rotom-Wash|\n|poke|p1|Garchomp, M|\n|poke|p1|Corviknight, M|\n|poke|p2|Gholdengo|\n|poke|p2|Great Tusk|\n|poke|p2|Arcanine-Hisui, M|\n|poke|p2|Hatterene, F|\n|poke|p2|Ogerpon-Wellspring, F|\n|poke|p2|Milotic, M|\n|teampreview\n|inactive|Battle timer is ON: inactive players will automatically lose when time's up. (requested by zeref203)\n|\n|t:|1695169281\n|start\n|switch|p1a: Corviknight|Corviknight, M|100/100\n|switch|p2a: Selene|Hatterene, F, shiny|100/100\n|turn|1\n|\n|t:|1695169288\n|move|p1a: Corviknight|Iron Head|p2a: Selene\n|-supereffective|p2a: Selene\n|-damage|p2a: Selene|37/100\n|-enditem|p2a: Selene|Weakness Policy\n|-boost|p2a: Selene|atk|2|[from] item: Weakness Policy\n|-boost|p2a: Selene|spa|2|[from] item: Weakness Policy\n|move|p2a: Selene|Trick Room|p2a: Selene\n|-fieldstart|move: Trick Room|[of] p2a: Selene\n|\n|upkeep\n|turn|2\n|\n|t:|1695169296\n|-terastallize|p2a: Selene|Steel\n|move|p2a: Selene|Mystical Fire|p1a: Corviknight\n|-supereffective|p1a: Corviknight\n|-damage|p1a: Corviknight|0 fnt\n|faint|p1a: Corviknight\n|\n|upkeep\n|\n|t:|1695169315\n|switch|p1a: Rotom|Rotom-Wash|100/100\n|turn|3\n|\n|t:|1695169322\n|move|p2a: Selene|Giga Drain|p1a: Rotom\n|-supereffective|p1a: Rotom\n|-damage|p1a: Rotom|0 fnt\n|-heal|p2a: Selene|94/100|[from] drain|[of] p1a: Rotom\n|faint|p1a: Rotom\n|\n|upkeep\n|\n|t:|1695169329\n|switch|p1a: Garchomp|Garchomp, M|100/100\n|turn|4\n|\n|t:|1695169336\n|-terastallize|p1a: Garchomp|Steel\n|move|p2a: Selene|Giga Drain|p1a: Garchomp\n|-resisted|p1a: Garchomp\n|-damage|p1a: Garchomp|69/100\n|-heal|p2a: Selene|100/100|[from] drain|[of] p1a: Garchomp\n|move|p1a: Garchomp|Iron Head|p2a: Selene\n|-resisted|p2a: Selene\n|-damage|p2a: Selene|67/100\n|-damage|p1a: Garchomp|59/100|[from] item: Life Orb\n|\n|upkeep\n|turn|5\n|\n|t:|1695169355\n|switch|p1a: Grimmsnarl|Grimmsnarl, M, shiny|100/100\n|move|p2a: Selene|Mystical Fire|p1a: Grimmsnarl\n|-damage|p1a: Grimmsnarl|53/100\n|-unboost|p1a: Grimmsnarl|spa|1\n|\n|-fieldend|move: Trick Room\n|upkeep\n|turn|6\n|\n|t:|1695169368\n|move|p1a: Grimmsnarl|Thunder Wave|p2a: Selene\n|move|p2a: Selene|Thunder Wave|p1a: Grimmsnarl|[from]ability: Magic Bounce\n|-status|p1a: Grimmsnarl|par\n|move|p2a: Selene|Trick Room|p2a: Selene\n|-fieldstart|move: Trick Room|[of] p2a: Selene\n|\n|upkeep\n|turn|7\n|\n|t:|1695169376\n|switch|p1a: Gholdengo|Gholdengo|100/100\n|move|p2a: Selene|Mystical Fire|p1a: Gholdengo\n|-supereffective|p1a: Gholdengo\n|-damage|p1a: Gholdengo|0 fnt\n|faint|p1a: Gholdengo\n|\n|upkeep\n|\n|t:|1695169384\n|switch|p1a: Breloom|Breloom, M, shiny|100/100\n|turn|8\n|\n|t:|1695169387\n|move|p2a: Selene|Mystical Fire|p1a: Breloom\n|-supereffective|p1a: Breloom\n|-enditem|p1a: Breloom|Focus Sash\n|-damage|p1a: Breloom|1/100\n|-unboost|p1a: Breloom|spa|1\n|move|p1a: Breloom|Leech Seed|p2a: Selene\n|move|p2a: Selene|Leech Seed|p1a: Breloom|[from]ability: Magic Bounce\n|-immune|p1a: Breloom\n|\n|upkeep\n|turn|9\n|\n|t:|1695169399\n|move|p1a: Breloom|Mach Punch|p2a: Selene\n|-supereffective|p2a: Selene\n|-damage|p2a: Selene|0 fnt\n|faint|p2a: Selene\n|\n|upkeep\n|\n|t:|1695169406\n|switch|p2a: Ignia|Arcanine-Hisui, M, shiny|100/100\n|turn|10\n|\n|t:|1695169409\n|move|p2a: Ignia|Extreme Speed|p1a: Breloom\n|-damage|p1a: Breloom|0 fnt\n|faint|p1a: Breloom\n|-damage|p2a: Ignia|91/100|[from] item: Life Orb\n|\n|-fieldend|move: Trick Room\n|upkeep\n|\n|t:|1695169416\n|switch|p1a: Garchomp|Garchomp, M, tera:Steel|59/100\n|turn|11\n|\n|t:|1695169419\n|move|p1a: Garchomp|Earthquake|p2a: Ignia\n|-supereffective|p2a: Ignia\n|-damage|p2a: Ignia|0 fnt\n|faint|p2a: Ignia\n|-damage|p1a: Garchomp|49/100|[from] item: Life Orb\n|\n|upkeep\n|\n|t:|1695169438\n|switch|p2a: Dogromag|Great Tusk, shiny|100/100\n|turn|12\n|\n|t:|1695169440\n|move|p1a: Garchomp|Earthquake|p2a: Dogromag\n|-damage|p2a: Dogromag|58/100\n|-damage|p1a: Garchomp|39/100|[from] item: Life Orb\n|move|p2a: Dogromag|Headlong Rush|p1a: Garchomp\n|-supereffective|p1a: Garchomp\n|-damage|p1a: Garchomp|0 fnt\n|-unboost|p2a: Dogromag|def|1\n|-unboost|p2a: Dogromag|spd|1\n|-damage|p2a: Dogromag|46/100|[from] ability: Rough Skin|[of] p1a: Garchomp\n|faint|p1a: Garchomp\n|\n|upkeep\n|\n|t:|1695169456\n|switch|p1a: Grimmsnarl|Grimmsnarl, M, shiny|53/100 par\n|turn|13\n|\n|t:|1695169459\n|-end|p2a: Dogromag|Protosynthesis|[silent]\n|switch|p2a: Viernes|Gholdengo, shiny|100/100\n|move|p1a: Grimmsnarl|Spirit Break|p2a: Viernes\n|-resisted|p2a: Viernes\n|-damage|p2a: Viernes|82/100\n|-unboost|p2a: Viernes|spa|1\n|\n|upkeep\n|turn|14\n|\n|t:|1695169465\n|move|p1a: Grimmsnarl|Reflect|p1a: Grimmsnarl\n|-sidestart|p1: RottenBlizzard|Reflect\n|move|p2a: Viernes|Make It Rain|p1a: Grimmsnarl\n|-supereffective|p1a: Grimmsnarl\n|-damage|p1a: Grimmsnarl|0 fnt\n|-unboost|p2a: Viernes|spa|1\n|faint|p1a: Grimmsnarl\n|\n|win|zeref203\n|raw|RottenBlizzard's rating: 1035 &rarr; <strong>1021</strong><br />(-14 for losing)\n|raw|zeref203's rating: 1053 &rarr; <strong>1083</strong><br />(+30 for winning)\n|l|\u2606RottenBlizzard\n", "uploadtime": 1695169487, "views": 1, "p1id": "rottenblizzard", "p2id": "zeref203", "formatid": "gen9ou", "rating": 1021, "private": 0, "password": ""}