{"id": "gen9ou-1947554620", "p1": "Leo_C_G", "p2": "ThatAnonOverThere", "format": "gen9ou", "log": "|j|\u2606Leo_C_G\n|j|\u2606ThatAnonOverThere\n|t:|1695172062\n|gametype|singles\n|player|p1|Leo_C_G|pokemonbreeder-gen4|1414\n|player|p2|ThatAnonOverThere|169|1408\n|teamsize|p1|6\n|teamsize|p2|6\n|gen|9\n|tier|[Gen 9] OU\n|rated|\n|rule|Sleep Clause Mod: Limit one foe put to sleep\n|rule|Species Clause: Limit one of each Pok\u00e9mon\n|rule|OHKO Clause: OHKO moves are banned\n|rule|Evasion Items Clause: Evasion items are banned\n|rule|Evasion Moves Clause: Evasion moves are banned\n|rule|Endless Battle Clause: Forcing endless battles is banned\n|rule|HP Percentage Mod: HP is shown in percentages\n|clearpoke\n|poke|p1|Dragapult, M|\n|poke|p1|Glimmora, M|\n|poke|p1|Mandibuzz, F|\n|poke|p1|Rotom-Wash|\n|poke|p1|Iron Valiant|\n|poke|p1|Ogerpon-Hearthflame, F|\n|poke|p2|Ursaluna-Bloodmoon, M|\n|poke|p2|Kingambit, F|\n|poke|p2|Ogerpon-Hearthflame, F|\n|poke|p2|Kommo-o, M|\n|poke|p2|Rotom-Wash|\n|poke|p2|Mamoswine, M|\n|teampreview\n|inactive|Battle timer is ON: inactive players will automatically lose when time's up. (requested by ThatAnonOverThere)\n|\n|t:|1695172075\n|start\n|switch|p1a: Ogerpon|Ogerpon-Hearthflame, F|100/100\n|switch|p2a: Kingambit|Kingambit, F|100/100\n|-ability|p1a: Ogerpon|Mold Breaker\n|turn|1\n|\n|t:|1695172084\n|-terastallize|p2a: Kingambit|Dark\n|move|p1a: Ogerpon|Ivy Cudgel|p2a: Kingambit\n|-damage|p2a: Kingambit|47/100\n|move|p2a: Kingambit|Swords Dance|p2a: Kingambit\n|-boost|p2a: Kingambit|atk|2\n|\n|upkeep\n|turn|2\n|\n|t:|1695172111\n|move|p2a: Kingambit|Sucker Punch|p1a: Ogerpon\n|-damage|p1a: Ogerpon|0 fnt\n|faint|p1a: Ogerpon\n|\n|upkeep\n|inactive|Leo_C_G has 120 seconds left.\n|\n|t:|1695172122\n|switch|p1a: Mandibuzz|Mandibuzz, F|100/100\n|turn|3\n|inactive|Leo_C_G has 120 seconds left.\n|\n|t:|1695172140\n|move|p2a: Kingambit|Iron Head|p1a: Mandibuzz\n|-damage|p1a: Mandibuzz|39/100\n|move|p1a: Mandibuzz|U-turn|p2a: Kingambit\n|-supereffective|p2a: Kingambit\n|-damage|p2a: Kingambit|26/100\n|\n|t:|1695172149\n|switch|p1a: Glimmora|Glimmora, M|100/100|[from] U-turn\n|\n|upkeep\n|turn|4\n|inactive|Leo_C_G has 120 seconds left.\n|\n|t:|1695172168\n|move|p2a: Kingambit|Sucker Punch||[still]\n|-fail|p2a: Kingambit\n|move|p1a: Glimmora|Stealth Rock|p2a: Kingambit\n|-sidestart|p2: ThatAnonOverThere|move: Stealth Rock\n|\n|upkeep\n|turn|5\n|\n|t:|1695172174\n|move|p1a: Glimmora|Sludge Bomb|p2a: Kingambit\n|-damage|p2a: Kingambit|0 fnt\n|faint|p2a: Kingambit\n|-end|p2a: Kingambit|fallenundefined|[silent]\n|\n|upkeep\n|\n|t:|1695172177\n|switch|p2a: Ursaluna|Ursaluna-Bloodmoon, M|100/100\n|-damage|p2a: Ursaluna|94/100|[from] Stealth Rock\n|turn|6\n|inactive|Leo_C_G has 120 seconds left.\n|\n|t:|1695172190\n|move|p1a: Glimmora|Mortal Spin|p2a: Ursaluna\n|-resisted|p2a: Ursaluna\n|-damage|p2a: Ursaluna|92/100\n|-status|p2a: Ursaluna|psn\n|move|p2a: Ursaluna|Earth Power|p1a: Glimmora\n|-supereffective|p1a: Glimmora\n|-damage|p1a: Glimmora|0 fnt\n|faint|p1a: Glimmora\n|\n|-damage|p2a: Ursaluna|80/100 psn|[from] psn\n|upkeep\n|inactive|Leo_C_G has 120 seconds left.\n|\n|t:|1695172210\n|switch|p1a: Rotom|Rotom-Wash|100/100\n|turn|7\n|\n|t:|1695172215\n|switch|p2a: Ogerpon|Ogerpon-Hearthflame, F|100/100\n|-damage|p2a: Ogerpon|76/100|[from] Stealth Rock\n|-ability|p2a: Ogerpon|Mold Breaker\n|move|p1a: Rotom|Hydro Pump|p2a: Ogerpon\n|-damage|p2a: Ogerpon|28/100\n|\n|upkeep\n|turn|8\n|inactive|Leo_C_G has 120 seconds left.\n|\n|t:|1695172226\n|switch|p1a: Mandibuzz|Mandibuzz, F|39/100\n|move|p2a: Ogerpon|Trailblaze|p1a: Mandibuzz\n|-resisted|p1a: Mandibuzz\n|-crit|p1a: Mandibuzz\n|-damage|p1a: Mandibuzz|27/100\n|-boost|p2a: Ogerpon|spe|1\n|\n|-heal|p1a: Mandibuzz|33/100|[from] item: Leftovers\n|upkeep\n|turn|9\n|\n|t:|1695172229\n|move|p2a: Ogerpon|Ivy Cudgel|p1a: Mandibuzz\n|-crit|p1a: Mandibuzz\n|-damage|p1a: Mandibuzz|0 fnt\n|faint|p1a: Mandibuzz\n|\n|upkeep\n|\n|t:|1695172237\n|switch|p1a: Iron Valiant|Iron Valiant|100/100\n|-enditem|p1a: Iron Valiant|Booster Energy\n|-activate|p1a: Iron Valiant|ability: Quark Drive|[fromitem]\n|-start|p1a: Iron Valiant|quarkdrivespe\n|turn|10\n|inactive|Leo_C_G has 120 seconds left.\n|\n|t:|1695172261\n|move|p1a: Iron Valiant|Close Combat|p2a: Ogerpon\n|-damage|p2a: Ogerpon|0 fnt\n|-unboost|p1a: Iron Valiant|def|1\n|-unboost|p1a: Iron Valiant|spd|1\n|faint|p2a: Ogerpon\n|\n|upkeep\n|\n|t:|1695172265\n|switch|p2a: Rotom|Rotom-Wash|100/100\n|-damage|p2a: Rotom|88/100|[from] Stealth Rock\n|turn|11\n|\n|t:|1695172272\n|-end|p1a: Iron Valiant|Quark Drive|[silent]\n|switch|p1a: Rotom|Rotom-Wash|100/100\n|move|p2a: Rotom|Volt Switch|p1a: Rotom\n|-damage|p1a: Rotom|82/100\n|\n|t:|1695172277\n|switch|p2a: Ursaluna|Ursaluna-Bloodmoon, M|80/100 psn|[from] Volt Switch\n|-damage|p2a: Ursaluna|74/100 psn|[from] Stealth Rock\n|\n|-heal|p1a: Rotom|89/100|[from] item: Leftovers\n|-damage|p2a: Ursaluna|62/100 psn|[from] psn\n|upkeep\n|turn|12\n|\n|t:|1695172283\n|move|p1a: Rotom|Protect|p1a: Rotom\n|-singleturn|p1a: Rotom|Protect\n|move|p2a: Ursaluna|Hyper Voice|p1a: Rotom\n|-activate|p1a: Rotom|move: Protect\n|\n|-heal|p1a: Rotom|95/100|[from] item: Leftovers\n|-damage|p2a: Ursaluna|49/100 psn|[from] psn\n|upkeep\n|turn|13\n|\n|t:|1695172294\n|move|p1a: Rotom|Hydro Pump|p2a: Ursaluna\n|-supereffective|p2a: Ursaluna\n|-damage|p2a: Ursaluna|0 fnt\n|faint|p2a: Ursaluna\n|\n|-heal|p1a: Rotom|100/100|[from] item: Leftovers\n|upkeep\n|\n|t:|1695172300\n|switch|p2a: Kommo-o|Kommo-o, M|100/100\n|-damage|p2a: Kommo-o|94/100|[from] Stealth Rock\n|turn|14\n|\n|t:|1695172307\n|move|p1a: Rotom|Thunder Wave|p2a: Kommo-o\n|-status|p2a: Kommo-o|par\n|move|p2a: Kommo-o|Iron Defense|p2a: Kommo-o\n|-boost|p2a: Kommo-o|def|2\n|\n|-heal|p2a: Kommo-o|100/100 par|[from] item: Leftovers\n|upkeep\n|turn|15\n|\n|t:|1695172332\n|move|p1a: Rotom|Volt Switch|p2a: Kommo-o\n|-resisted|p2a: Kommo-o\n|-damage|p2a: Kommo-o|92/100 par\n|\n|t:|1695172335\n|switch|p1a: Iron Valiant|Iron Valiant|100/100|[from] Volt Switch\n|move|p2a: Kommo-o|Body Press|p1a: Iron Valiant\n|-resisted|p1a: Iron Valiant\n|-damage|p1a: Iron Valiant|57/100\n|\n|-heal|p2a: Kommo-o|98/100 par|[from] item: Leftovers\n|upkeep\n|turn|16\n|\n|t:|1695172348\n|switch|p2a: Rotom|Rotom-Wash|88/100\n|-damage|p2a: Rotom|75/100|[from] Stealth Rock\n|move|p1a: Iron Valiant|Spirit Break|p2a: Rotom\n|-damage|p2a: Rotom|45/100\n|-unboost|p2a: Rotom|spa|1\n|\n|-heal|p2a: Rotom|51/100|[from] item: Leftovers\n|upkeep\n|turn|17\n|\n|t:|1695172359\n|move|p1a: Iron Valiant|Close Combat|p2a: Rotom\n|-damage|p2a: Rotom|2/100\n|-unboost|p1a: Iron Valiant|def|1\n|-unboost|p1a: Iron Valiant|spd|1\n|move|p2a: Rotom|Thunder Wave|p1a: Iron Valiant\n|-status|p1a: Iron Valiant|par\n|\n|-heal|p2a: Rotom|9/100|[from] item: Leftovers\n|upkeep\n|turn|18\n|\n|t:|1695172370\n|move|p2a: Rotom|Hydro Pump|p1a: Iron Valiant\n|-damage|p1a: Iron Valiant|0 fnt\n|faint|p1a: Iron Valiant\n|-end|p1a: Iron Valiant|Quark Drive|[silent]\n|\n|-heal|p2a: Rotom|15/100|[from] item: Leftovers\n|upkeep\n|\n|t:|1695172373\n|switch|p1a: Rotom|Rotom-Wash|100/100\n|turn|19\n|\n|t:|1695172380\n|move|p2a: Rotom|Protect|p2a: Rotom\n|-singleturn|p2a: Rotom|Protect\n|move|p1a: Rotom|Hydro Pump|p2a: Rotom\n|-activate|p2a: Rotom|move: Protect\n|\n|-heal|p2a: Rotom|21/100|[from] item: Leftovers\n|upkeep\n|turn|20\n|\n|t:|1695172387\n|move|p2a: Rotom|Volt Switch|p1a: Rotom\n|-damage|p1a: Rotom|88/100\n|\n|t:|1695172389\n|switch|p2a: Kommo-o|Kommo-o, M|98/100 par|[from] Volt Switch\n|-damage|p2a: Kommo-o|92/100 par|[from] Stealth Rock\n|move|p1a: Rotom|Hydro Pump|p2a: Kommo-o\n|-resisted|p2a: Kommo-o\n|-damage|p2a: Kommo-o|79/100 par\n|\n|-heal|p1a: Rotom|94/100|[from] item: Leftovers\n|-heal|p2a: Kommo-o|86/100 par|[from] item: Leftovers\n|upkeep\n|turn|21\n|\n|t:|1695172393\n|move|p1a: Rotom|Volt Switch|p2a: Kommo-o\n|-resisted|p2a: Kommo-o\n|-damage|p2a: Kommo-o|77/100 par\n|\n|t:|1695172394\n|switch|p1a: Dragapult|Dragapult, M|100/100|[from] Volt Switch\n|cant|p2a: Kommo-o|par\n|\n|-heal|p2a: Kommo-o|83/100 par|[from] item: Leftovers\n|upkeep\n|turn|22\n|\n|t:|1695172404\n|switch|p2a: Rotom|Rotom-Wash|21/100\n|-damage|p2a: Rotom|9/100|[from] Stealth Rock\n|move|p1a: Dragapult|Draco Meteor|p2a: Rotom\n|-damage|p2a: Rotom|0 fnt\n|-unboost|p1a: Dragapult|spa|2\n|faint|p2a: Rotom\n|\n|upkeep\n|\n|t:|1695172409\n|switch|p2a: Mamoswine|Mamoswine, M|100/100\n|-damage|p2a: Mamoswine|88/100|[from] Stealth Rock\n|turn|23\n|\n|t:|1695172412\n|switch|p1a: Rotom|Rotom-Wash|94/100\n|move|p2a: Mamoswine|Stone Edge|p1a: Rotom\n|-damage|p1a: Rotom|40/100\n|\n|-heal|p1a: Rotom|47/100|[from] item: Leftovers\n|upkeep\n|turn|24\n|\n|t:|1695172419\n|move|p1a: Rotom|Protect|p1a: Rotom\n|-singleturn|p1a: Rotom|Protect\n|move|p2a: Mamoswine|Stone Edge|p1a: Rotom\n|-activate|p1a: Rotom|move: Protect\n|\n|-heal|p1a: Rotom|53/100|[from] item: Leftovers\n|upkeep\n|turn|25\n|\n|t:|1695172438\n|move|p2a: Mamoswine|Stone Edge|p1a: Rotom\n|-damage|p1a: Rotom|1/100\n|move|p1a: Rotom|Hydro Pump|p2a: Mamoswine\n|-supereffective|p2a: Mamoswine\n|-damage|p2a: Mamoswine|0 fnt\n|faint|p2a: Mamoswine\n|\n|-heal|p1a: Rotom|8/100|[from] item: Leftovers\n|upkeep\n|c|\u2606ThatAnonOverThere|gg\n|-message|ThatAnonOverThere forfeited.\n|\n|win|Leo_C_G\n|raw|Leo_C_G's rating: 1414 &rarr; <strong>1434</strong><br />(+20 for winning)\n|raw|ThatAnonOverThere's rating: 1408 &rarr; <strong>1388</strong><br />(-20 for losing)\n|l|\u2606ThatAnonOverThere\n", "uploadtime": 1695172460, "views": 7, "p1id": "leocg", "p2id": "thatanonoverthere", "formatid": "gen9ou", "rating": 1388, "private": 0, "password": ""}