{"id": "gen9ou-1947497957", "p1": "oldworm", "p2": "gcabelon11", "format": "gen9ou", "log": "|j|\u2606oldworm\n|j|\u2606gcabelon11\n|t:|1695166504\n|gametype|singles\n|player|p1|oldworm|101|1164\n|player|p2|gcabelon11|burglar|1198\n|teamsize|p1|6\n|teamsize|p2|6\n|gen|9\n|tier|[Gen 9] OU\n|rated|\n|rule|Sleep Clause Mod: Limit one foe put to sleep\n|rule|Species Clause: Limit one of each Pok\u00e9mon\n|rule|OHKO Clause: OHKO moves are banned\n|rule|Evasion Items Clause: Evasion items are banned\n|rule|Evasion Moves Clause: Evasion moves are banned\n|rule|Endless Battle Clause: Forcing endless battles is banned\n|rule|HP Percentage Mod: HP is shown in percentages\n|clearpoke\n|poke|p1|Great Tusk|\n|poke|p1|Gholdengo|\n|poke|p1|Dragonite, M|\n|poke|p1|Azumarill, F|\n|poke|p1|Skeledirge, M|\n|poke|p1|Iron Valiant|\n|poke|p2|Ogerpon-Hearthflame, F|\n|poke|p2|Garchomp, F|\n|poke|p2|Walking Wake|\n|poke|p2|Ceruledge, F|\n|poke|p2|Meowscarada, F|\n|poke|p2|Kingambit, F|\n|teampreview\n|inactive|Battle timer is ON: inactive players will automatically lose when time's up. (requested by gcabelon11)\n|inactive|oldworm has 120 seconds left.\n|inactive|gcabelon11 has 120 seconds left.\n|\n|t:|1695166566\n|start\n|switch|p1a: Great Tusk|Great Tusk|100/100\n|switch|p2a: Walking Wake|Walking Wake|100/100\n|-enditem|p2a: Walking Wake|Booster Energy\n|-activate|p2a: Walking Wake|ability: Protosynthesis|[fromitem]\n|-start|p2a: Walking Wake|protosynthesisspa\n|-enditem|p1a: Great Tusk|Booster Energy\n|-activate|p1a: Great Tusk|ability: Protosynthesis|[fromitem]\n|-start|p1a: Great Tusk|protosynthesisdef\n|turn|1\n|\n|t:|1695166590\n|-end|p1a: Great Tusk|Protosynthesis|[silent]\n|switch|p1a: Azumarill|Azumarill, F|100/100\n|move|p2a: Walking Wake|Hydro Steam|p1a: Azumarill\n|-resisted|p1a: Azumarill\n|-damage|p1a: Azumarill|74/100\n|\n|upkeep\n|turn|2\n|\n|t:|1695166620\n|move|p2a: Walking Wake|Hurricane|p1a: Azumarill\n|-damage|p1a: Azumarill|25/100\n|-enditem|p1a: Azumarill|Sitrus Berry|[eat]\n|-heal|p1a: Azumarill|50/100|[from] item: Sitrus Berry\n|move|p1a: Azumarill|Belly Drum||[still]\n|-fail|p1a: Azumarill\n|\n|upkeep\n|turn|3\n|\n|t:|1695166643\n|move|p2a: Walking Wake|Hurricane|p1a: Azumarill\n|-damage|p1a: Azumarill|3/100\n|move|p1a: Azumarill|Play Rough|p2a: Walking Wake\n|-supereffective|p2a: Walking Wake\n|-damage|p2a: Walking Wake|0 fnt\n|faint|p2a: Walking Wake\n|-end|p2a: Walking Wake|Protosynthesis|[silent]\n|\n|upkeep\n|\n|t:|1695166652\n|switch|p2a: Ceruledge|Ceruledge, F|100/100\n|turn|4\n|inactive|oldworm has 120 seconds left.\n|\n|t:|1695166674\n|move|p2a: Ceruledge|Shadow Sneak|p1a: Azumarill\n|-damage|p1a: Azumarill|0 fnt\n|faint|p1a: Azumarill\n|\n|upkeep\n|inactive|oldworm has 120 seconds left.\n|inactive|oldworm has 90 seconds left.\n|\n|t:|1695166723\n|switch|p1a: Gholdengo|Gholdengo|100/100\n|turn|5\n|\n|t:|1695166728\n|move|p1a: Gholdengo|Shadow Ball|p2a: Ceruledge\n|-supereffective|p2a: Ceruledge\n|-damage|p2a: Ceruledge|6/100\n|move|p2a: Ceruledge|Shadow Claw|p1a: Gholdengo\n|-supereffective|p1a: Gholdengo\n|-damage|p1a: Gholdengo|15/100\n|\n|upkeep\n|turn|6\n|c|\u2606oldworm|aint no wayyyy\n|inactive|oldworm has 90 seconds left.\n|\n|t:|1695166745\n|switch|p1a: Iron Valiant|Iron Valiant|100/100\n|-enditem|p1a: Iron Valiant|Booster Energy\n|-activate|p1a: Iron Valiant|ability: Quark Drive|[fromitem]\n|-start|p1a: Iron Valiant|quarkdrivespe\n|move|p2a: Ceruledge|Shadow Sneak|p1a: Iron Valiant\n|-damage|p1a: Iron Valiant|74/100\n|\n|upkeep\n|turn|7\n|inactive|oldworm has 90 seconds left.\n|c|\u2606gcabelon11|assault vest\n|\n|t:|1695166767\n|move|p2a: Ceruledge|Shadow Sneak|p1a: Iron Valiant\n|-damage|p1a: Iron Valiant|46/100\n|move|p1a: Iron Valiant|Moonblast|p2a: Ceruledge\n|-resisted|p2a: Ceruledge\n|-damage|p2a: Ceruledge|0 fnt\n|faint|p2a: Ceruledge\n|\n|upkeep\n|c|\u2606oldworm|you niche ass bitch\n|inactive|gcabelon11 has 120 seconds left.\n|c|\u2606oldworm|anti-meta having\n|\n|t:|1695166792\n|switch|p2a: Garchomp|Garchomp, F|100/100\n|turn|8\n|c|\u2606oldworm|bitch\n|\n|t:|1695166800\n|move|p1a: Iron Valiant|Moonblast|p2a: Garchomp\n|-supereffective|p2a: Garchomp\n|-damage|p2a: Garchomp|5/100\n|move|p2a: Garchomp|Iron Head|p1a: Iron Valiant\n|-supereffective|p1a: Iron Valiant\n|-damage|p1a: Iron Valiant|0 fnt\n|faint|p1a: Iron Valiant\n|-end|p1a: Iron Valiant|Quark Drive|[silent]\n|\n|upkeep\n|c|\u2606oldworm|this mfker got av too?\n|inactive|oldworm has 90 seconds left.\n|\n|t:|1695166826\n|switch|p1a: Gholdengo|Gholdengo|15/100\n|turn|9\n|inactive|gcabelon11 has 120 seconds left.\n|\n|t:|1695166840\n|switch|p2a: Meowscarada|Meowscarada, F|100/100\n|move|p1a: Gholdengo|Shadow Ball|p2a: Meowscarada\n|-resisted|p2a: Meowscarada\n|-damage|p2a: Meowscarada|67/100\n|-unboost|p2a: Meowscarada|spd|1\n|\n|upkeep\n|turn|10\n|inactive|oldworm has 90 seconds left.\n|\n|t:|1695166855\n|switch|p1a: Great Tusk|Great Tusk|100/100\n|move|p2a: Meowscarada|Sucker Punch||[still]\n|-fail|p2a: Meowscarada\n|\n|upkeep\n|turn|11\n|\n|t:|1695166862\n|move|p2a: Meowscarada|Flower Trick|p1a: Great Tusk\n|-start|p2a: Meowscarada|typechange|Grass|[from] ability: Protean\n|-supereffective|p1a: Great Tusk\n|-crit|p1a: Great Tusk\n|-damage|p1a: Great Tusk|38/100\n|-damage|p2a: Meowscarada|57/100|[from] item: Life Orb\n|move|p1a: Great Tusk|Stealth Rock|p2a: Meowscarada\n|-sidestart|p2: gcabelon11|move: Stealth Rock\n|\n|upkeep\n|turn|12\n|inactive|oldworm has 90 seconds left.\n|\n|t:|1695166880\n|-end|p1a: Great Tusk|Protosynthesis|[silent]\n|switch|p1a: Dragonite|Dragonite, M|100/100\n|move|p2a: Meowscarada|Flower Trick|p1a: Dragonite\n|-resisted|p1a: Dragonite\n|-crit|p1a: Dragonite\n|-damage|p1a: Dragonite|92/100\n|-damage|p2a: Meowscarada|48/100|[from] item: Life Orb\n|\n|upkeep\n|turn|13\n|\n|t:|1695166903\n|move|p2a: Meowscarada|Play Rough|p1a: Dragonite\n|-supereffective|p1a: Dragonite\n|-damage|p1a: Dragonite|17/100\n|-unboost|p1a: Dragonite|atk|1\n|-damage|p2a: Meowscarada|38/100|[from] item: Life Orb\n|move|p1a: Dragonite|Earthquake|p2a: Meowscarada\n|-resisted|p2a: Meowscarada\n|-damage|p2a: Meowscarada|11/100\n|\n|upkeep\n|turn|14\n|\n|t:|1695166915\n|switch|p1a: Skeledirge|Skeledirge, M|100/100\n|move|p2a: Meowscarada|U-turn|p1a: Skeledirge\n|-resisted|p1a: Skeledirge\n|-damage|p1a: Skeledirge|95/100\n|-damage|p2a: Meowscarada|1/100|[from] item: Life Orb\n|inactive|gcabelon11 has 120 seconds left.\n|\n|t:|1695166942\n|switch|p2a: Kingambit|Kingambit, F|100/100|[from] U-turn\n|-damage|p2a: Kingambit|94/100|[from] Stealth Rock\n|-activate|p2a: Kingambit|ability: Supreme Overlord\n|-start|p2a: Kingambit|fallen2|[silent]\n|\n|upkeep\n|turn|15\n|\n|t:|1695166964\n|-terastallize|p1a: Skeledirge|Fairy\n|-terastallize|p2a: Kingambit|Ghost\n|move|p1a: Skeledirge|Torch Song|p2a: Kingambit\n|-damage|p2a: Kingambit|65/100\n|-boost|p1a: Skeledirge|spa|1\n|move|p2a: Kingambit|Swords Dance|p2a: Kingambit\n|-boost|p2a: Kingambit|atk|2\n|\n|upkeep\n|turn|16\n|\n|t:|1695166976\n|move|p2a: Kingambit|Sucker Punch||[still]\n|-fail|p2a: Kingambit\n|move|p1a: Skeledirge|Will-O-Wisp|p2a: Kingambit\n|-status|p2a: Kingambit|brn\n|\n|-damage|p2a: Kingambit|59/100 brn|[from] brn\n|upkeep\n|turn|17\n|\n|t:|1695166987\n|move|p1a: Skeledirge|Torch Song|p2a: Kingambit\n|-damage|p2a: Kingambit|19/100 brn\n|-boost|p1a: Skeledirge|spa|1\n|move|p2a: Kingambit|Iron Head|p1a: Skeledirge\n|-supereffective|p1a: Skeledirge\n|-damage|p1a: Skeledirge|30/100\n|-damage|p2a: Kingambit|9/100 brn|[from] item: Life Orb\n|\n|-damage|p2a: Kingambit|2/100 brn|[from] brn\n|upkeep\n|turn|18\n|\n|t:|1695166999\n|move|p2a: Kingambit|Sucker Punch||[still]\n|-fail|p2a: Kingambit\n|move|p1a: Skeledirge|Slack Off|p1a: Skeledirge\n|-heal|p1a: Skeledirge|80/100\n|\n|-damage|p2a: Kingambit|0 fnt|[from] brn\n|faint|p2a: Kingambit\n|-end|p2a: Kingambit|fallen2|[silent]\n|upkeep\n|\n|t:|1695167009\n|switch|p2a: Garchomp|Garchomp, F|5/100\n|-damage|p2a: Garchomp|0 fnt|[from] Stealth Rock\n|faint|p2a: Garchomp\n|\n|t:|1695167013\n|switch|p2a: Ogerpon|Ogerpon-Hearthflame, F|100/100\n|-damage|p2a: Ogerpon|76/100|[from] Stealth Rock\n|-ability|p2a: Ogerpon|Mold Breaker\n|turn|19\n|\n|t:|1695167023\n|move|p2a: Ogerpon|Swords Dance|p2a: Ogerpon\n|-boost|p2a: Ogerpon|atk|2\n|move|p1a: Skeledirge|Torch Song|p2a: Ogerpon\n|-damage|p2a: Ogerpon|0 fnt\n|-boost|p1a: Skeledirge|spa|1\n|faint|p2a: Ogerpon\n|\n|upkeep\n|\n|t:|1695167029\n|switch|p2a: Meowscarada|Meowscarada, F|1/100\n|-damage|p2a: Meowscarada|0 fnt|[from] Stealth Rock\n|faint|p2a: Meowscarada\n|\n|win|oldworm\n|raw|oldworm's rating: 1164 &rarr; <strong>1191</strong><br />(+27 for winning)\n|raw|gcabelon11's rating: 1198 &rarr; <strong>1171</strong><br />(-27 for losing)\n", "uploadtime": 1695166774, "views": 1, "p1id": "oldworm", "p2id": "gcabelon11", "formatid": "gen9ou", "rating": 1171, "private": 0, "password": ""}