{"id": "gen9ou-1947523051", "p1": "Thecloned", "p2": "bln", "format": "gen9ou", "log": "|j|\u2606Thecloned\n|j|\u2606bln\n|t:|1695168995\n|gametype|singles\n|player|p1|Thecloned|2|1416\n|player|p2|bln|lance-gen3|1401\n|teamsize|p1|6\n|teamsize|p2|6\n|gen|9\n|tier|[Gen 9] OU\n|rated|\n|rule|Sleep Clause Mod: Limit one foe put to sleep\n|rule|Species Clause: Limit one of each Pok\u00e9mon\n|rule|OHKO Clause: OHKO moves are banned\n|rule|Evasion Items Clause: Evasion items are banned\n|rule|Evasion Moves Clause: Evasion moves are banned\n|rule|Endless Battle Clause: Forcing endless battles is banned\n|rule|HP Percentage Mod: HP is shown in percentages\n|clearpoke\n|poke|p1|Tauros-Paldea-Blaze, M|\n|poke|p1|Garchomp, F|\n|poke|p1|Zapdos|\n|poke|p1|Torterra, M|\n|poke|p1|Tyranitar, M|\n|poke|p1|Slowking, F|\n|poke|p2|Torkoal, M|\n|poke|p2|Walking Wake|\n|poke|p2|Great Tusk|\n|poke|p2|Roaring Moon|\n|poke|p2|Moltres|\n|poke|p2|Toxapex, F|\n|teampreview\n|inactive|Battle timer is ON: inactive players will automatically lose when time's up. (requested by bln)\n|\n|t:|1695169008\n|start\n|switch|p1a: Zapdos|Zapdos|100/100\n|switch|p2a: Torkoal|Torkoal, M|100/100\n|-weather|SunnyDay|[from] ability: Drought|[of] p2a: Torkoal\n|turn|1\n|\n|t:|1695169013\n|move|p1a: Zapdos|Rain Dance|p1a: Zapdos\n|-weather|RainDance\n|move|p2a: Torkoal|Stealth Rock|p1a: Zapdos\n|-sidestart|p1: Thecloned|move: Stealth Rock\n|\n|-weather|RainDance|[upkeep]\n|upkeep\n|turn|2\n|\n|t:|1695169033\n|move|p1a: Zapdos|Hurricane|p2a: Torkoal\n|-damage|p2a: Torkoal|31/100\n|move|p2a: Torkoal|Yawn|p1a: Zapdos\n|-start|p1a: Zapdos|move: Yawn|[of] p2a: Torkoal\n|\n|-weather|RainDance|[upkeep]\n|upkeep\n|turn|3\n|\n|t:|1695169048\n|switch|p1a: Slowking|Slowking, F|100/100\n|switch|p2a: Great Tusk|Great Tusk|100/100\n|\n|-weather|RainDance|[upkeep]\n|upkeep\n|turn|4\n|\n|t:|1695169059\n|move|p2a: Great Tusk|Headlong Rush|p1a: Slowking\n|-damage|p1a: Slowking|0 fnt\n|-unboost|p2a: Great Tusk|def|1\n|-unboost|p2a: Great Tusk|spd|1\n|faint|p1a: Slowking\n|\n|-weather|RainDance|[upkeep]\n|upkeep\n|inactive|Thecloned has 120 seconds left.\n|\n|t:|1695169088\n|switch|p1a: Torterra|Torterra, M|100/100\n|-damage|p1a: Torterra|94/100|[from] Stealth Rock\n|turn|5\n|inactive|Thecloned has 120 seconds left.\n|\n|t:|1695169112\n|-end|p2a: Great Tusk|Protosynthesis|[silent]\n|switch|p2a: Walking Wake|Walking Wake|100/100\n|move|p1a: Torterra|Shell Smash|p1a: Torterra\n|-unboost|p1a: Torterra|def|1\n|-unboost|p1a: Torterra|spd|1\n|-boost|p1a: Torterra|atk|2\n|-boost|p1a: Torterra|spa|2\n|-boost|p1a: Torterra|spe|2\n|\n|-weather|none\n|upkeep\n|turn|6\n|inactive|Thecloned has 120 seconds left.\n|inactive|bln has 120 seconds left.\n|\n|t:|1695169132\n|move|p1a: Torterra|Headlong Rush|p2a: Walking Wake\n|-damage|p2a: Walking Wake|0 fnt\n|-unboost|p1a: Torterra|def|1\n|-unboost|p1a: Torterra|spd|1\n|faint|p2a: Walking Wake\n|-end|p2a: Walking Wake|Protosynthesis|[silent]\n|\n|upkeep\n|\n|t:|1695169136\n|switch|p2a: Torkoal|Torkoal, M|31/100\n|-weather|SunnyDay|[from] ability: Drought|[of] p2a: Torkoal\n|turn|7\n|inactive|Thecloned has 120 seconds left.\n|\n|t:|1695169150\n|switch|p2a: Moltres|Moltres|100/100\n|move|p1a: Torterra|Headlong Rush|p2a: Moltres\n|-immune|p2a: Moltres\n|\n|-weather|SunnyDay|[upkeep]\n|upkeep\n|turn|8\n|\n|t:|1695169154\n|move|p1a: Torterra|Rock Blast|p2a: Moltres\n|-supereffective|p2a: Moltres\n|-damage|p2a: Moltres|52/100\n|-supereffective|p2a: Moltres\n|-damage|p2a: Moltres|1/100\n|-supereffective|p2a: Moltres\n|-damage|p2a: Moltres|0 fnt\n|faint|p2a: Moltres\n|-hitcount|p2: Moltres|3\n|\n|-weather|SunnyDay|[upkeep]\n|upkeep\n|\n|t:|1695169166\n|switch|p2a: Roaring Moon|Roaring Moon|100/100\n|-activate|p2a: Roaring Moon|ability: Protosynthesis\n|-start|p2a: Roaring Moon|protosynthesisatk\n|turn|9\n|\n|t:|1695169181\n|move|p1a: Torterra|Headlong Rush|p2a: Roaring Moon\n|-damage|p2a: Roaring Moon|0 fnt\n|-unboost|p1a: Torterra|def|1\n|-unboost|p1a: Torterra|spd|1\n|faint|p2a: Roaring Moon\n|-end|p2a: Roaring Moon|Protosynthesis|[silent]\n|\n|-weather|SunnyDay|[upkeep]\n|upkeep\n|-message|bln forfeited.\n|\n|win|Thecloned\n|raw|Thecloned's rating: 1416 &rarr; <strong>1435</strong><br />(+19 for winning)\n|raw|bln's rating: 1401 &rarr; <strong>1382</strong><br />(-19 for losing)\n|l|\u2606bln\n", "uploadtime": 1695169199, "views": 2, "p1id": "thecloned", "p2id": "bln", "formatid": "gen9ou", "rating": 1382, "private": 0, "password": ""}