{"id": "gen9ou-1947505994", "p1": "Chrome Corviknight", "p2": "sandfan9", "format": "gen9ou", "log": "|j|\u2606Chrome Corviknight\n|j|\u2606sandfan9\n|t:|1695167303\n|gametype|singles\n|player|p1|Chrome Corviknight|steven|1362\n|player|p2|sandfan9|juan|1317\n|teamsize|p1|6\n|teamsize|p2|6\n|gen|9\n|tier|[Gen 9] OU\n|rated|\n|rule|Sleep Clause Mod: Limit one foe put to sleep\n|rule|Species Clause: Limit one of each Pok\u00e9mon\n|rule|OHKO Clause: OHKO moves are banned\n|rule|Evasion Items Clause: Evasion items are banned\n|rule|Evasion Moves Clause: Evasion moves are banned\n|rule|Endless Battle Clause: Forcing endless battles is banned\n|rule|HP Percentage Mod: HP is shown in percentages\n|clearpoke\n|poke|p1|Rillaboom, M|\n|poke|p1|Hawlucha, F|\n|poke|p1|Glimmora, F|\n|poke|p1|Gholdengo|\n|poke|p1|Mamoswine, M|\n|poke|p1|Rotom-Wash|\n|poke|p2|Samurott-Hisui, F|\n|poke|p2|Ogerpon-Hearthflame, F|\n|poke|p2|Great Tusk|\n|poke|p2|Dragapult, F|\n|poke|p2|Corviknight, F|\n|poke|p2|Slowking, M|\n|teampreview\n|inactive|Battle timer is ON: inactive players will automatically lose when time's up. (requested by sandfan9)\n|\n|t:|1695167318\n|start\n|switch|p1a: Glimmora|Glimmora, F|100/100\n|switch|p2a: Castle Gate|Corviknight, F|100/100\n|-ability|p2a: Castle Gate|Pressure\n|turn|1\n|\n|t:|1695167322\n|move|p1a: Glimmora|Stealth Rock|p2a: Castle Gate\n|-sidestart|p2: sandfan9|move: Stealth Rock\n|move|p2a: Castle Gate|U-turn|p1a: Glimmora\n|-resisted|p1a: Glimmora\n|-damage|p1a: Glimmora|92/100\n|-activate|p1a: Glimmora|ability: Toxic Debris\n|-sidestart|p2: sandfan9|move: Toxic Spikes\n|\n|t:|1695167333\n|switch|p2a: Ceaseless Spikes|Samurott-Hisui, F|100/100|[from] U-turn\n|-damage|p2a: Ceaseless Spikes|88/100|[from] Stealth Rock\n|-status|p2a: Ceaseless Spikes|psn\n|\n|-damage|p2a: Ceaseless Spikes|76/100 psn|[from] psn\n|upkeep\n|turn|2\n|\n|t:|1695167346\n|switch|p1a: Rillaboom|Rillaboom, M|100/100\n|-fieldstart|move: Grassy Terrain|[from] ability: Grassy Surge|[of] p1a: Rillaboom\n|move|p2a: Ceaseless Spikes|Ceaseless Edge|p1a: Rillaboom\n|-damage|p1a: Rillaboom|60/100\n|-sidestart|p1: Chrome Corviknight|Spikes\n|\n|-heal|p2a: Ceaseless Spikes|82/100 psn|[from] Grassy Terrain\n|-heal|p1a: Rillaboom|67/100|[from] Grassy Terrain\n|-damage|p2a: Ceaseless Spikes|69/100 psn|[from] psn\n|upkeep\n|turn|3\n|\n|t:|1695167356\n|move|p2a: Ceaseless Spikes|Sucker Punch|p1a: Rillaboom\n|-damage|p1a: Rillaboom|36/100\n|move|p1a: Rillaboom|Drum Beating|p2a: Ceaseless Spikes\n|-supereffective|p2a: Ceaseless Spikes\n|-damage|p2a: Ceaseless Spikes|0 fnt\n|faint|p2a: Ceaseless Spikes\n|\n|-heal|p1a: Rillaboom|42/100|[from] Grassy Terrain\n|upkeep\n|\n|t:|1695167365\n|switch|p2a: Castle Gate|Corviknight, F|100/100\n|-damage|p2a: Castle Gate|88/100|[from] Stealth Rock\n|-ability|p2a: Castle Gate|Pressure\n|turn|4\n|\n|t:|1695167370\n|move|p1a: Rillaboom|U-turn|p2a: Castle Gate\n|-resisted|p2a: Castle Gate\n|-damage|p2a: Castle Gate|85/100\n|-damage|p1a: Rillaboom|25/100|[from] item: Rocky Helmet|[of] p2a: Castle Gate\n|\n|t:|1695167375\n|switch|p1a: Gholdengo|Gholdengo|100/100|[from] U-turn\n|-item|p1a: Gholdengo|Air Balloon\n|move|p2a: Castle Gate|U-turn|p1a: Gholdengo\n|-resisted|p1a: Gholdengo\n|-damage|p1a: Gholdengo|97/100\n|-enditem|p1a: Gholdengo|Air Balloon\n|\n|t:|1695167380\n|switch|p2a: Landorous-Therian|Great Tusk|100/100|[from] U-turn\n|-damage|p2a: Landorous-Therian|98/100|[from] Stealth Rock\n|-status|p2a: Landorous-Therian|psn\n|\n|-heal|p2a: Landorous-Therian|100/100 psn|[from] Grassy Terrain\n|-heal|p1a: Gholdengo|100/100|[from] Grassy Terrain\n|-damage|p2a: Landorous-Therian|88/100 psn|[from] psn\n|upkeep\n|turn|5\n|\n|t:|1695167387\n|switch|p1a: Glimmora|Glimmora, F|92/100\n|-damage|p1a: Glimmora|80/100|[from] Spikes\n|move|p2a: Landorous-Therian|Rapid Spin|p1a: Glimmora\n|-resisted|p1a: Glimmora\n|-damage|p1a: Glimmora|68/100\n|-boost|p2a: Landorous-Therian|spe|1\n|-activate|p1a: Glimmora|ability: Toxic Debris\n|-sidestart|p2: sandfan9|move: Toxic Spikes\n|-sideend|p2: sandfan9|Toxic Spikes|[from] move: Rapid Spin|[of] p2a: Landorous-Therian\n|-sideend|p2: sandfan9|Stealth Rock|[from] move: Rapid Spin|[of] p2a: Landorous-Therian\n|\n|-heal|p2a: Landorous-Therian|94/100 psn|[from] Grassy Terrain\n|-heal|p2a: Landorous-Therian|100/100 psn|[from] item: Leftovers\n|-heal|p1a: Glimmora|74/100|[from] Grassy Terrain\n|-damage|p2a: Landorous-Therian|88/100 psn|[from] psn\n|upkeep\n|turn|6\n|\n|t:|1695167392\n|move|p2a: Landorous-Therian|Headlong Rush|p1a: Glimmora\n|-supereffective|p1a: Glimmora\n|-damage|p1a: Glimmora|0 fnt\n|-unboost|p2a: Landorous-Therian|def|1\n|-unboost|p2a: Landorous-Therian|spd|1\n|-activate|p1a: Glimmora|ability: Toxic Debris\n|-sidestart|p2: sandfan9|move: Toxic Spikes\n|faint|p1a: Glimmora\n|\n|-heal|p2a: Landorous-Therian|94/100 psn|[from] Grassy Terrain\n|-heal|p2a: Landorous-Therian|100/100 psn|[from] item: Leftovers\n|-damage|p2a: Landorous-Therian|88/100 psn|[from] psn\n|-fieldend|move: Grassy Terrain\n|upkeep\n|\n|t:|1695167401\n|switch|p1a: Rillaboom|Rillaboom, M|25/100\n|-damage|p1a: Rillaboom|13/100|[from] Spikes\n|-fieldstart|move: Grassy Terrain|[from] ability: Grassy Surge|[of] p1a: Rillaboom\n|turn|7\n|\n|t:|1695167405\n|-end|p2a: Landorous-Therian|Protosynthesis|[silent]\n|switch|p2a: Castle Gate|Corviknight, F|85/100\n|-ability|p2a: Castle Gate|Pressure\n|move|p1a: Rillaboom|Drum Beating|p2a: Castle Gate\n|-resisted|p2a: Castle Gate\n|-damage|p2a: Castle Gate|76/100\n|-unboost|p2a: Castle Gate|spe|1\n|\n|-heal|p1a: Rillaboom|19/100|[from] Grassy Terrain\n|upkeep\n|turn|8\n|\n|t:|1695167412\n|move|p1a: Rillaboom|Knock Off|p2a: Castle Gate\n|-damage|p2a: Castle Gate|53/100\n|-damage|p1a: Rillaboom|2/100|[from] item: Rocky Helmet|[of] p2a: Castle Gate\n|-enditem|p2a: Castle Gate|Rocky Helmet|[from] move: Knock Off|[of] p1a: Rillaboom\n|move|p2a: Castle Gate|U-turn|p1a: Rillaboom\n|-supereffective|p1a: Rillaboom\n|-damage|p1a: Rillaboom|0 fnt\n|faint|p1a: Rillaboom\n|\n|t:|1695167421\n|switch|p2a: Landorous-Therian|Great Tusk|88/100 psn|[from] U-turn\n|\n|-heal|p2a: Landorous-Therian|94/100 psn|[from] Grassy Terrain\n|-heal|p2a: Landorous-Therian|100/100 psn|[from] item: Leftovers\n|-damage|p2a: Landorous-Therian|88/100 psn|[from] psn\n|upkeep\n|\n|t:|1695167423\n|switch|p1a: Hawlucha|Hawlucha, F|100/100\n|-enditem|p1a: Hawlucha|Grassy Seed\n|-boost|p1a: Hawlucha|def|1|[from] item: Grassy Seed\n|turn|9\n|\n|t:|1695167426\n|move|p1a: Hawlucha|Swords Dance|p1a: Hawlucha\n|-boost|p1a: Hawlucha|atk|2\n|move|p2a: Landorous-Therian|Rapid Spin|p1a: Hawlucha\n|-damage|p1a: Hawlucha|85/100\n|-boost|p2a: Landorous-Therian|spe|1\n|-sideend|p2: sandfan9|Toxic Spikes|[from] move: Rapid Spin|[of] p2a: Landorous-Therian\n|\n|-heal|p2a: Landorous-Therian|94/100 psn|[from] Grassy Terrain\n|-heal|p2a: Landorous-Therian|100/100 psn|[from] item: Leftovers\n|-damage|p2a: Landorous-Therian|88/100 psn|[from] psn\n|upkeep\n|turn|10\n|\n|t:|1695167434\n|move|p1a: Hawlucha|Acrobatics|p2a: Landorous-Therian\n|-supereffective|p2a: Landorous-Therian\n|-damage|p2a: Landorous-Therian|0 fnt\n|faint|p2a: Landorous-Therian\n|-end|p2a: Landorous-Therian|Protosynthesis|[silent]\n|\n|upkeep\n|\n|t:|1695167442\n|switch|p2a: Castle Gate|Corviknight, F|53/100\n|-ability|p2a: Castle Gate|Pressure\n|turn|11\n|\n|t:|1695167444\n|move|p1a: Hawlucha|Close Combat|p2a: Castle Gate\n|-damage|p2a: Castle Gate|0 fnt\n|-unboost|p1a: Hawlucha|def|1\n|-unboost|p1a: Hawlucha|spd|1\n|faint|p2a: Castle Gate\n|\n|-fieldend|move: Grassy Terrain\n|upkeep\n|\n|t:|1695167451\n|switch|p2a: Slowgoat|Slowking, M|100/100\n|turn|12\n|\n|t:|1695167456\n|move|p1a: Hawlucha|Acrobatics|p2a: Slowgoat\n|-damage|p2a: Slowgoat|25/100\n|move|p2a: Slowgoat|Scald|p1a: Hawlucha\n|-damage|p1a: Hawlucha|21/100\n|-status|p1a: Hawlucha|brn\n|\n|-heal|p2a: Slowgoat|31/100|[from] item: Leftovers\n|-damage|p1a: Hawlucha|15/100 brn|[from] brn\n|upkeep\n|turn|13\n|\n|t:|1695167470\n|switch|p2a: Sped :p|Dragapult, F|100/100\n|move|p1a: Hawlucha|Acrobatics|p2a: Sped :p\n|-damage|p2a: Sped :p|27/100\n|-start|p1a: Hawlucha|Disable|Acrobatics|[from] ability: Cursed Body|[of] p2a: Sped :p\n|\n|-damage|p1a: Hawlucha|9/100 brn|[from] brn\n|upkeep\n|turn|14\n|\n|t:|1695167475\n|switch|p2a: Slowgoat|Slowking, M|64/100\n|move|p1a: Hawlucha|Fire Punch|p2a: Slowgoat\n|-resisted|p2a: Slowgoat\n|-damage|p2a: Slowgoat|56/100\n|\n|-heal|p2a: Slowgoat|62/100|[from] item: Leftovers\n|-damage|p1a: Hawlucha|3/100 brn|[from] brn\n|upkeep\n|turn|15\n|\n|t:|1695167477\n|move|p1a: Hawlucha|Close Combat|p2a: Slowgoat\n|-resisted|p2a: Slowgoat\n|-damage|p2a: Slowgoat|43/100\n|-unboost|p1a: Hawlucha|def|1\n|-unboost|p1a: Hawlucha|spd|1\n|move|p2a: Slowgoat|Slack Off|p2a: Slowgoat\n|-heal|p2a: Slowgoat|93/100\n|\n|-heal|p2a: Slowgoat|99/100|[from] item: Leftovers\n|-damage|p1a: Hawlucha|0 fnt|[from] brn\n|faint|p1a: Hawlucha\n|upkeep\n|\n|t:|1695167480\n|switch|p1a: Gholdengo|Gholdengo|100/100\n|-damage|p1a: Gholdengo|88/100|[from] Spikes\n|turn|16\n|\n|t:|1695167485\n|move|p1a: Gholdengo|Shadow Ball|p2a: Slowgoat\n|-supereffective|p2a: Slowgoat\n|-damage|p2a: Slowgoat|25/100\n|-unboost|p2a: Slowgoat|spd|1\n|move|p2a: Slowgoat|Chilly Reception|p2a: Slowgoat\n|-weather|Snow\n|\n|t:|1695167494\n|switch|p2a: Sped :p|Dragapult, F|27/100|[from] Chilly Reception\n|\n|-weather|Snow|[upkeep]\n|upkeep\n|turn|17\n|\n|t:|1695167500\n|switch|p1a: Rotom|Rotom-Wash|100/100\n|move|p2a: Sped :p|Shadow Ball|p1a: Rotom\n|-damage|p1a: Rotom|42/100\n|\n|-weather|Snow|[upkeep]\n|-heal|p1a: Rotom|49/100|[from] item: Leftovers\n|upkeep\n|turn|18\n|\n|t:|1695167507\n|move|p1a: Rotom|Protect|p1a: Rotom\n|-singleturn|p1a: Rotom|Protect\n|move|p2a: Sped :p|Shadow Ball|p1a: Rotom\n|-activate|p1a: Rotom|move: Protect\n|\n|-weather|Snow|[upkeep]\n|-heal|p1a: Rotom|55/100|[from] item: Leftovers\n|upkeep\n|turn|19\n|\n|t:|1695167508\n|move|p2a: Sped :p|Shadow Ball|p1a: Rotom\n|-damage|p1a: Rotom|1/100\n|move|p1a: Rotom|Thunder Wave|p2a: Sped :p\n|-status|p2a: Sped :p|par\n|\n|-weather|Snow|[upkeep]\n|-heal|p1a: Rotom|7/100|[from] item: Leftovers\n|upkeep\n|turn|20\n|\n|t:|1695167513\n|move|p1a: Rotom|Protect|p1a: Rotom\n|-singleturn|p1a: Rotom|Protect\n|move|p2a: Sped :p|Shadow Ball|p1a: Rotom\n|-activate|p1a: Rotom|move: Protect\n|\n|-weather|none\n|-heal|p1a: Rotom|14/100|[from] item: Leftovers\n|upkeep\n|turn|21\n|\n|t:|1695167516\n|move|p1a: Rotom|Hydro Pump|p2a: Sped :p\n|-resisted|p2a: Sped :p\n|-damage|p2a: Sped :p|1/100 par\n|move|p2a: Sped :p|Shadow Ball|p1a: Rotom\n|-damage|p1a: Rotom|0 fnt\n|faint|p1a: Rotom\n|\n|upkeep\n|\n|t:|1695167521\n|switch|p1a: Gholdengo|Gholdengo|88/100\n|-damage|p1a: Gholdengo|76/100|[from] Spikes\n|turn|22\n|\n|t:|1695167524\n|move|p1a: Gholdengo|Shadow Ball|p2a: Sped :p\n|-supereffective|p2a: Sped :p\n|-damage|p2a: Sped :p|0 fnt\n|faint|p2a: Sped :p\n|\n|upkeep\n|\n|t:|1695167525\n|switch|p2a: Highya :3|Ogerpon-Hearthflame, F|100/100\n|-ability|p2a: Highya :3|Mold Breaker\n|turn|23\n|\n|t:|1695167534\n|-terastallize|p2a: Highya :3|Fire\n|detailschange|p2a: Highya :3|Ogerpon-Hearthflame-Tera, F, tera:Fire\n|-ability|p2a: Highya :3|Embody Aspect (Hearthflame)|boost\n|-boost|p2a: Highya :3|atk|1\n|-terastallize|p1a: Gholdengo|Fighting\n|move|p2a: Highya :3|Ivy Cudgel|p1a: Gholdengo\n|-damage|p1a: Gholdengo|0 fnt\n|faint|p1a: Gholdengo\n|\n|upkeep\n|\n|t:|1695167536\n|switch|p1a: Mamoswine|Mamoswine, M|100/100\n|-damage|p1a: Mamoswine|88/100|[from] Spikes\n|turn|24\n|\n|t:|1695167542\n|move|p2a: Highya :3|Ivy Cudgel|p1a: Mamoswine\n|-supereffective|p1a: Mamoswine\n|-damage|p1a: Mamoswine|0 fnt\n|faint|p1a: Mamoswine\n|\n|win|sandfan9\n|raw|Chrome Corviknight's rating: 1362 &rarr; <strong>1339</strong><br />(-23 for losing)\n|raw|sandfan9's rating: 1317 &rarr; <strong>1340</strong><br />(+23 for winning)\n|l|\u2606Chrome Corviknight\n", "uploadtime": 1695167555, "views": 1, "p1id": "chromecorviknight", "p2id": "sandfan9", "formatid": "gen9ou", "rating": 1339, "private": 0, "password": ""}