{"id": "gen9ou-1947510897", "p1": "clodgod6", "p2": "Savogerpon", "format": "gen9ou", "log": "|j|\u2606clodgod6\n|j|\u2606Savogerpon\n|t:|1695167778\n|gametype|singles\n|player|p1|clodgod6|wally|1430\n|player|p2|Savogerpon|cheryl|1428\n|teamsize|p1|6\n|teamsize|p2|6\n|gen|9\n|tier|[Gen 9] OU\n|rated|\n|rule|Sleep Clause Mod: Limit one foe put to sleep\n|rule|Species Clause: Limit one of each Pok\u00e9mon\n|rule|OHKO Clause: OHKO moves are banned\n|rule|Evasion Items Clause: Evasion items are banned\n|rule|Evasion Moves Clause: Evasion moves are banned\n|rule|Endless Battle Clause: Forcing endless battles is banned\n|rule|HP Percentage Mod: HP is shown in percentages\n|clearpoke\n|poke|p1|Torkoal, F|\n|poke|p1|Ogerpon-Hearthflame, F|\n|poke|p1|Walking Wake|\n|poke|p1|Iron Moth|\n|poke|p1|Kingambit, M|\n|poke|p1|Great Tusk|\n|poke|p2|Ogerpon-Hearthflame, F|\n|poke|p2|Corviknight, F|\n|poke|p2|Ninetales, F|\n|poke|p2|Great Tusk|\n|poke|p2|Cinderace, F|\n|poke|p2|Ursaluna-Bloodmoon, M|\n|teampreview\n|c|\u2606clodgod6|hf\n|inactive|Battle timer is ON: inactive players will automatically lose when time's up. (requested by Savogerpon)\n|\n|t:|1695167817\n|start\n|switch|p1a: Leviathan|Walking Wake|100/100\n|switch|p2a: Cinderace|Cinderace, F|100/100\n|turn|1\n|\n|t:|1695167823\n|-end|p1a: Leviathan|Protosynthesis|[silent]\n|switch|p1a: Vulcan|Torkoal, F|100/100\n|-weather|SunnyDay|[from] ability: Drought|[of] p1a: Vulcan\n|move|p2a: Cinderace|Zen Headbutt|p1a: Vulcan|[miss]\n|-start|p2a: Cinderace|typechange|Psychic|[from] ability: Libero\n|-miss|p2a: Cinderace|p1a: Vulcan\n|\n|-weather|SunnyDay|[upkeep]\n|upkeep\n|turn|2\n|\n|t:|1695167847\n|switch|p2a: Ogerpon|Ogerpon-Hearthflame, F|100/100\n|-ability|p2a: Ogerpon|Mold Breaker\n|move|p1a: Vulcan|Yawn|p2a: Ogerpon\n|-start|p2a: Ogerpon|move: Yawn|[of] p1a: Vulcan\n|\n|-weather|SunnyDay|[upkeep]\n|upkeep\n|turn|3\n|\n|t:|1695167856\n|move|p2a: Ogerpon|U-turn|p1a: Vulcan\n|-resisted|p1a: Vulcan\n|-crit|p1a: Vulcan\n|-damage|p1a: Vulcan|89/100\n|\n|t:|1695167864\n|switch|p2a: Cinderace|Cinderace, F|100/100|[from] U-turn\n|move|p1a: Vulcan|Burning Jealousy|p2a: Cinderace\n|-resisted|p2a: Cinderace\n|-damage|p2a: Cinderace|77/100\n|\n|-weather|SunnyDay|[upkeep]\n|upkeep\n|turn|4\n|\n|t:|1695167885\n|switch|p1a: Behemoth|Great Tusk|100/100\n|-activate|p1a: Behemoth|ability: Protosynthesis\n|-start|p1a: Behemoth|protosynthesisatk\n|move|p2a: Cinderace|Zen Headbutt|p1a: Behemoth\n|-start|p2a: Cinderace|typechange|Psychic|[from] ability: Libero\n|-supereffective|p1a: Behemoth\n|-damage|p1a: Behemoth|13/100\n|\n|-weather|SunnyDay|[upkeep]\n|upkeep\n|turn|5\n|\n|t:|1695167906\n|move|p2a: Cinderace|Zen Headbutt|p1a: Behemoth\n|-supereffective|p1a: Behemoth\n|-damage|p1a: Behemoth|0 fnt\n|faint|p1a: Behemoth\n|-end|p1a: Behemoth|Protosynthesis|[silent]\n|\n|-weather|SunnyDay|[upkeep]\n|upkeep\n|\n|t:|1695167907\n|switch|p1a: Leviathan|Walking Wake|100/100\n|-activate|p1a: Leviathan|ability: Protosynthesis\n|-start|p1a: Leviathan|protosynthesisspe\n|turn|6\n|l|\u2606Savogerpon\n|inactive|Savogerpon disconnected and has a minute to reconnect!\n|player|p2|\n|j|\u2606Savogerpon\n|inactive|Savogerpon reconnected and has 135 seconds left.\n|player|p2|Savogerpon|cheryl\n|\n|t:|1695167929\n|move|p1a: Leviathan|Hydro Steam|p2a: Cinderace\n|-damage|p2a: Cinderace|0 fnt\n|faint|p2a: Cinderace\n|-damage|p1a: Leviathan|91/100|[from] item: Life Orb\n|\n|-weather|SunnyDay|[upkeep]\n|upkeep\n|inactive|Savogerpon has 120 seconds left.\n|\n|t:|1695167941\n|switch|p2a: Ursaluna|Ursaluna-Bloodmoon, M|100/100\n|turn|7\n|inactive|Savogerpon has 120 seconds left.\n|\n|t:|1695167959\n|-terastallize|p2a: Ursaluna|Dragon\n|move|p1a: Leviathan|Hydro Steam|p2a: Ursaluna\n|-resisted|p2a: Ursaluna\n|-damage|p2a: Ursaluna|72/100\n|-damage|p1a: Leviathan|81/100|[from] item: Life Orb\n|move|p2a: Ursaluna|Blood Moon|p1a: Leviathan\n|-damage|p1a: Leviathan|0 fnt\n|faint|p1a: Leviathan\n|-end|p1a: Leviathan|Protosynthesis|[silent]\n|\n|-weather|SunnyDay|[upkeep]\n|upkeep\n|\n|t:|1695167969\n|switch|p1a: Apollo|Iron Moth|100/100\n|-enditem|p1a: Apollo|Booster Energy\n|-activate|p1a: Apollo|ability: Quark Drive|[fromitem]\n|-start|p1a: Apollo|quarkdrivespe\n|turn|8\n|\n|t:|1695167976\n|-terastallize|p1a: Apollo|Fairy\n|move|p1a: Apollo|Dazzling Gleam|p2a: Ursaluna\n|-supereffective|p2a: Ursaluna\n|-damage|p2a: Ursaluna|15/100\n|move|p2a: Ursaluna|Earth Power|p1a: Apollo\n|-damage|p1a: Apollo|50/100\n|\n|-weather|none\n|upkeep\n|turn|9\n|inactive|Savogerpon has 120 seconds left.\n|\n|t:|1695167993\n|move|p2a: Ursaluna|Vacuum Wave|p1a: Apollo\n|-resisted|p1a: Apollo\n|-damage|p1a: Apollo|41/100\n|move|p1a: Apollo|Dazzling Gleam|p2a: Ursaluna\n|-supereffective|p2a: Ursaluna\n|-damage|p2a: Ursaluna|0 fnt\n|faint|p2a: Ursaluna\n|\n|upkeep\n|inactive|Savogerpon has 120 seconds left.\n|\n|t:|1695168018\n|switch|p2a: Ninetales|Ninetales, F|100/100\n|-weather|SunnyDay|[from] ability: Drought|[of] p2a: Ninetales\n|turn|10\n|\n|t:|1695168040\n|move|p1a: Apollo|Sludge Wave|p2a: Ninetales\n|-damage|p2a: Ninetales|56/100\n|move|p2a: Ninetales|Memento|p1a: Apollo\n|-unboost|p1a: Apollo|atk|2\n|-unboost|p1a: Apollo|spa|2\n|faint|p2a: Ninetales\n|\n|-weather|SunnyDay|[upkeep]\n|upkeep\n|l|\u2606Savogerpon\n|inactive|Savogerpon disconnected and has a minute to reconnect!\n|player|p2|\n|j|\u2606Savogerpon\n|inactive|Savogerpon reconnected and has 110 seconds left.\n|player|p2|Savogerpon|cheryl\n|\n|t:|1695168058\n|switch|p2a: Ogerpon|Ogerpon-Hearthflame, F|100/100\n|-ability|p2a: Ogerpon|Mold Breaker\n|turn|11\n|\n|t:|1695168069\n|move|p1a: Apollo|Sludge Wave|p2a: Ogerpon\n|-supereffective|p2a: Ogerpon\n|-damage|p2a: Ogerpon|48/100\n|move|p2a: Ogerpon|Horn Leech|p1a: Apollo\n|-damage|p1a: Apollo|0 fnt\n|-heal|p2a: Ogerpon|68/100|[from] drain|[of] p1a: Apollo\n|faint|p1a: Apollo\n|-end|p1a: Apollo|Quark Drive|[silent]\n|\n|-weather|SunnyDay|[upkeep]\n|upkeep\n|\n|t:|1695168076\n|switch|p1a: Vulcan|Torkoal, F|89/100\n|turn|12\n|\n|t:|1695168084\n|move|p2a: Ogerpon|Horn Leech|p1a: Vulcan\n|-resisted|p1a: Vulcan\n|-damage|p1a: Vulcan|76/100\n|-heal|p2a: Ogerpon|76/100|[from] drain|[of] p1a: Vulcan\n|move|p1a: Vulcan|Yawn|p2a: Ogerpon\n|-start|p2a: Ogerpon|move: Yawn|[of] p1a: Vulcan\n|\n|-weather|SunnyDay|[upkeep]\n|upkeep\n|turn|13\n|inactive|Savogerpon has 120 seconds left.\n|\n|t:|1695168091\n|move|p2a: Ogerpon|U-turn|p1a: Vulcan\n|-resisted|p1a: Vulcan\n|-damage|p1a: Vulcan|68/100\n|\n|t:|1695168096\n|switch|p2a: Great Tusk|Great Tusk|100/100|[from] U-turn\n|-activate|p2a: Great Tusk|ability: Protosynthesis\n|-start|p2a: Great Tusk|protosynthesisdef\n|move|p1a: Vulcan|Burning Jealousy|p2a: Great Tusk\n|-damage|p2a: Great Tusk|56/100\n|\n|-weather|SunnyDay|[upkeep]\n|-heal|p2a: Great Tusk|62/100|[from] item: Leftovers\n|upkeep\n|turn|14\n|\n|t:|1695168102\n|switch|p1a: Aegis|Kingambit, M|100/100\n|-activate|p1a: Aegis|ability: Supreme Overlord\n|-start|p1a: Aegis|fallen3|[silent]\n|move|p2a: Great Tusk|Earthquake|p1a: Aegis\n|-supereffective|p1a: Aegis\n|-damage|p1a: Aegis|7/100\n|\n|-weather|none\n|-end|p2a: Great Tusk|Protosynthesis\n|-heal|p2a: Great Tusk|68/100|[from] item: Leftovers\n|upkeep\n|turn|15\n|\n|t:|1695168117\n|move|p2a: Great Tusk|Rapid Spin|p1a: Aegis\n|-resisted|p1a: Aegis\n|-damage|p1a: Aegis|0 fnt\n|-boost|p2a: Great Tusk|spe|1\n|faint|p1a: Aegis\n|-end|p1a: Aegis|fallen3|[silent]\n|\n|-heal|p2a: Great Tusk|74/100|[from] item: Leftovers\n|upkeep\n|\n|t:|1695168127\n|switch|p1a: Vulcan|Torkoal, F|68/100\n|-weather|SunnyDay|[from] ability: Drought|[of] p1a: Vulcan\n|-activate|p2a: Great Tusk|ability: Protosynthesis\n|-start|p2a: Great Tusk|protosynthesisdef\n|turn|16\n|\n|t:|1695168134\n|move|p2a: Great Tusk|Earthquake|p1a: Vulcan\n|-supereffective|p1a: Vulcan\n|-damage|p1a: Vulcan|10/100\n|move|p1a: Vulcan|Yawn|p2a: Great Tusk\n|-start|p2a: Great Tusk|move: Yawn|[of] p1a: Vulcan\n|\n|-weather|SunnyDay|[upkeep]\n|-heal|p2a: Great Tusk|81/100|[from] item: Leftovers\n|upkeep\n|turn|17\n|\n|t:|1695168152\n|-end|p2a: Great Tusk|Protosynthesis|[silent]\n|switch|p2a: Corviknight|Corviknight, F|100/100\n|-ability|p2a: Corviknight|Pressure\n|move|p1a: Vulcan|Yawn|p2a: Corviknight\n|-start|p2a: Corviknight|move: Yawn|[of] p1a: Vulcan\n|\n|-weather|SunnyDay|[upkeep]\n|upkeep\n|turn|18\n|\n|t:|1695168158\n|move|p2a: Corviknight|U-turn|p1a: Vulcan\n|-resisted|p1a: Vulcan\n|-damage|p1a: Vulcan|6/100\n|\n|t:|1695168161\n|switch|p2a: Ogerpon|Ogerpon-Hearthflame, F|76/100|[from] U-turn\n|-ability|p2a: Ogerpon|Mold Breaker\n|move|p1a: Vulcan|Yawn|p2a: Ogerpon\n|-start|p2a: Ogerpon|move: Yawn|[of] p1a: Vulcan\n|\n|-weather|SunnyDay|[upkeep]\n|upkeep\n|turn|19\n|\n|t:|1695168164\n|move|p2a: Ogerpon|U-turn|p1a: Vulcan\n|-resisted|p1a: Vulcan\n|-damage|p1a: Vulcan|0 fnt\n|faint|p1a: Vulcan\n|\n|t:|1695168166\n|switch|p2a: Great Tusk|Great Tusk|81/100|[from] U-turn\n|-activate|p2a: Great Tusk|ability: Protosynthesis\n|-start|p2a: Great Tusk|protosynthesisdef\n|\n|-weather|SunnyDay|[upkeep]\n|-heal|p2a: Great Tusk|87/100|[from] item: Leftovers\n|upkeep\n|\n|t:|1695168168\n|switch|p1a: Temple|Ogerpon-Hearthflame, F|100/100\n|-ability|p1a: Temple|Mold Breaker\n|turn|20\n|\n|t:|1695168181\n|move|p1a: Temple|Swords Dance|p1a: Temple\n|-boost|p1a: Temple|atk|2\n|move|p2a: Great Tusk|Rapid Spin|p1a: Temple\n|-damage|p1a: Temple|78/100\n|-boost|p2a: Great Tusk|spe|1\n|\n|-weather|SunnyDay|[upkeep]\n|-heal|p2a: Great Tusk|93/100|[from] item: Leftovers\n|upkeep\n|turn|21\n|inactive|clodgod6 has 120 seconds left.\n|\n|t:|1695168214\n|move|p2a: Great Tusk|Close Combat|p1a: Temple\n|-damage|p1a: Temple|0 fnt\n|-unboost|p2a: Great Tusk|def|1\n|-unboost|p2a: Great Tusk|spd|1\n|faint|p1a: Temple\n|\n|win|Savogerpon\n|raw|clodgod6's rating: 1430 &rarr; <strong>1410</strong><br />(-20 for losing)\n|raw|Savogerpon's rating: 1428 &rarr; <strong>1448</strong><br />(+20 for winning)\n|l|\u2606clodgod6\n", "uploadtime": 1695168222, "views": 1, "p1id": "clodgod6", "p2id": "savogerpon", "formatid": "gen9ou", "rating": 1410, "private": 0, "password": ""}