{"id": "gen9ou-1947495648", "p1": "Iwjsjcidj", "p2": "Chartwig Test", "format": "gen9ou", "log": "|j|\u2606Iwjsjcidj\n|j|\u2606Chartwig Test\n|t:|1695166279\n|gametype|singles\n|player|p1|Iwjsjcidj|265|1000\n|player|p2|Chartwig Test|hilbert|1000\n|teamsize|p1|6\n|teamsize|p2|6\n|gen|9\n|tier|[Gen 9] OU\n|rated|\n|rule|Sleep Clause Mod: Limit one foe put to sleep\n|rule|Species Clause: Limit one of each Pok\u00e9mon\n|rule|OHKO Clause: OHKO moves are banned\n|rule|Evasion Items Clause: Evasion items are banned\n|rule|Evasion Moves Clause: Evasion moves are banned\n|rule|Endless Battle Clause: Forcing endless battles is banned\n|rule|HP Percentage Mod: HP is shown in percentages\n|clearpoke\n|poke|p1|Torterra, M|\n|poke|p1|Kommo-o, M|\n|poke|p1|Jirachi|\n|poke|p1|Mandibuzz, F|\n|poke|p1|Ambipom, F|\n|poke|p1|Ribombee, M|\n|poke|p2|Ogerpon-Hearthflame, F|\n|poke|p2|Torkoal, F|\n|poke|p2|Lilligant-Hisui, F|\n|poke|p2|Enamorus, F|\n|poke|p2|Walking Wake|\n|poke|p2|Kommo-o, F|\n|teampreview\n|inactive|Battle timer is ON: inactive players will automatically lose when time's up. (requested by Chartwig Test)\n|\n|t:|1695166302\n|start\n|switch|p1a: Jirachi|Jirachi|100/100\n|switch|p2a: Torkoal|Torkoal, F|100/100\n|-weather|SunnyDay|[from] ability: Drought|[of] p2a: Torkoal\n|turn|1\n|inactive|Chartwig Test has 120 seconds left.\n|\n|t:|1695166335\n|-terastallize|p1a: Jirachi|Ground\n|move|p1a: Jirachi|Cosmic Power|p1a: Jirachi\n|-boost|p1a: Jirachi|def|1\n|-boost|p1a: Jirachi|spd|1\n|move|p2a: Torkoal|Yawn|p1a: Jirachi\n|-start|p1a: Jirachi|move: Yawn|[of] p2a: Torkoal\n|\n|-weather|SunnyDay|[upkeep]\n|upkeep\n|turn|2\n|\n|t:|1695166343\n|move|p1a: Jirachi|Cosmic Power|p1a: Jirachi\n|-boost|p1a: Jirachi|def|1\n|-boost|p1a: Jirachi|spd|1\n|move|p2a: Torkoal|Stealth Rock|p1a: Jirachi\n|-sidestart|p1: Iwjsjcidj|move: Stealth Rock\n|\n|-weather|SunnyDay|[upkeep]\n|-end|p1a: Jirachi|move: Yawn|[silent]\n|-status|p1a: Jirachi|slp\n|upkeep\n|turn|3\n|\n|t:|1695166350\n|switch|p2a: Lilligant|Lilligant-Hisui, F|100/100\n|cant|p1a: Jirachi|slp\n|\n|-weather|SunnyDay|[upkeep]\n|upkeep\n|turn|4\n|\n|t:|1695166358\n|move|p2a: Lilligant|Victory Dance|p2a: Lilligant\n|-boost|p2a: Lilligant|atk|1\n|-boost|p2a: Lilligant|def|1\n|-boost|p2a: Lilligant|spe|1\n|-curestatus|p1a: Jirachi|slp|[msg]\n|move|p1a: Jirachi|Stored Power|p2a: Lilligant\n|-supereffective|p2a: Lilligant\n|-damage|p2a: Lilligant|9/100\n|\n|-weather|SunnyDay|[upkeep]\n|-heal|p2a: Lilligant|15/100|[from] item: Leftovers\n|upkeep\n|turn|5\n|\n|t:|1695166362\n|move|p2a: Lilligant|Victory Dance|p2a: Lilligant\n|-boost|p2a: Lilligant|atk|1\n|-boost|p2a: Lilligant|def|1\n|-boost|p2a: Lilligant|spe|1\n|move|p1a: Jirachi|Stored Power|p2a: Lilligant\n|-supereffective|p2a: Lilligant\n|-damage|p2a: Lilligant|0 fnt\n|faint|p2a: Lilligant\n|\n|-weather|SunnyDay|[upkeep]\n|upkeep\n|c|\u2606Chartwig Test|Oops, misclicked\n|\n|t:|1695166372\n|switch|p2a: Walking Wake|Walking Wake|100/100\n|-activate|p2a: Walking Wake|ability: Protosynthesis\n|-start|p2a: Walking Wake|protosynthesisspe\n|turn|6\n|\n|t:|1695166378\n|-terastallize|p2a: Walking Wake|Water\n|move|p2a: Walking Wake|Hydro Steam|p1a: Jirachi\n|-supereffective|p1a: Jirachi\n|-damage|p1a: Jirachi|0 fnt\n|faint|p1a: Jirachi\n|\n|-weather|SunnyDay|[upkeep]\n|upkeep\n|\n|t:|1695166387\n|switch|p1a: Kommo-o|Kommo-o, M, shiny|100/100\n|-damage|p1a: Kommo-o|94/100|[from] Stealth Rock\n|turn|7\n|\n|t:|1695166398\n|-end|p2a: Walking Wake|Protosynthesis|[silent]\n|switch|p2a: Enamorus|Enamorus, F|100/100\n|switch|p1a: Ribombee|Ribombee, M|100/100\n|-damage|p1a: Ribombee|76/100|[from] Stealth Rock\n|\n|-weather|SunnyDay|[upkeep]\n|upkeep\n|turn|8\n|\n|t:|1695166402\n|move|p1a: Ribombee|Sticky Web|p2a: Enamorus\n|-sidestart|p2: Chartwig Test|move: Sticky Web\n|move|p2a: Enamorus|Mystical Fire|p1a: Ribombee\n|-supereffective|p1a: Ribombee\n|-damage|p1a: Ribombee|0 fnt\n|faint|p1a: Ribombee\n|\n|-weather|none\n|upkeep\n|\n|t:|1695166409\n|switch|p1a: Ambipom|Ambipom, F|100/100\n|-damage|p1a: Ambipom|88/100|[from] Stealth Rock\n|turn|9\n|\n|t:|1695166414\n|switch|p2a: Torkoal|Torkoal, F|100/100\n|-activate|p2a: Torkoal|move: Sticky Web\n|-unboost|p2a: Torkoal|spe|1\n|-weather|SunnyDay|[from] ability: Drought|[of] p2a: Torkoal\n|move|p1a: Ambipom|Double Hit|p2a: Torkoal\n|-damage|p2a: Torkoal|87/100\n|-damage|p2a: Torkoal|73/100\n|-hitcount|p2a: Torkoal|2\n|\n|-weather|SunnyDay|[upkeep]\n|upkeep\n|turn|10\n|\n|t:|1695166423\n|switch|p1a: Kommo-o|Kommo-o, M, shiny|94/100\n|-damage|p1a: Kommo-o|88/100|[from] Stealth Rock\n|move|p2a: Torkoal|Yawn|p1a: Kommo-o\n|-start|p1a: Kommo-o|move: Yawn|[of] p2a: Torkoal\n|\n|-weather|SunnyDay|[upkeep]\n|upkeep\n|turn|11\n|\n|t:|1695166427\n|switch|p1a: Mandibuzz|Mandibuzz, F, shiny|100/100\n|-damage|p1a: Mandibuzz|76/100|[from] Stealth Rock\n|switch|p2a: Enamorus|Enamorus, F|100/100\n|\n|-weather|SunnyDay|[upkeep]\n|upkeep\n|turn|12\n|\n|t:|1695166430\n|move|p2a: Enamorus|Moonblast|p1a: Mandibuzz\n|-supereffective|p1a: Mandibuzz\n|-damage|p1a: Mandibuzz|0 fnt\n|faint|p1a: Mandibuzz\n|\n|-weather|SunnyDay|[upkeep]\n|upkeep\n|\n|t:|1695166433\n|switch|p1a: Torterra|Torterra, M, shiny|100/100\n|-damage|p1a: Torterra|94/100|[from] Stealth Rock\n|turn|13\n|\n|t:|1695166436\n|move|p2a: Enamorus|Mystical Fire|p1a: Torterra\n|-supereffective|p1a: Torterra\n|-damage|p1a: Torterra|6/100\n|-unboost|p1a: Torterra|spa|1\n|move|p1a: Torterra|Shell Smash|p1a: Torterra\n|-unboost|p1a: Torterra|def|1\n|-unboost|p1a: Torterra|spd|1\n|-boost|p1a: Torterra|atk|2\n|-boost|p1a: Torterra|spa|2\n|-boost|p1a: Torterra|spe|2\n|\n|-weather|SunnyDay|[upkeep]\n|upkeep\n|turn|14\n|\n|t:|1695166443\n|move|p1a: Torterra|Rock Blast|p2a: Enamorus\n|-supereffective|p2a: Enamorus\n|-damage|p2a: Enamorus|46/100\n|-supereffective|p2a: Enamorus\n|-damage|p2a: Enamorus|0 fnt\n|faint|p2a: Enamorus\n|-hitcount|p2: Enamorus|2\n|\n|-weather|SunnyDay|[upkeep]\n|upkeep\n|\n|t:|1695166446\n|switch|p2a: Throat goat|Kommo-o, F|100/100\n|-activate|p2a: Throat goat|move: Sticky Web\n|-unboost|p2a: Throat goat|spe|1\n|turn|15\n|\n|t:|1695166454\n|move|p1a: Torterra|Headlong Rush|p2a: Throat goat\n|-damage|p2a: Throat goat|0 fnt\n|-unboost|p1a: Torterra|def|1\n|-unboost|p1a: Torterra|spd|1\n|faint|p2a: Throat goat\n|\n|-weather|SunnyDay|[upkeep]\n|upkeep\n|\n|t:|1695166465\n|switch|p2a: Ogerpon|Ogerpon-Hearthflame, F|100/100\n|-activate|p2a: Ogerpon|move: Sticky Web\n|-unboost|p2a: Ogerpon|spe|1\n|-ability|p2a: Ogerpon|Mold Breaker\n|turn|16\n|\n|t:|1695166469\n|move|p1a: Torterra|Rock Blast|p2a: Ogerpon\n|-supereffective|p2a: Ogerpon\n|-damage|p2a: Ogerpon|56/100\n|-supereffective|p2a: Ogerpon\n|-damage|p2a: Ogerpon|9/100\n|-supereffective|p2a: Ogerpon\n|-damage|p2a: Ogerpon|0 fnt\n|faint|p2a: Ogerpon\n|-hitcount|p2: Ogerpon|3\n|\n|-weather|none\n|upkeep\n|\n|t:|1695166475\n|switch|p2a: Torkoal|Torkoal, F|73/100\n|-activate|p2a: Torkoal|move: Sticky Web\n|-unboost|p2a: Torkoal|spe|1\n|-weather|SunnyDay|[from] ability: Drought|[of] p2a: Torkoal\n|turn|17\n|\n|t:|1695166482\n|move|p1a: Torterra|Headlong Rush|p2a: Torkoal\n|-supereffective|p2a: Torkoal\n|-damage|p2a: Torkoal|0 fnt\n|-unboost|p1a: Torterra|def|1\n|-unboost|p1a: Torterra|spd|1\n|faint|p2a: Torkoal\n|\n|-weather|SunnyDay|[upkeep]\n|upkeep\n|\n|t:|1695166484\n|switch|p2a: Walking Wake|Walking Wake, tera:Water|100/100\n|-activate|p2a: Walking Wake|move: Sticky Web\n|-unboost|p2a: Walking Wake|spe|1\n|-activate|p2a: Walking Wake|ability: Protosynthesis\n|-start|p2a: Walking Wake|protosynthesisspa\n|turn|18\n|\n|t:|1695166491\n|move|p1a: Torterra|Bullet Seed|p2a: Walking Wake\n|-supereffective|p2a: Walking Wake\n|-damage|p2a: Walking Wake|40/100\n|-supereffective|p2a: Walking Wake\n|-damage|p2a: Walking Wake|0 fnt\n|faint|p2a: Walking Wake\n|-end|p2a: Walking Wake|Protosynthesis|[silent]\n|-hitcount|p2: Walking Wake|2\n|\n|win|Iwjsjcidj\n|raw|Iwjsjcidj's rating: 1000 &rarr; <strong>1040</strong><br />(+40 for winning)\n|raw|Chartwig Test's rating: 1000 &rarr; <strong>1000</strong><br />(+0 for losing)\n", "uploadtime": 1695166495, "views": 3, "p1id": "iwjsjcidj", "p2id": "chartwigtest", "formatid": "gen9ou", "rating": 1000, "private": 0, "password": ""}