{"id": "gen9ou-1947561695", "p1": "Hannibal13arca", "p2": "legosnut111", "format": "gen9ou", "log": "|j|\u2606Hannibal13arca\n|j|\u2606legosnut111\n|t:|1695172749\n|gametype|singles\n|player|p1|Hannibal13arca|blue-gen7|1195\n|player|p2|legosnut111|hilbert-wonderlauncher|1215\n|teamsize|p1|6\n|teamsize|p2|6\n|gen|9\n|tier|[Gen 9] OU\n|rated|\n|rule|Sleep Clause Mod: Limit one foe put to sleep\n|rule|Species Clause: Limit one of each Pok\u00e9mon\n|rule|OHKO Clause: OHKO moves are banned\n|rule|Evasion Items Clause: Evasion items are banned\n|rule|Evasion Moves Clause: Evasion moves are banned\n|rule|Endless Battle Clause: Forcing endless battles is banned\n|rule|HP Percentage Mod: HP is shown in percentages\n|clearpoke\n|poke|p1|Fezandipiti, M|\n|poke|p1|Weavile, F|\n|poke|p1|Cinderace, M|\n|poke|p1|Rillaboom, M|\n|poke|p1|Dragapult, M|\n|poke|p1|Zamazenta-*|\n|poke|p2|Ogerpon-Hearthflame, F|\n|poke|p2|Snorlax, F|\n|poke|p2|Revavroom, F|\n|poke|p2|Ninetales-Alola, M|\n|poke|p2|Crawdaunt, F|\n|poke|p2|Walking Wake|\n|teampreview\n|inactive|Battle timer is ON: inactive players will automatically lose when time's up. (requested by Hannibal13arca)\n|inactive|Hannibal13arca has 120 seconds left.\n|\n|t:|1695172797\n|start\n|switch|p1a: Fezandipiti|Fezandipiti, M|100/100\n|switch|p2a: Crawdaunt|Crawdaunt, F|100/100\n|turn|1\n|\n|t:|1695172810\n|switch|p2a: Revavroom|Revavroom, F|100/100\n|-item|p2a: Revavroom|Air Balloon\n|move|p1a: Fezandipiti|Beat Up|p2a: Revavroom\n|-damage|p2a: Revavroom|96/100\n|-enditem|p2a: Revavroom|Air Balloon\n|-damage|p2a: Revavroom|88/100\n|-damage|p2a: Revavroom|82/100\n|-damage|p2a: Revavroom|75/100\n|-damage|p2a: Revavroom|68/100\n|-damage|p2a: Revavroom|61/100\n|-hitcount|p2a: Revavroom|6\n|\n|upkeep\n|turn|2\n|\n|t:|1695172827\n|move|p1a: Fezandipiti|U-turn|p2a: Revavroom\n|-resisted|p2a: Revavroom\n|-damage|p2a: Revavroom|55/100\n|\n|t:|1695172830\n|switch|p1a: Rillaboom|Rillaboom, M|100/100|[from] U-turn\n|-fieldstart|move: Grassy Terrain|[from] ability: Grassy Surge|[of] p1a: Rillaboom\n|move|p2a: Revavroom|Iron Head|p1a: Rillaboom\n|-damage|p1a: Rillaboom|57/100\n|\n|-heal|p2a: Revavroom|61/100|[from] Grassy Terrain\n|-heal|p1a: Rillaboom|63/100|[from] Grassy Terrain\n|-heal|p1a: Rillaboom|69/100|[from] item: Leftovers\n|upkeep\n|turn|3\n|\n|t:|1695172844\n|move|p2a: Revavroom|Gunk Shot|p1a: Rillaboom\n|-supereffective|p1a: Rillaboom\n|-damage|p1a: Rillaboom|0 fnt\n|faint|p1a: Rillaboom\n|\n|-heal|p2a: Revavroom|67/100|[from] Grassy Terrain\n|upkeep\n|\n|t:|1695172852\n|switch|p1a: Dragapult|Dragapult, M|100/100\n|turn|4\n|\n|t:|1695172862\n|move|p1a: Dragapult|Flamethrower|p2a: Revavroom\n|-supereffective|p2a: Revavroom\n|-damage|p2a: Revavroom|6/100\n|move|p2a: Revavroom|Gunk Shot|p1a: Dragapult\n|-resisted|p1a: Dragapult\n|-crit|p1a: Dragapult\n|-damage|p1a: Dragapult|38/100\n|-status|p1a: Dragapult|psn\n|\n|-heal|p1a: Dragapult|44/100 psn|[from] Grassy Terrain\n|-heal|p2a: Revavroom|12/100|[from] Grassy Terrain\n|-damage|p1a: Dragapult|32/100 psn|[from] psn\n|upkeep\n|turn|5\n|\n|t:|1695172875\n|switch|p2a: Crawdaunt|Crawdaunt, F|100/100\n|move|p1a: Dragapult|Flamethrower|p2a: Crawdaunt\n|-resisted|p2a: Crawdaunt\n|-damage|p2a: Crawdaunt|75/100\n|\n|-heal|p1a: Dragapult|38/100 psn|[from] Grassy Terrain\n|-heal|p2a: Crawdaunt|81/100|[from] Grassy Terrain\n|-damage|p1a: Dragapult|26/100 psn|[from] psn\n|upkeep\n|turn|6\n|\n|t:|1695172885\n|switch|p1a: Fezandipiti|Fezandipiti, M|100/100\n|move|p2a: Crawdaunt|Knock Off|p1a: Fezandipiti\n|-resisted|p1a: Fezandipiti\n|-damage|p1a: Fezandipiti|55/100\n|-enditem|p1a: Fezandipiti|Assault Vest|[from] move: Knock Off|[of] p2a: Crawdaunt\n|\n|-heal|p1a: Fezandipiti|61/100|[from] Grassy Terrain\n|-heal|p2a: Crawdaunt|87/100|[from] Grassy Terrain\n|-fieldend|move: Grassy Terrain\n|upkeep\n|turn|7\n|\n|t:|1695172897\n|switch|p2a: Revavroom|Revavroom, F|12/100\n|move|p1a: Fezandipiti|U-turn|p2a: Revavroom\n|-resisted|p2a: Revavroom\n|-damage|p2a: Revavroom|6/100\n|\n|t:|1695172902\n|switch|p1a: Weavile|Weavile, F|100/100|[from] U-turn\n|-ability|p1a: Weavile|Pressure\n|\n|upkeep\n|turn|8\n|\n|t:|1695172914\n|switch|p2a: Ninetales|Ninetales-Alola, M|100/100\n|-weather|Snow|[from] ability: Snow Warning|[of] p2a: Ninetales\n|move|p1a: Weavile|Knock Off|p2a: Ninetales\n|-resisted|p2a: Ninetales\n|-damage|p2a: Ninetales|69/100\n|-enditem|p2a: Ninetales|Light Clay|[from] move: Knock Off|[of] p1a: Weavile\n|\n|-weather|Snow|[upkeep]\n|upkeep\n|turn|9\n|\n|t:|1695172929\n|switch|p1a: Fezandipiti|Fezandipiti, M|61/100\n|move|p2a: Ninetales|Encore||[still]\n|-fail|p2a: Ninetales\n|\n|-weather|Snow|[upkeep]\n|upkeep\n|turn|10\n|\n|t:|1695172936\n|move|p2a: Ninetales|Hypnosis|p1a: Fezandipiti\n|-status|p1a: Fezandipiti|slp|[from] move: Hypnosis\n|cant|p1a: Fezandipiti|slp\n|\n|-weather|Snow|[upkeep]\n|upkeep\n|turn|11\n|\n|t:|1695172942\n|move|p2a: Ninetales|Aurora Veil|p2a: Ninetales\n|-sidestart|p2: legosnut111|move: Aurora Veil\n|cant|p1a: Fezandipiti|slp\n|\n|-weather|Snow|[upkeep]\n|upkeep\n|turn|12\n|\n|t:|1695172947\n|switch|p2a: Revavroom|Revavroom, F|6/100\n|-curestatus|p1a: Fezandipiti|slp|[msg]\n|move|p1a: Fezandipiti|Beat Up|p2a: Revavroom\n|-damage|p2a: Revavroom|4/100\n|-damage|p2a: Revavroom|1/100\n|-damage|p2a: Revavroom|0 fnt\n|faint|p2a: Revavroom\n|-hitcount|p2: Revavroom|3\n|\n|-weather|none\n|upkeep\n|\n|t:|1695172972\n|switch|p2a: Ninetales|Ninetales-Alola, M|69/100\n|-weather|Snow|[from] ability: Snow Warning|[of] p2a: Ninetales\n|turn|13\n|\n|t:|1695172979\n|move|p2a: Ninetales|Hypnosis|p1a: Fezandipiti\n|-status|p1a: Fezandipiti|slp|[from] move: Hypnosis\n|cant|p1a: Fezandipiti|slp\n|\n|-weather|Snow|[upkeep]\n|upkeep\n|turn|14\n|\n|t:|1695173003\n|switch|p2a: Snorlax|Snorlax, F|100/100\n|cant|p1a: Fezandipiti|slp\n|\n|-weather|Snow|[upkeep]\n|upkeep\n|turn|15\n|\n|t:|1695173008\n|-curestatus|p1a: Fezandipiti|slp|[msg]\n|move|p1a: Fezandipiti|Beat Up|p2a: Snorlax\n|-damage|p2a: Snorlax|99/100\n|-damage|p2a: Snorlax|96/100\n|-status|p2a: Snorlax|tox|[from] ability: Toxic Chain|[of] p1a: Fezandipiti\n|-damage|p2a: Snorlax|94/100 tox\n|-damage|p2a: Snorlax|91/100 tox\n|-hitcount|p2a: Snorlax|4\n|move|p2a: Snorlax|Belly Drum|p2a: Snorlax\n|-damage|p2a: Snorlax|41/100 tox\n|-setboost|p2a: Snorlax|atk|6|[from] move: Belly Drum\n|\n|-weather|Snow|[upkeep]\n|-damage|p2a: Snorlax|35/100 tox|[from] psn\n|-sideend|p2: legosnut111|move: Aurora Veil\n|upkeep\n|turn|16\n|-enditem|p2a: Snorlax|Custap Berry|[eat]\n|-activate|p2a: Snorlax|item: Custap Berry|[consumed]\n|\n|t:|1695173030\n|move|p2a: Snorlax|Earthquake|p1a: Fezandipiti\n|-supereffective|p1a: Fezandipiti\n|-damage|p1a: Fezandipiti|0 fnt\n|faint|p1a: Fezandipiti\n|\n|-weather|Snow|[upkeep]\n|-damage|p2a: Snorlax|23/100 tox|[from] psn\n|upkeep\n|\n|t:|1695173038\n|switch|p1a: Weavile|Weavile, F|100/100\n|-ability|p1a: Weavile|Pressure\n|turn|17\n|inactive|Hannibal13arca has 120 seconds left.\n|inactive|legosnut111 has 120 seconds left.\n|inactive|legosnut111 has 90 seconds left.\n|\n|t:|1695173128\n|-terastallize|p2a: Snorlax|Fairy\n|move|p1a: Weavile|Ice Spinner|p2a: Snorlax\n|-damage|p2a: Snorlax|0 fnt\n|faint|p2a: Snorlax\n|\n|-weather|none\n|upkeep\n|\n|t:|1695173142\n|switch|p2a: Ninetales|Ninetales-Alola, M|69/100\n|-weather|Snow|[from] ability: Snow Warning|[of] p2a: Ninetales\n|turn|18\n|inactive|Hannibal13arca has 120 seconds left.\n|\n|t:|1695173152\n|switch|p1a: Cinderace|Cinderace, M|100/100\n|move|p2a: Ninetales|Aurora Veil|p2a: Ninetales\n|-sidestart|p2: legosnut111|move: Aurora Veil\n|\n|-weather|Snow|[upkeep]\n|upkeep\n|turn|19\n|inactive|Hannibal13arca has 120 seconds left.\n|\n|t:|1695173164\n|move|p1a: Cinderace|Court Change|p1a: Cinderace\n|-start|p1a: Cinderace|typechange|Normal|[from] ability: Libero\n|-swapsideconditions\n|-activate|p1a: Cinderace|move: Court Change\n|move|p2a: Ninetales|Hypnosis|p1a: Cinderace\n|-status|p1a: Cinderace|slp|[from] move: Hypnosis\n|\n|-weather|Snow|[upkeep]\n|upkeep\n|turn|20\n|\n|t:|1695173174\n|switch|p1a: Dragapult|Dragapult, M|26/100 psn\n|move|p2a: Ninetales|Aurora Veil|p2a: Ninetales\n|-sidestart|p2: legosnut111|move: Aurora Veil\n|\n|-weather|Snow|[upkeep]\n|-damage|p1a: Dragapult|13/100 psn|[from] psn\n|upkeep\n|turn|21\n|inactive|Hannibal13arca has 120 seconds left.\n|\n|t:|1695173199\n|switch|p2a: Ogerpon|Ogerpon-Hearthflame, F|100/100\n|-ability|p2a: Ogerpon|Mold Breaker\n|move|p1a: Dragapult|Shadow Ball|p2a: Ogerpon\n|-damage|p2a: Ogerpon|63/100\n|\n|-weather|Snow|[upkeep]\n|-damage|p1a: Dragapult|1/100 psn|[from] psn\n|upkeep\n|turn|22\n|inactive|Hannibal13arca has 120 seconds left.\n|\n|t:|1695173211\n|move|p1a: Dragapult|Shadow Ball|p2a: Ogerpon\n|-damage|p2a: Ogerpon|20/100\n|move|p2a: Ogerpon|Trailblaze|p1a: Dragapult\n|-resisted|p1a: Dragapult\n|-damage|p1a: Dragapult|0 fnt\n|-boost|p2a: Ogerpon|spe|1\n|faint|p1a: Dragapult\n|\n|-weather|none\n|-sideend|p1: Hannibal13arca|move: Aurora Veil\n|upkeep\n|inactive|Hannibal13arca has 120 seconds left.\n|\n|t:|1695173221\n|switch|p1a: Weavile|Weavile, F|100/100\n|-ability|p1a: Weavile|Pressure\n|turn|23\n|inactive|legosnut111 has 60 seconds left.\n|\n|t:|1695173242\n|switch|p2a: Crawdaunt|Crawdaunt, F|87/100\n|move|p1a: Weavile|Ice Shard|p2a: Crawdaunt\n|-resisted|p2a: Crawdaunt\n|-damage|p2a: Crawdaunt|77/100\n|\n|upkeep\n|turn|24\n|\n|t:|1695173250\n|switch|p1a: Zamazenta|Zamazenta|100/100\n|-ability|p1a: Zamazenta|Dauntless Shield|boost\n|-boost|p1a: Zamazenta|def|1\n|move|p2a: Crawdaunt|Brick Break|p1a: Zamazenta\n|-damage|p1a: Zamazenta|87/100\n|\n|-heal|p1a: Zamazenta|93/100|[from] item: Leftovers\n|-sideend|p2: legosnut111|move: Aurora Veil\n|upkeep\n|turn|25\n|\n|t:|1695173264\n|switch|p2a: Ogerpon|Ogerpon-Hearthflame, F|20/100\n|-ability|p2a: Ogerpon|Mold Breaker\n|move|p1a: Zamazenta|Iron Defense|p1a: Zamazenta\n|-boost|p1a: Zamazenta|def|2\n|\n|-heal|p1a: Zamazenta|99/100|[from] item: Leftovers\n|upkeep\n|turn|26\n|\n|t:|1695173275\n|move|p1a: Zamazenta|Body Press|p2a: Ogerpon\n|-damage|p2a: Ogerpon|0 fnt\n|faint|p2a: Ogerpon\n|\n|-heal|p1a: Zamazenta|100/100|[from] item: Leftovers\n|upkeep\n|\n|t:|1695173281\n|switch|p2a: Ninetales|Ninetales-Alola, M|69/100\n|-weather|Snow|[from] ability: Snow Warning|[of] p2a: Ninetales\n|turn|27\n|\n|t:|1695173289\n|move|p1a: Zamazenta|Heavy Slam|p2a: Ninetales\n|-supereffective|p2a: Ninetales\n|-damage|p2a: Ninetales|0 fnt\n|faint|p2a: Ninetales\n|\n|-weather|Snow|[upkeep]\n|upkeep\n|\n|t:|1695173301\n|switch|p2a: Crawdaunt|Crawdaunt, F|77/100\n|turn|28\n|\n|t:|1695173306\n|move|p2a: Crawdaunt|Aqua Jet|p1a: Zamazenta\n|-damage|p1a: Zamazenta|92/100\n|move|p1a: Zamazenta|Body Press|p2a: Crawdaunt\n|-supereffective|p2a: Crawdaunt\n|-damage|p2a: Crawdaunt|0 fnt\n|faint|p2a: Crawdaunt\n|\n|-weather|Snow|[upkeep]\n|-heal|p1a: Zamazenta|98/100|[from] item: Leftovers\n|upkeep\n|\n|t:|1695173313\n|switch|p2a: Walking Wake|Walking Wake|100/100\n|-enditem|p2a: Walking Wake|Booster Energy\n|-activate|p2a: Walking Wake|ability: Protosynthesis|[fromitem]\n|-start|p2a: Walking Wake|protosynthesisspa\n|turn|29\n|\n|t:|1695173321\n|-terastallize|p1a: Zamazenta|Electric\n|move|p1a: Zamazenta|Body Press|p2a: Walking Wake\n|-damage|p2a: Walking Wake|22/100\n|move|p2a: Walking Wake|Hydro Pump|p1a: Zamazenta|[miss]\n|-miss|p2a: Walking Wake|p1a: Zamazenta\n|\n|-weather|Snow|[upkeep]\n|-heal|p1a: Zamazenta|100/100|[from] item: Leftovers\n|upkeep\n|turn|30\n|-message|legosnut111 forfeited.\n|\n|win|Hannibal13arca\n|raw|Hannibal13arca's rating: 1195 &rarr; <strong>1221</strong><br />(+26 for winning)\n|raw|legosnut111's rating: 1215 &rarr; <strong>1189</strong><br />(-26 for losing)\n|l|\u2606legosnut111\n", "uploadtime": 1695173339, "views": 3, "p1id": "hannibal13arca", "p2id": "legosnut111", "formatid": "gen9ou", "rating": 1189, "private": 0, "password": ""}