{"id": "gen9ou-1947560302", "p1": "mayomayo", "p2": "Unlaiga", "format": "gen9ou", "log": "|j|\u2606mayomayo\n|j|\u2606Unlaiga\n|t:|1695172616\n|gametype|singles\n|player|p1|mayomayo|102|1371\n|player|p2|Unlaiga|guitarist|1357\n|teamsize|p1|6\n|teamsize|p2|6\n|gen|9\n|tier|[Gen 9] OU\n|rated|\n|rule|Sleep Clause Mod: Limit one foe put to sleep\n|rule|Species Clause: Limit one of each Pok\u00e9mon\n|rule|OHKO Clause: OHKO moves are banned\n|rule|Evasion Items Clause: Evasion items are banned\n|rule|Evasion Moves Clause: Evasion moves are banned\n|rule|Endless Battle Clause: Forcing endless battles is banned\n|rule|HP Percentage Mod: HP is shown in percentages\n|clearpoke\n|poke|p1|Greninja-*, F|\n|poke|p1|Great Tusk|\n|poke|p1|Dragapult, M|\n|poke|p1|Kingambit, M|\n|poke|p1|Amoonguss, F|\n|poke|p1|Zapdos|\n|poke|p2|Zamazenta-*|\n|poke|p2|Samurott-Hisui, F|\n|poke|p2|Gholdengo|\n|poke|p2|Corviknight, F|\n|poke|p2|Roaring Moon|\n|poke|p2|Clefable, F|\n|teampreview\n|\n|t:|1695172641\n|start\n|switch|p1a: Amoonguss|Amoonguss, F|100/100\n|switch|p2a: Seamen|Roaring Moon|100/100\n|-enditem|p2a: Seamen|Booster Energy\n|-activate|p2a: Seamen|ability: Protosynthesis|[fromitem]\n|-start|p2a: Seamen|protosynthesisspe\n|turn|1\n|\n|t:|1695172656\n|-terastallize|p2a: Seamen|Flying\n|move|p2a: Seamen|Acrobatics|p1a: Amoonguss\n|-supereffective|p1a: Amoonguss\n|-damage|p1a: Amoonguss|0 fnt\n|-damage|p2a: Seamen|84/100|[from] item: Rocky Helmet|[of] p1a: Amoonguss\n|faint|p1a: Amoonguss\n|\n|upkeep\n|\n|t:|1695172665\n|switch|p1a: Zapdos|Zapdos|100/100\n|turn|2\n|\n|t:|1695172670\n|move|p2a: Seamen|Knock Off|p1a: Zapdos\n|-damage|p1a: Zapdos|38/100\n|-status|p2a: Seamen|par|[from] ability: Static|[of] p1a: Zapdos\n|-enditem|p1a: Zapdos|Heavy-Duty Boots|[from] move: Knock Off|[of] p2a: Seamen\n|move|p1a: Zapdos|Discharge|p2a: Seamen\n|-supereffective|p2a: Seamen\n|-damage|p2a: Seamen|0 fnt\n|faint|p2a: Seamen\n|-end|p2a: Seamen|Protosynthesis|[silent]\n|\n|upkeep\n|\n|t:|1695172698\n|switch|p2a: Why am I here|Zamazenta|100/100\n|-ability|p2a: Why am I here|Dauntless Shield|boost\n|-boost|p2a: Why am I here|def|1\n|turn|3\n|\n|t:|1695172704\n|move|p2a: Why am I here|Play Rough|p1a: Zapdos|[miss]\n|-miss|p2a: Why am I here|p1a: Zapdos\n|move|p1a: Zapdos|Hurricane|p2a: Why am I here|[miss]\n|-miss|p1a: Zapdos|p2a: Why am I here\n|\n|upkeep\n|turn|4\n|\n|t:|1695172713\n|move|p2a: Why am I here|Play Rough|p1a: Zapdos\n|-damage|p1a: Zapdos|0 fnt\n|faint|p1a: Zapdos\n|\n|upkeep\n|\n|t:|1695172745\n|switch|p1a: Great Tusk|Great Tusk|100/100\n|turn|5\n|\n|t:|1695172751\n|switch|p2a: Skarmoree|Corviknight, F|100/100\n|-ability|p2a: Skarmoree|Pressure\n|move|p1a: Great Tusk|Stealth Rock|p2a: Skarmoree\n|-sidestart|p2: Unlaiga|move: Stealth Rock\n|\n|upkeep\n|turn|6\n|\n|t:|1695172762\n|-end|p1a: Great Tusk|Protosynthesis|[silent]\n|switch|p1a: Dragapult|Dragapult, M|100/100\n|move|p2a: Skarmoree|U-turn|p1a: Dragapult\n|-resisted|p1a: Dragapult\n|-damage|p1a: Dragapult|93/100\n|\n|t:|1695172777\n|switch|p2a: Feet Pizza|Samurott-Hisui, F|100/100|[from] U-turn\n|-damage|p2a: Feet Pizza|88/100|[from] Stealth Rock\n|\n|upkeep\n|turn|7\n|\n|t:|1695172787\n|move|p2a: Feet Pizza|Flip Turn|p1a: Dragapult\n|-resisted|p1a: Dragapult\n|-damage|p1a: Dragapult|77/100\n|\n|t:|1695172794\n|switch|p2a: I am apples|Clefable, F|100/100|[from] Flip Turn\n|move|p1a: Dragapult|Reflect|p1a: Dragapult\n|-sidestart|p1: mayomayo|Reflect\n|\n|upkeep\n|turn|8\n|\n|t:|1695172854\n|move|p1a: Dragapult|Light Screen|p1a: Dragapult\n|-sidestart|p1: mayomayo|move: Light Screen\n|move|p2a: I am apples|Thunder Wave|p1a: Dragapult\n|-status|p1a: Dragapult|par\n|\n|upkeep\n|turn|9\n|\n|t:|1695172865\n|move|p1a: Dragapult|Curse|p2a: I am apples\n|-start|p2a: I am apples|Curse|[of] p1a: Dragapult\n|-damage|p1a: Dragapult|27/100 par\n|move|p2a: I am apples|Wish|p2a: I am apples\n|\n|-damage|p2a: I am apples|76/100|[from] Curse\n|upkeep\n|turn|10\n|\n|t:|1695172890\n|switch|p2a: Feet Pizza|Samurott-Hisui, F|88/100\n|-damage|p2a: Feet Pizza|76/100|[from] Stealth Rock\n|move|p1a: Dragapult|Curse|p2a: Feet Pizza\n|-start|p2a: Feet Pizza|Curse|[of] p1a: Dragapult\n|-damage|p1a: Dragapult|0 fnt\n|faint|p1a: Dragapult\n|\n|-heal|p2a: Feet Pizza|100/100|[from] move: Wish|[wisher] I am apples\n|-damage|p2a: Feet Pizza|76/100|[from] Curse\n|upkeep\n|\n|t:|1695172934\n|switch|p1a: Kingambit|Kingambit, M|100/100\n|-activate|p1a: Kingambit|ability: Supreme Overlord\n|-start|p1a: Kingambit|fallen3|[silent]\n|turn|11\n|\n|t:|1695172943\n|-terastallize|p1a: Kingambit|Flying\n|move|p2a: Feet Pizza|Flip Turn|p1a: Kingambit\n|-damage|p1a: Kingambit|90/100\n|\n|t:|1695172954\n|switch|p2a: Skarmoree|Corviknight, F|100/100|[from] Flip Turn\n|-ability|p2a: Skarmoree|Pressure\n|move|p1a: Kingambit|Swords Dance|p1a: Kingambit\n|-boost|p1a: Kingambit|atk|2\n|\n|-heal|p1a: Kingambit|96/100|[from] item: Leftovers\n|upkeep\n|turn|12\n|\n|t:|1695172963\n|move|p2a: Skarmoree|Defog|p1a: Kingambit\n|-unboost|p1a: Kingambit|evasion|1\n|-sideend|p1: mayomayo|Reflect\n|-sideend|p1: mayomayo|move: Light Screen\n|-sideend|p2: Unlaiga|Stealth Rock|[from] move: Defog|[of] p2a: Skarmoree\n|move|p1a: Kingambit|Kowtow Cleave|p2a: Skarmoree\n|-damage|p2a: Skarmoree|18/100\n|\n|-heal|p1a: Kingambit|100/100|[from] item: Leftovers\n|upkeep\n|turn|13\n|\n|t:|1695172973\n|move|p2a: Skarmoree|U-turn|p1a: Kingambit\n|-resisted|p1a: Kingambit\n|-damage|p1a: Kingambit|95/100\n|\n|t:|1695172976\n|switch|p2a: Why am I here|Zamazenta|100/100|[from] U-turn\n|move|p1a: Kingambit|Kowtow Cleave|p2a: Why am I here\n|-resisted|p2a: Why am I here\n|-damage|p2a: Why am I here|41/100\n|\n|-heal|p1a: Kingambit|100/100|[from] item: Leftovers\n|upkeep\n|turn|14\n|c|\u2606Unlaiga|Damn was trying to read for another SD\n|\n|t:|1695172998\n|move|p2a: Why am I here|Play Rough|p1a: Kingambit\n|-crit|p1a: Kingambit\n|-damage|p1a: Kingambit|53/100\n|move|p1a: Kingambit|Kowtow Cleave|p2a: Why am I here\n|-resisted|p2a: Why am I here\n|-damage|p2a: Why am I here|0 fnt\n|faint|p2a: Why am I here\n|\n|-heal|p1a: Kingambit|59/100|[from] item: Leftovers\n|upkeep\n|\n|t:|1695173008\n|switch|p2a: I am apples|Clefable, F|76/100\n|turn|15\n|\n|t:|1695173015\n|move|p2a: I am apples|Thunder Wave|p1a: Kingambit\n|-status|p1a: Kingambit|par\n|cant|p1a: Kingambit|par\n|\n|-heal|p1a: Kingambit|66/100 par|[from] item: Leftovers\n|upkeep\n|turn|16\n|\n|t:|1695173021\n|move|p2a: I am apples|Moonblast|p1a: Kingambit\n|-damage|p1a: Kingambit|35/100 par\n|cant|p1a: Kingambit|par\n|\n|-heal|p1a: Kingambit|41/100 par|[from] item: Leftovers\n|upkeep\n|turn|17\n|\n|t:|1695173027\n|move|p2a: I am apples|Moonblast|p1a: Kingambit\n|-damage|p1a: Kingambit|10/100 par\n|move|p1a: Kingambit|Iron Head|p2a: I am apples\n|-supereffective|p2a: I am apples\n|-damage|p2a: I am apples|0 fnt\n|faint|p2a: I am apples\n|\n|-heal|p1a: Kingambit|16/100 par|[from] item: Leftovers\n|upkeep\n|\n|t:|1695173041\n|switch|p2a: Feet Pizza|Samurott-Hisui, F|76/100\n|turn|18\n|\n|t:|1695173048\n|cant|p1a: Kingambit|par\n|move|p2a: Feet Pizza|Aqua Cutter|p1a: Kingambit\n|-damage|p1a: Kingambit|0 fnt\n|faint|p1a: Kingambit\n|-end|p1a: Kingambit|fallen3|[silent]\n|\n|upkeep\n|\n|t:|1695173063\n|switch|p1a: Greninja|Greninja, F|100/100\n|turn|19\n|\n|t:|1695173078\n|switch|p2a: Skarmoree|Corviknight, F|18/100\n|-ability|p2a: Skarmoree|Pressure\n|move|p1a: Greninja|Hydro Pump|p2a: Skarmoree|[miss]\n|-start|p1a: Greninja|typechange|Water|[from] ability: Protean\n|-miss|p1a: Greninja|p2a: Skarmoree\n|\n|upkeep\n|turn|20\n|\n|t:|1695173088\n|move|p1a: Greninja|Dark Pulse|p2a: Skarmoree\n|-damage|p2a: Skarmoree|0 fnt\n|faint|p2a: Skarmoree\n|-damage|p1a: Greninja|91/100|[from] item: Life Orb\n|\n|upkeep\n|\n|t:|1695173107\n|switch|p2a: Microwave|Gholdengo|100/100\n|turn|21\n|\n|t:|1695173113\n|move|p2a: Microwave|Shadow Ball|p1a: Greninja\n|-damage|p1a: Greninja|18/100\n|move|p1a: Greninja|Dark Pulse|p2a: Microwave\n|-supereffective|p2a: Microwave\n|-damage|p2a: Microwave|27/100\n|-damage|p1a: Greninja|8/100|[from] item: Life Orb\n|\n|upkeep\n|turn|22\n|\n|t:|1695173124\n|move|p2a: Microwave|Shadow Ball|p1a: Greninja\n|-damage|p1a: Greninja|0 fnt\n|faint|p1a: Greninja\n|\n|upkeep\n|c|\u2606mayomayo|gg\n|\n|t:|1695173131\n|switch|p1a: Great Tusk|Great Tusk|100/100\n|turn|23\n|\n|t:|1695173135\n|move|p2a: Microwave|Shadow Ball|p1a: Great Tusk\n|-damage|p1a: Great Tusk|41/100\n|move|p1a: Great Tusk|Earthquake|p2a: Microwave\n|-supereffective|p2a: Microwave\n|-damage|p2a: Microwave|0 fnt\n|faint|p2a: Microwave\n|\n|-heal|p1a: Great Tusk|47/100|[from] item: Leftovers\n|upkeep\n|\n|t:|1695173140\n|switch|p2a: Feet Pizza|Samurott-Hisui, F|76/100\n|turn|24\n|\n|t:|1695173146\n|move|p2a: Feet Pizza|Aqua Cutter|p1a: Great Tusk\n|-supereffective|p1a: Great Tusk\n|-damage|p1a: Great Tusk|0 fnt\n|faint|p1a: Great Tusk\n|-end|p1a: Great Tusk|Protosynthesis|[silent]\n|\n|win|Unlaiga\n|raw|mayomayo's rating: 1371 &rarr; <strong>1350</strong><br />(-21 for losing)\n|raw|Unlaiga's rating: 1357 &rarr; <strong>1378</strong><br />(+21 for winning)\n|l|\u2606mayomayo\n|c|\u2606Unlaiga|Gg\n", "uploadtime": 1695173161, "views": 5, "p1id": "mayomayo", "p2id": "unlaiga", "formatid": "gen9ou", "rating": 1350, "private": 0, "password": ""}