{"id": "gen9ou-1947535739", "p1": "shenon123", "p2": "ssssssssssbbbbbb", "format": "gen9ou", "log": "|j|\u2606shenon123\n|j|\u2606ssssssssssbbbbbb\n|t:|1695170238\n|gametype|singles\n|player|p1|shenon123|giovanni|1060\n|player|p2|ssssssssssbbbbbb|102|1111\n|teamsize|p1|6\n|teamsize|p2|6\n|gen|9\n|tier|[Gen 9] OU\n|rated|\n|rule|Sleep Clause Mod: Limit one foe put to sleep\n|rule|Species Clause: Limit one of each Pok\u00e9mon\n|rule|OHKO Clause: OHKO moves are banned\n|rule|Evasion Items Clause: Evasion items are banned\n|rule|Evasion Moves Clause: Evasion moves are banned\n|rule|Endless Battle Clause: Forcing endless battles is banned\n|rule|HP Percentage Mod: HP is shown in percentages\n|clearpoke\n|poke|p1|Samurott-Hisui, M|\n|poke|p1|Iron Valiant|\n|poke|p1|Great Tusk|\n|poke|p1|Gholdengo|\n|poke|p1|Ogerpon-Wellspring, F|\n|poke|p1|Iron Moth|\n|poke|p2|Ogerpon-Hearthflame, F|\n|poke|p2|Slowking-Galar, M|\n|poke|p2|Great Tusk|\n|poke|p2|Iron Moth|\n|poke|p2|Dondozo, M|\n|poke|p2|Mandibuzz, F|\n|teampreview\n|inactive|Battle timer is ON: inactive players will automatically lose when time's up. (requested by shenon123)\n|\n|t:|1695170249\n|start\n|switch|p1a: Samurott|Samurott-Hisui, M|100/100\n|switch|p2a: Dondozo|Dondozo, M|100/100\n|turn|1\n|\n|t:|1695170258\n|move|p1a: Samurott|Ceaseless Edge|p2a: Dondozo\n|-damage|p2a: Dondozo|81/100\n|-sidestart|p2: ssssssssssbbbbbb|Spikes\n|move|p2a: Dondozo|Curse|p2a: Dondozo\n|-unboost|p2a: Dondozo|spe|1\n|-boost|p2a: Dondozo|atk|1\n|-boost|p2a: Dondozo|def|1\n|\n|-heal|p2a: Dondozo|88/100|[from] item: Leftovers\n|upkeep\n|turn|2\n|\n|t:|1695170263\n|move|p1a: Samurott|Ceaseless Edge|p2a: Dondozo|[miss]\n|-miss|p1a: Samurott|p2a: Dondozo\n|move|p2a: Dondozo|Curse|p2a: Dondozo\n|-unboost|p2a: Dondozo|spe|1\n|-boost|p2a: Dondozo|atk|1\n|-boost|p2a: Dondozo|def|1\n|\n|-heal|p2a: Dondozo|94/100|[from] item: Leftovers\n|upkeep\n|turn|3\n|\n|t:|1695170268\n|move|p1a: Samurott|Ceaseless Edge|p2a: Dondozo\n|-damage|p2a: Dondozo|84/100\n|-sidestart|p2: ssssssssssbbbbbb|Spikes\n|move|p2a: Dondozo|Curse|p2a: Dondozo\n|-unboost|p2a: Dondozo|spe|1\n|-boost|p2a: Dondozo|atk|1\n|-boost|p2a: Dondozo|def|1\n|\n|-heal|p2a: Dondozo|90/100|[from] item: Leftovers\n|upkeep\n|turn|4\n|\n|t:|1695170273\n|move|p1a: Samurott|Ceaseless Edge|p2a: Dondozo\n|-damage|p2a: Dondozo|82/100\n|-sidestart|p2: ssssssssssbbbbbb|Spikes\n|move|p2a: Dondozo|Liquidation|p1a: Samurott\n|-resisted|p1a: Samurott\n|-damage|p1a: Samurott|58/100\n|-unboost|p1a: Samurott|def|1\n|\n|-heal|p2a: Dondozo|89/100|[from] item: Leftovers\n|upkeep\n|turn|5\n|\n|t:|1695170279\n|move|p1a: Samurott|Sacred Sword|p2a: Dondozo\n|-damage|p2a: Dondozo|70/100\n|move|p2a: Dondozo|Liquidation|p1a: Samurott\n|-resisted|p1a: Samurott\n|-damage|p1a: Samurott|11/100\n|\n|-heal|p2a: Dondozo|76/100|[from] item: Leftovers\n|upkeep\n|turn|6\n|\n|t:|1695170286\n|move|p1a: Samurott|Razor Shell|p2a: Dondozo\n|-resisted|p2a: Dondozo\n|-damage|p2a: Dondozo|71/100\n|-unboost|p2a: Dondozo|def|1\n|move|p2a: Dondozo|Liquidation|p1a: Samurott\n|-resisted|p1a: Samurott\n|-damage|p1a: Samurott|0 fnt\n|faint|p1a: Samurott\n|\n|-heal|p2a: Dondozo|77/100|[from] item: Leftovers\n|upkeep\n|\n|t:|1695170299\n|switch|p1a: Ogerpon|Ogerpon-Wellspring, F|100/100\n|turn|7\n|\n|t:|1695170317\n|switch|p2a: Iron Moth|Iron Moth|100/100\n|-enditem|p2a: Iron Moth|Booster Energy\n|-activate|p2a: Iron Moth|ability: Quark Drive|[fromitem]\n|-start|p2a: Iron Moth|quarkdrivespe\n|-damage|p2a: Iron Moth|76/100|[from] Spikes\n|move|p1a: Ogerpon|Wood Hammer|p2a: Iron Moth\n|-resisted|p2a: Iron Moth\n|-damage|p2a: Iron Moth|49/100\n|-damage|p1a: Ogerpon|92/100|[from] Recoil\n|\n|upkeep\n|turn|8\n|\n|t:|1695170335\n|-terastallize|p1a: Ogerpon|Water\n|detailschange|p1a: Ogerpon|Ogerpon-Wellspring-Tera, F, tera:Water\n|-ability|p1a: Ogerpon|Embody Aspect (Wellspring)|boost\n|-boost|p1a: Ogerpon|spd|1\n|move|p2a: Iron Moth|Fiery Dance|p1a: Ogerpon\n|-resisted|p1a: Ogerpon\n|-damage|p1a: Ogerpon|75/100\n|move|p1a: Ogerpon|Ivy Cudgel|p2a: Iron Moth\n|-supereffective|p2a: Iron Moth\n|-damage|p2a: Iron Moth|0 fnt\n|faint|p2a: Iron Moth\n|-end|p2a: Iron Moth|Quark Drive|[silent]\n|\n|upkeep\n|\n|t:|1695170349\n|switch|p2a: Mandibuzz|Mandibuzz, F|100/100\n|turn|9\n|\n|t:|1695170355\n|switch|p1a: Gholdengo|Gholdengo|100/100\n|-item|p1a: Gholdengo|Air Balloon\n|move|p2a: Mandibuzz|Defog|p1a: Gholdengo\n|-immune|p1a: Gholdengo|[from] ability: Good as Gold\n|\n|upkeep\n|turn|10\n|\n|t:|1695170362\n|move|p1a: Gholdengo|Thunder Wave|p2a: Mandibuzz\n|-status|p2a: Mandibuzz|par\n|move|p2a: Mandibuzz|U-turn|p1a: Gholdengo\n|-resisted|p1a: Gholdengo\n|-damage|p1a: Gholdengo|98/100\n|-enditem|p1a: Gholdengo|Air Balloon\n|\n|t:|1695170369\n|switch|p2a: Slowking|Slowking-Galar, M|100/100|[from] U-turn\n|-damage|p2a: Slowking|76/100|[from] Spikes\n|\n|upkeep\n|turn|11\n|\n|t:|1695170374\n|move|p1a: Gholdengo|Shadow Ball|p2a: Slowking\n|-supereffective|p2a: Slowking\n|-damage|p2a: Slowking|36/100\n|move|p2a: Slowking|Future Sight|p1a: Gholdengo\n|-start|p2a: Slowking|move: Future Sight\n|\n|upkeep\n|turn|12\n|\n|t:|1695170381\n|switch|p2a: Mandibuzz|Mandibuzz, F|100/100 par\n|move|p1a: Gholdengo|Shadow Ball|p2a: Mandibuzz\n|-resisted|p2a: Mandibuzz\n|-damage|p2a: Mandibuzz|83/100 par\n|-unboost|p2a: Mandibuzz|spd|1\n|\n|upkeep\n|turn|13\n|\n|t:|1695170389\n|move|p1a: Gholdengo|Make It Rain|p2a: Mandibuzz\n|-damage|p2a: Mandibuzz|0 fnt\n|-unboost|p1a: Gholdengo|spa|1\n|faint|p2a: Mandibuzz\n|\n|-end|p1a: Gholdengo|move: Future Sight\n|-resisted|p1a: Gholdengo\n|-damage|p1a: Gholdengo|74/100\n|upkeep\n|\n|t:|1695170403\n|switch|p2a: Ogerpon|Ogerpon-Hearthflame, F|100/100\n|-damage|p2a: Ogerpon|76/100|[from] Spikes\n|-ability|p2a: Ogerpon|Mold Breaker\n|turn|14\n|\n|t:|1695170414\n|switch|p1a: Iron Moth|Iron Moth|100/100\n|-terastallize|p2a: Ogerpon|Fire\n|detailschange|p2a: Ogerpon|Ogerpon-Hearthflame-Tera, F, tera:Fire\n|-ability|p2a: Ogerpon|Embody Aspect (Hearthflame)|boost\n|-boost|p2a: Ogerpon|atk|1\n|move|p2a: Ogerpon|Trailblaze|p1a: Iron Moth\n|-resisted|p1a: Iron Moth\n|-damage|p1a: Iron Moth|85/100\n|-boost|p2a: Ogerpon|spe|1\n|\n|upkeep\n|turn|15\n|\n|t:|1695170427\n|move|p2a: Ogerpon|Ivy Cudgel|p1a: Iron Moth\n|-resisted|p1a: Iron Moth\n|-damage|p1a: Iron Moth|0 fnt\n|faint|p1a: Iron Moth\n|-end|p1a: Iron Moth|Quark Drive|[silent]\n|\n|upkeep\n|\n|t:|1695170443\n|switch|p1a: Iron Valiant|Iron Valiant|100/100\n|-enditem|p1a: Iron Valiant|Booster Energy\n|-activate|p1a: Iron Valiant|ability: Quark Drive|[fromitem]\n|-start|p1a: Iron Valiant|quarkdrivespe\n|turn|16\n|\n|t:|1695170454\n|move|p1a: Iron Valiant|Aura Sphere|p2a: Ogerpon\n|-damage|p2a: Ogerpon|36/100\n|move|p2a: Ogerpon|Ivy Cudgel|p1a: Iron Valiant\n|-damage|p1a: Iron Valiant|0 fnt\n|faint|p1a: Iron Valiant\n|-end|p1a: Iron Valiant|Quark Drive|[silent]\n|\n|upkeep\n|\n|t:|1695170464\n|switch|p1a: Great Tusk|Great Tusk|100/100\n|turn|17\n|\n|t:|1695170479\n|move|p2a: Ogerpon|U-turn|p1a: Great Tusk\n|-resisted|p1a: Great Tusk\n|-damage|p1a: Great Tusk|85/100\n|\n|t:|1695170481\n|switch|p2a: Dondozo|Dondozo, M|77/100|[from] U-turn\n|-damage|p2a: Dondozo|52/100|[from] Spikes\n|move|p1a: Great Tusk|Headlong Rush|p2a: Dondozo\n|-damage|p2a: Dondozo|25/100\n|-unboost|p1a: Great Tusk|def|1\n|-unboost|p1a: Great Tusk|spd|1\n|\n|-heal|p2a: Dondozo|31/100|[from] item: Leftovers\n|upkeep\n|turn|18\n|\n|t:|1695170495\n|-end|p1a: Great Tusk|Protosynthesis|[silent]\n|switch|p1a: Ogerpon|Ogerpon-Wellspring-Tera, F, tera:Water|75/100\n|-ability|p1a: Ogerpon|Embody Aspect (Wellspring)|boost\n|-boost|p1a: Ogerpon|spd|1\n|move|p2a: Dondozo|Liquidation|p1a: Ogerpon\n|-resisted|p1a: Ogerpon\n|-damage|p1a: Ogerpon|57/100\n|\n|-heal|p2a: Dondozo|37/100|[from] item: Leftovers\n|upkeep\n|turn|19\n|\n|t:|1695170507\n|move|p1a: Ogerpon|Knock Off|p2a: Dondozo\n|-damage|p2a: Dondozo|19/100\n|-enditem|p2a: Dondozo|Leftovers|[from] move: Knock Off|[of] p1a: Ogerpon\n|move|p2a: Dondozo|Liquidation|p1a: Ogerpon\n|-resisted|p1a: Ogerpon\n|-damage|p1a: Ogerpon|36/100\n|\n|upkeep\n|turn|20\n|\n|t:|1695170514\n|move|p1a: Ogerpon|Wood Hammer|p2a: Dondozo\n|-supereffective|p2a: Dondozo\n|-damage|p2a: Dondozo|0 fnt\n|faint|p2a: Dondozo\n|-damage|p1a: Ogerpon|26/100|[from] Recoil\n|\n|upkeep\n|\n|t:|1695170537\n|switch|p2a: Great Tusk|Great Tusk|100/100\n|-damage|p2a: Great Tusk|76/100|[from] Spikes\n|-enditem|p2a: Great Tusk|Booster Energy\n|-activate|p2a: Great Tusk|ability: Protosynthesis|[fromitem]\n|-start|p2a: Great Tusk|protosynthesisspe\n|turn|21\n|\n|t:|1695170550\n|move|p2a: Great Tusk|Headlong Rush|p1a: Ogerpon\n|-damage|p1a: Ogerpon|0 fnt\n|-unboost|p2a: Great Tusk|def|1\n|-unboost|p2a: Great Tusk|spd|1\n|faint|p1a: Ogerpon\n|\n|upkeep\n|\n|t:|1695170555\n|switch|p1a: Great Tusk|Great Tusk|85/100\n|turn|22\n|\n|t:|1695170564\n|move|p2a: Great Tusk|Ice Spinner|p1a: Great Tusk\n|-supereffective|p1a: Great Tusk\n|-damage|p1a: Great Tusk|48/100\n|move|p1a: Great Tusk|Headlong Rush|p2a: Great Tusk\n|-damage|p2a: Great Tusk|18/100\n|-unboost|p1a: Great Tusk|def|1\n|-unboost|p1a: Great Tusk|spd|1\n|\n|upkeep\n|turn|23\n|\n|t:|1695170571\n|move|p2a: Great Tusk|Ice Spinner|p1a: Great Tusk\n|-supereffective|p1a: Great Tusk\n|-damage|p1a: Great Tusk|0 fnt\n|faint|p1a: Great Tusk\n|-end|p1a: Great Tusk|Protosynthesis|[silent]\n|\n|upkeep\n|-message|shenon123 forfeited.\n|\n|win|ssssssssssbbbbbb\n|raw|shenon123's rating: 1060 &rarr; <strong>1044</strong><br />(-16 for losing)\n|raw|ssssssssssbbbbbb's rating: 1111 &rarr; <strong>1132</strong><br />(+21 for winning)\n|l|\u2606shenon123\n|l|\u2606ssssssssssbbbbbb\n|j|\u2606ssssssssssbbbbbb\n|player|p2|ssssssssssbbbbbb|102\n", "uploadtime": 1695170621, "views": 1, "p1id": "shenon123", "p2id": "ssssssssssbbbbbb", "formatid": "gen9ou", "rating": 1044, "private": 0, "password": ""}