{"id": "gen9ou-1947547395", "p1": "obamaisbiden", "p2": "Chartwig", "format": "gen9ou", "log": "|j|\u2606obamaisbiden\n|j|\u2606Chartwig\n|t:|1695171357\n|gametype|singles\n|player|p1|obamaisbiden|ghetsis|1418\n|player|p2|Chartwig|hilbert|1426\n|teamsize|p1|6\n|teamsize|p2|6\n|gen|9\n|tier|[Gen 9] OU\n|rated|\n|rule|Sleep Clause Mod: Limit one foe put to sleep\n|rule|Species Clause: Limit one of each Pok\u00e9mon\n|rule|OHKO Clause: OHKO moves are banned\n|rule|Evasion Items Clause: Evasion items are banned\n|rule|Evasion Moves Clause: Evasion moves are banned\n|rule|Endless Battle Clause: Forcing endless battles is banned\n|rule|HP Percentage Mod: HP is shown in percentages\n|clearpoke\n|poke|p1|Ursaluna-Bloodmoon, M|\n|poke|p1|Weezing-Galar, F|\n|poke|p1|Moltres|\n|poke|p1|Ogerpon-Wellspring, F|\n|poke|p1|Kingambit, F|\n|poke|p1|Hoopa|\n|poke|p2|Ninetales-Alola, F|\n|poke|p2|Ogerpon-Wellspring, F|\n|poke|p2|Iron Moth|\n|poke|p2|Piloswine, M|\n|poke|p2|Great Tusk|\n|poke|p2|Manaphy|\n|teampreview\n|\n|t:|1695171382\n|start\n|switch|p1a: Kingambit|Kingambit, F|100/100\n|switch|p2a: Piloswine|Piloswine, M|100/100\n|turn|1\n|\n|t:|1695171394\n|move|p1a: Kingambit|Swords Dance|p1a: Kingambit\n|-boost|p1a: Kingambit|atk|2\n|move|p2a: Piloswine|Earthquake|p1a: Kingambit\n|-supereffective|p1a: Kingambit\n|-damage|p1a: Kingambit|34/100\n|\n|-heal|p1a: Kingambit|40/100|[from] item: Leftovers\n|upkeep\n|turn|2\n|\n|t:|1695171405\n|switch|p2a: Great Tusk|Great Tusk|100/100\n|move|p1a: Kingambit|Iron Head|p2a: Great Tusk\n|-damage|p2a: Great Tusk|34/100\n|\n|-heal|p1a: Kingambit|46/100|[from] item: Leftovers\n|upkeep\n|turn|3\n|\n|t:|1695171412\n|move|p2a: Great Tusk|Headlong Rush|p1a: Kingambit\n|-supereffective|p1a: Kingambit\n|-damage|p1a: Kingambit|0 fnt\n|-unboost|p2a: Great Tusk|def|1\n|-unboost|p2a: Great Tusk|spd|1\n|faint|p1a: Kingambit\n|-end|p1a: Kingambit|fallenundefined|[silent]\n|\n|upkeep\n|\n|t:|1695171420\n|switch|p1a: Hoopa|Hoopa|100/100\n|turn|4\n|inactive|Battle timer is ON: inactive players will automatically lose when time's up. (requested by obamaisbiden)\n|\n|t:|1695171463\n|-end|p2a: Great Tusk|Protosynthesis|[silent]\n|switch|p2a: Piloswine|Piloswine, M|100/100\n|move|p1a: Hoopa|Psychic|p2a: Piloswine\n|-damage|p2a: Piloswine|58/100\n|\n|upkeep\n|turn|5\n|\n|t:|1695171469\n|move|p1a: Hoopa|Psychic|p2a: Piloswine\n|-damage|p2a: Piloswine|10/100\n|move|p2a: Piloswine|Stealth Rock|p1a: Hoopa\n|-sidestart|p1: obamaisbiden|move: Stealth Rock\n|\n|upkeep\n|turn|6\n|\n|t:|1695171473\n|move|p2a: Piloswine|Ice Shard|p1a: Hoopa\n|-damage|p1a: Hoopa|67/100\n|move|p1a: Hoopa|Psychic|p2a: Piloswine\n|-damage|p2a: Piloswine|0 fnt\n|faint|p2a: Piloswine\n|\n|upkeep\n|\n|t:|1695171481\n|switch|p2a: Ninetales|Ninetales-Alola, F|100/100\n|-weather|Snow|[from] ability: Snow Warning|[of] p2a: Ninetales\n|turn|7\n|\n|t:|1695171486\n|switch|p1a: Weezing|Weezing-Galar, F|100/100\n|-damage|p1a: Weezing|88/100|[from] Stealth Rock\n|move|p2a: Ninetales|Aurora Veil|p2a: Ninetales\n|-sidestart|p2: Chartwig|move: Aurora Veil\n|\n|-weather|Snow|[upkeep]\n|-heal|p1a: Weezing|94/100|[from] item: Leftovers\n|upkeep\n|turn|8\n|\n|t:|1695171492\n|move|p2a: Ninetales|Hypnosis|p1a: Weezing\n|-status|p1a: Weezing|slp|[from] move: Hypnosis\n|cant|p1a: Weezing|slp\n|\n|-weather|Snow|[upkeep]\n|-heal|p1a: Weezing|99/100 slp|[from] item: Leftovers\n|upkeep\n|turn|9\n|\n|t:|1695171504\n|switch|p2a: Manaphy|Manaphy|100/100\n|switch|p1a: Moltres|Moltres|100/100\n|\n|-weather|Snow|[upkeep]\n|upkeep\n|turn|10\n|\n|t:|1695171509\n|move|p2a: Manaphy|Tail Glow|p2a: Manaphy\n|-boost|p2a: Manaphy|spa|3\n|move|p1a: Moltres|U-turn|p2a: Manaphy\n|-damage|p2a: Manaphy|92/100\n|\n|t:|1695171514\n|switch|p1a: Ursaluna|Ursaluna-Bloodmoon, M|100/100|[from] U-turn\n|-damage|p1a: Ursaluna|94/100|[from] Stealth Rock\n|\n|-weather|Snow|[upkeep]\n|-heal|p2a: Manaphy|98/100|[from] item: Leftovers\n|-heal|p1a: Ursaluna|100/100|[from] item: Leftovers\n|upkeep\n|turn|11\n|\n|t:|1695171522\n|switch|p1a: Ogerpon|Ogerpon-Wellspring, F|100/100\n|-damage|p1a: Ogerpon|88/100|[from] Stealth Rock\n|move|p2a: Manaphy|Surf|p1a: Ogerpon\n|-heal|p1a: Ogerpon|100/100|[from] ability: Water Absorb|[of] p2a: Manaphy\n|\n|-weather|none\n|-heal|p2a: Manaphy|100/100|[from] item: Leftovers\n|upkeep\n|turn|12\n|\n|t:|1695171532\n|move|p1a: Ogerpon|Knock Off|p2a: Manaphy\n|-damage|p2a: Manaphy|83/100\n|-enditem|p2a: Manaphy|Leftovers|[from] move: Knock Off|[of] p1a: Ogerpon\n|move|p2a: Manaphy|Ice Beam|p1a: Ogerpon\n|-damage|p1a: Ogerpon|31/100\n|\n|upkeep\n|turn|13\n|\n|t:|1695171539\n|move|p1a: Ogerpon|Horn Leech|p2a: Manaphy\n|-supereffective|p2a: Manaphy\n|-damage|p2a: Manaphy|41/100\n|-heal|p1a: Ogerpon|55/100|[from] drain|[of] p2a: Manaphy\n|move|p2a: Manaphy|Ice Beam|p1a: Ogerpon\n|-damage|p1a: Ogerpon|0 fnt\n|faint|p1a: Ogerpon\n|\n|upkeep\n|\n|t:|1695171553\n|switch|p1a: Weezing|Weezing-Galar, F|99/100 slp\n|-damage|p1a: Weezing|88/100 slp|[from] Stealth Rock\n|turn|14\n|\n|t:|1695171575\n|move|p2a: Manaphy|Surf|p1a: Weezing\n|-damage|p1a: Weezing|2/100 slp\n|cant|p1a: Weezing|slp\n|\n|-heal|p1a: Weezing|8/100 slp|[from] item: Leftovers\n|-sideend|p2: Chartwig|move: Aurora Veil\n|upkeep\n|turn|15\n|\n|t:|1695171581\n|move|p2a: Manaphy|Surf|p1a: Weezing\n|-damage|p1a: Weezing|0 fnt\n|faint|p1a: Weezing\n|\n|upkeep\n|\n|t:|1695171586\n|switch|p1a: Hoopa|Hoopa|67/100\n|-damage|p1a: Hoopa|55/100|[from] Stealth Rock\n|turn|16\n|inactive|Chartwig has 120 seconds left.\n|\n|t:|1695171616\n|move|p1a: Hoopa|Psychic|p2a: Manaphy\n|-damage|p2a: Manaphy|0 fnt\n|faint|p2a: Manaphy\n|\n|upkeep\n|\n|t:|1695171619\n|switch|p2a: Ninetales|Ninetales-Alola, F|100/100\n|-weather|Snow|[from] ability: Snow Warning|[of] p2a: Ninetales\n|turn|17\n|\n|t:|1695171629\n|-terastallize|p1a: Hoopa|Psychic\n|move|p1a: Hoopa|Psychic|p2a: Ninetales\n|-damage|p2a: Ninetales|33/100\n|move|p2a: Ninetales|Aurora Veil|p2a: Ninetales\n|-sidestart|p2: Chartwig|move: Aurora Veil\n|\n|-weather|Snow|[upkeep]\n|upkeep\n|turn|18\n|\n|t:|1695171639\n|move|p1a: Hoopa|Psychic|p2a: Ninetales\n|-damage|p2a: Ninetales|0 fnt\n|faint|p2a: Ninetales\n|\n|-weather|Snow|[upkeep]\n|upkeep\n|\n|t:|1695171641\n|switch|p2a: Ogerpon|Ogerpon-Wellspring, F|100/100\n|turn|19\n|\n|t:|1695171646\n|switch|p1a: Moltres|Moltres|100/100\n|-terastallize|p2a: Ogerpon|Water\n|detailschange|p2a: Ogerpon|Ogerpon-Wellspring-Tera, F, tera:Water\n|-ability|p2a: Ogerpon|Embody Aspect (Wellspring)|boost\n|-boost|p2a: Ogerpon|spd|1\n|move|p2a: Ogerpon|Swords Dance|p2a: Ogerpon\n|-boost|p2a: Ogerpon|atk|2\n|\n|-weather|Snow|[upkeep]\n|upkeep\n|turn|20\n|\n|t:|1695171662\n|move|p2a: Ogerpon|Ivy Cudgel|p1a: Moltres\n|-supereffective|p1a: Moltres\n|-damage|p1a: Moltres|0 fnt\n|faint|p1a: Moltres\n|\n|-weather|Snow|[upkeep]\n|upkeep\n|\n|t:|1695171666\n|switch|p1a: Hoopa|Hoopa, tera:Psychic|55/100\n|-damage|p1a: Hoopa|43/100|[from] Stealth Rock\n|turn|21\n|\n|t:|1695171670\n|move|p1a: Hoopa|Destiny Bond|p1a: Hoopa\n|-singlemove|p1a: Hoopa|Destiny Bond\n|move|p2a: Ogerpon|Ivy Cudgel|p1a: Hoopa\n|-damage|p1a: Hoopa|0 fnt\n|faint|p1a: Hoopa\n|-activate|p1a: Hoopa|move: Destiny Bond\n|faint|p2a: Ogerpon\n|\n|-weather|none\n|upkeep\n|\n|t:|1695171677\n|switch|p2a: Great Tusk|Great Tusk|34/100\n|switch|p1a: Ursaluna|Ursaluna-Bloodmoon, M|100/100\n|-damage|p1a: Ursaluna|94/100|[from] Stealth Rock\n|turn|22\n|\n|t:|1695171682\n|move|p2a: Great Tusk|Close Combat|p1a: Ursaluna\n|-supereffective|p1a: Ursaluna\n|-damage|p1a: Ursaluna|20/100\n|-unboost|p2a: Great Tusk|def|1\n|-unboost|p2a: Great Tusk|spd|1\n|move|p1a: Ursaluna|Blood Moon|p2a: Great Tusk\n|-damage|p2a: Great Tusk|0 fnt\n|faint|p2a: Great Tusk\n|-end|p2a: Great Tusk|Protosynthesis|[silent]\n|\n|-heal|p1a: Ursaluna|26/100|[from] item: Leftovers\n|upkeep\n|\n|t:|1695171691\n|switch|p2a: Iron Moth|Iron Moth|100/100\n|-enditem|p2a: Iron Moth|Booster Energy\n|-activate|p2a: Iron Moth|ability: Quark Drive|[fromitem]\n|-start|p2a: Iron Moth|quarkdrivespe\n|turn|23\n|\n|t:|1695171712\n|move|p2a: Iron Moth|Energy Ball|p1a: Ursaluna\n|-supereffective|p1a: Ursaluna\n|-damage|p1a: Ursaluna|0 fnt\n|faint|p1a: Ursaluna\n|\n|win|Chartwig\n|raw|obamaisbiden's rating: 1418 &rarr; <strong>1397</strong><br />(-21 for losing)\n|raw|Chartwig's rating: 1403 &rarr; <strong>1424</strong><br />(+21 for winning)\n", "uploadtime": 1695171720, "views": 3, "p1id": "obamaisbiden", "p2id": "chartwig", "formatid": "gen9ou", "rating": 1397, "private": 0, "password": ""}