{"id": "gen9ou-1947542962", "p1": "Swimadam123", "p2": "LordArkanum", "format": "gen9ou", "log": "|j|\u2606Swimadam123\n|j|\u2606LordArkanum\n|t:|1695170941\n|gametype|singles\n|player|p1|Swimadam123|swimmer-gen4dp|1494\n|player|p2|LordArkanum|gambler|1468\n|teamsize|p1|6\n|teamsize|p2|6\n|gen|9\n|tier|[Gen 9] OU\n|rated|\n|rule|Sleep Clause Mod: Limit one foe put to sleep\n|rule|Species Clause: Limit one of each Pok\u00e9mon\n|rule|OHKO Clause: OHKO moves are banned\n|rule|Evasion Items Clause: Evasion items are banned\n|rule|Evasion Moves Clause: Evasion moves are banned\n|rule|Endless Battle Clause: Forcing endless battles is banned\n|rule|HP Percentage Mod: HP is shown in percentages\n|clearpoke\n|poke|p1|Tyranitar, F|\n|poke|p1|Lycanroc, M|\n|poke|p1|Ogerpon-Cornerstone, F|\n|poke|p1|Garchomp, F|\n|poke|p1|Kingambit, F|\n|poke|p1|Kommo-o, M|\n|poke|p2|Chandelure, M|\n|poke|p2|Garchomp, M|\n|poke|p2|Ogerpon-Hearthflame, F|\n|poke|p2|Tyranitar, M|\n|poke|p2|Sinistcha-Masterpiece|\n|poke|p2|Iron Treads|\n|teampreview\n|\n|t:|1695170975\n|start\n|switch|p1a: Kommo-o|Kommo-o, M|100/100\n|switch|p2a: Garchomp|Garchomp, M|100/100\n|turn|1\n|\n|t:|1695170984\n|move|p2a: Garchomp|Scale Shot|p1a: Kommo-o\n|-supereffective|p1a: Kommo-o\n|-damage|p1a: Kommo-o|79/100\n|-supereffective|p1a: Kommo-o\n|-damage|p1a: Kommo-o|56/100\n|-supereffective|p1a: Kommo-o\n|-damage|p1a: Kommo-o|35/100\n|-enditem|p1a: Kommo-o|Sitrus Berry|[eat]\n|-heal|p1a: Kommo-o|59/100|[from] item: Sitrus Berry\n|-supereffective|p1a: Kommo-o\n|-damage|p1a: Kommo-o|37/100\n|-hitcount|p1a: Kommo-o|4\n|-unboost|p2a: Garchomp|def|1\n|-boost|p2a: Garchomp|spe|1\n|move|p1a: Kommo-o|Clangorous Soul|p1a: Kommo-o\n|-boost|p1a: Kommo-o|atk|1\n|-boost|p1a: Kommo-o|def|1\n|-boost|p1a: Kommo-o|spa|1\n|-boost|p1a: Kommo-o|spd|1\n|-boost|p1a: Kommo-o|spe|1\n|-damage|p1a: Kommo-o|4/100\n|\n|upkeep\n|turn|2\n|\n|t:|1695171003\n|move|p2a: Garchomp|Earthquake|p1a: Kommo-o\n|-damage|p1a: Kommo-o|0 fnt\n|faint|p1a: Kommo-o\n|\n|upkeep\n|\n|t:|1695171014\n|switch|p1a: Garchomp|Garchomp, F|100/100\n|turn|3\n|\n|t:|1695171018\n|-terastallize|p1a: Garchomp|Water\n|move|p2a: Garchomp|Scale Shot|p1a: Garchomp\n|-damage|p1a: Garchomp|89/100\n|-damage|p1a: Garchomp|78/100\n|-damage|p1a: Garchomp|67/100\n|-damage|p1a: Garchomp|55/100\n|-hitcount|p1a: Garchomp|4\n|-unboost|p2a: Garchomp|def|1\n|-boost|p2a: Garchomp|spe|1\n|move|p1a: Garchomp|Scale Shot|p2a: Garchomp\n|-supereffective|p2a: Garchomp\n|-damage|p2a: Garchomp|54/100\n|-supereffective|p2a: Garchomp\n|-damage|p2a: Garchomp|11/100\n|-supereffective|p2a: Garchomp\n|-damage|p2a: Garchomp|0 fnt\n|faint|p2a: Garchomp\n|-hitcount|p2: Garchomp|3\n|-unboost|p1a: Garchomp|def|1\n|-boost|p1a: Garchomp|spe|1\n|\n|upkeep\n|\n|t:|1695171043\n|switch|p2a: Ogerpon|Ogerpon-Hearthflame, F|100/100\n|-ability|p2a: Ogerpon|Mold Breaker\n|turn|4\n|\n|t:|1695171053\n|move|p1a: Garchomp|Scale Shot|p2a: Ogerpon\n|-damage|p2a: Ogerpon|84/100\n|-damage|p2a: Ogerpon|68/100\n|-damage|p2a: Ogerpon|50/100\n|-damage|p2a: Ogerpon|32/100\n|-hitcount|p2a: Ogerpon|4\n|-unboost|p1a: Garchomp|def|1\n|-boost|p1a: Garchomp|spe|1\n|move|p2a: Ogerpon|Horn Leech|p1a: Garchomp\n|-supereffective|p1a: Garchomp\n|-damage|p1a: Garchomp|0 fnt\n|-heal|p2a: Ogerpon|64/100|[from] drain|[of] p1a: Garchomp\n|-damage|p2a: Ogerpon|51/100|[from] ability: Rough Skin|[of] p1a: Garchomp\n|faint|p1a: Garchomp\n|\n|upkeep\n|\n|t:|1695171065\n|switch|p1a: Lycanroc|Lycanroc, M|100/100\n|turn|5\n|\n|t:|1695171074\n|switch|p2a: Iron Treads|Iron Treads|100/100\n|move|p1a: Lycanroc|Close Combat|p2a: Iron Treads\n|-supereffective|p2a: Iron Treads\n|-damage|p2a: Iron Treads|8/100\n|-unboost|p1a: Lycanroc|def|1\n|-unboost|p1a: Lycanroc|spd|1\n|\n|upkeep\n|turn|6\n|\n|t:|1695171091\n|switch|p1a: Tyranitar|Tyranitar, F|100/100\n|-weather|Sandstorm|[from] ability: Sand Stream|[of] p1a: Tyranitar\n|move|p2a: Iron Treads|Stealth Rock|p1a: Tyranitar\n|-sidestart|p1: Swimadam123|move: Stealth Rock\n|\n|-weather|Sandstorm|[upkeep]\n|upkeep\n|turn|7\n|\n|t:|1695171098\n|move|p2a: Iron Treads|Earthquake|p1a: Tyranitar\n|-supereffective|p1a: Tyranitar\n|-damage|p1a: Tyranitar|47/100\n|move|p1a: Tyranitar|Stealth Rock|p2a: Iron Treads\n|-sidestart|p2: LordArkanum|move: Stealth Rock\n|\n|-weather|Sandstorm|[upkeep]\n|upkeep\n|turn|8\n|\n|t:|1695171104\n|move|p2a: Iron Treads|Rapid Spin|p1a: Tyranitar\n|-resisted|p1a: Tyranitar\n|-damage|p1a: Tyranitar|42/100\n|-boost|p2a: Iron Treads|spe|1\n|-sideend|p2: LordArkanum|Stealth Rock|[from] move: Rapid Spin|[of] p2a: Iron Treads\n|move|p1a: Tyranitar|Knock Off|p2a: Iron Treads\n|-damage|p2a: Iron Treads|0 fnt\n|-enditem|p2a: Iron Treads|Heavy-Duty Boots|[from] move: Knock Off|[of] p1a: Tyranitar\n|faint|p2a: Iron Treads\n|-end|p2a: Iron Treads|Quark Drive|[silent]\n|\n|-weather|Sandstorm|[upkeep]\n|upkeep\n|\n|t:|1695171114\n|switch|p2a: Ogerpon|Ogerpon-Hearthflame, F|51/100\n|-ability|p2a: Ogerpon|Mold Breaker\n|turn|9\n|\n|t:|1695171118\n|move|p2a: Ogerpon|Horn Leech|p1a: Tyranitar\n|-supereffective|p1a: Tyranitar\n|-crit|p1a: Tyranitar\n|-damage|p1a: Tyranitar|0 fnt\n|-heal|p2a: Ogerpon|79/100|[from] drain|[of] p1a: Tyranitar\n|faint|p1a: Tyranitar\n|\n|-weather|Sandstorm|[upkeep]\n|-damage|p2a: Ogerpon|73/100|[from] Sandstorm\n|upkeep\n|\n|t:|1695171128\n|switch|p1a: Lycanroc|Lycanroc, M|100/100\n|-damage|p1a: Lycanroc|88/100|[from] Stealth Rock\n|turn|10\n|\n|t:|1695171132\n|switch|p2a: SinistCHAD|Sinistcha-Masterpiece|100/100\n|move|p1a: Lycanroc|Stone Edge|p2a: SinistCHAD\n|-damage|p2a: SinistCHAD|46/100\n|\n|-weather|Sandstorm|[upkeep]\n|-damage|p2a: SinistCHAD|40/100|[from] Sandstorm\n|-heal|p2a: SinistCHAD|46/100|[from] item: Leftovers\n|upkeep\n|turn|11\n|\n|t:|1695171147\n|-terastallize|p2a: SinistCHAD|Steel\n|move|p1a: Lycanroc|Stone Edge|p2a: SinistCHAD\n|-resisted|p2a: SinistCHAD\n|-damage|p2a: SinistCHAD|20/100\n|move|p2a: SinistCHAD|Strength Sap|p1a: Lycanroc\n|-unboost|p1a: Lycanroc|atk|1\n|-heal|p2a: SinistCHAD|100/100\n|\n|-weather|Sandstorm|[upkeep]\n|upkeep\n|turn|12\n|\n|t:|1695171157\n|switch|p1a: Kingambit|Kingambit, F|100/100\n|-damage|p1a: Kingambit|94/100|[from] Stealth Rock\n|-activate|p1a: Kingambit|ability: Supreme Overlord\n|-start|p1a: Kingambit|fallen3|[silent]\n|move|p2a: SinistCHAD|Iron Defense|p2a: SinistCHAD\n|-boost|p2a: SinistCHAD|def|2\n|\n|-weather|Sandstorm|[upkeep]\n|-heal|p1a: Kingambit|100/100|[from] item: Leftovers\n|upkeep\n|turn|13\n|\n|t:|1695171166\n|move|p2a: SinistCHAD|Matcha Gotcha|p1a: Kingambit\n|-resisted|p1a: Kingambit\n|-damage|p1a: Kingambit|84/100\n|move|p1a: Kingambit|Swords Dance|p1a: Kingambit\n|-boost|p1a: Kingambit|atk|2\n|\n|-weather|none\n|-heal|p1a: Kingambit|90/100|[from] item: Leftovers\n|upkeep\n|turn|14\n|\n|t:|1695171173\n|move|p2a: SinistCHAD|Iron Defense|p2a: SinistCHAD\n|-boost|p2a: SinistCHAD|def|2\n|move|p1a: Kingambit|Kowtow Cleave|p2a: SinistCHAD\n|-damage|p2a: SinistCHAD|70/100\n|\n|-heal|p2a: SinistCHAD|76/100|[from] item: Leftovers\n|-heal|p1a: Kingambit|96/100|[from] item: Leftovers\n|upkeep\n|turn|15\n|\n|t:|1695171182\n|move|p2a: SinistCHAD|Iron Defense|p2a: SinistCHAD\n|-boost|p2a: SinistCHAD|def|2\n|move|p1a: Kingambit|Kowtow Cleave|p2a: SinistCHAD\n|-damage|p2a: SinistCHAD|52/100\n|\n|-heal|p2a: SinistCHAD|58/100|[from] item: Leftovers\n|-heal|p1a: Kingambit|100/100|[from] item: Leftovers\n|upkeep\n|turn|16\n|\n|t:|1695171189\n|move|p2a: SinistCHAD|Strength Sap|p1a: Kingambit\n|-unboost|p1a: Kingambit|atk|1\n|-heal|p2a: SinistCHAD|100/100\n|move|p1a: Kingambit|Kowtow Cleave|p2a: SinistCHAD\n|-damage|p2a: SinistCHAD|82/100\n|\n|-heal|p2a: SinistCHAD|88/100|[from] item: Leftovers\n|upkeep\n|turn|17\n|\n|t:|1695171198\n|move|p2a: SinistCHAD|Calm Mind|p2a: SinistCHAD\n|-boost|p2a: SinistCHAD|spa|1\n|-boost|p2a: SinistCHAD|spd|1\n|move|p1a: Kingambit|Swords Dance|p1a: Kingambit\n|-boost|p1a: Kingambit|atk|2\n|\n|-heal|p2a: SinistCHAD|94/100|[from] item: Leftovers\n|upkeep\n|turn|18\n|\n|t:|1695171206\n|move|p2a: SinistCHAD|Calm Mind|p2a: SinistCHAD\n|-boost|p2a: SinistCHAD|spa|1\n|-boost|p2a: SinistCHAD|spd|1\n|move|p1a: Kingambit|Kowtow Cleave|p2a: SinistCHAD\n|-damage|p2a: SinistCHAD|68/100\n|\n|-heal|p2a: SinistCHAD|74/100|[from] item: Leftovers\n|upkeep\n|turn|19\n|\n|t:|1695171214\n|move|p2a: SinistCHAD|Calm Mind|p2a: SinistCHAD\n|-boost|p2a: SinistCHAD|spa|1\n|-boost|p2a: SinistCHAD|spd|1\n|move|p1a: Kingambit|Kowtow Cleave|p2a: SinistCHAD\n|-damage|p2a: SinistCHAD|45/100\n|\n|-heal|p2a: SinistCHAD|51/100|[from] item: Leftovers\n|upkeep\n|turn|20\n|\n|t:|1695171223\n|move|p2a: SinistCHAD|Strength Sap|p1a: Kingambit\n|-unboost|p1a: Kingambit|atk|1\n|-heal|p2a: SinistCHAD|100/100\n|move|p1a: Kingambit|Kowtow Cleave|p2a: SinistCHAD\n|-damage|p2a: SinistCHAD|78/100\n|\n|-heal|p2a: SinistCHAD|84/100|[from] item: Leftovers\n|upkeep\n|turn|21\n|\n|t:|1695171231\n|move|p2a: SinistCHAD|Matcha Gotcha|p1a: Kingambit\n|-resisted|p1a: Kingambit\n|-damage|p1a: Kingambit|62/100\n|-heal|p2a: SinistCHAD|100/100|[from] drain|[of] p1a: Kingambit\n|move|p1a: Kingambit|Kowtow Cleave|p2a: SinistCHAD\n|-damage|p2a: SinistCHAD|77/100\n|\n|-heal|p2a: SinistCHAD|83/100|[from] item: Leftovers\n|-heal|p1a: Kingambit|68/100|[from] item: Leftovers\n|upkeep\n|turn|22\n|\n|t:|1695171240\n|move|p2a: SinistCHAD|Matcha Gotcha|p1a: Kingambit\n|-resisted|p1a: Kingambit\n|-damage|p1a: Kingambit|30/100\n|-heal|p2a: SinistCHAD|100/100|[from] drain|[of] p1a: Kingambit\n|-status|p1a: Kingambit|brn\n|move|p1a: Kingambit|Kowtow Cleave|p2a: SinistCHAD\n|-damage|p2a: SinistCHAD|90/100\n|\n|-heal|p2a: SinistCHAD|96/100|[from] item: Leftovers\n|-heal|p1a: Kingambit|36/100 brn|[from] item: Leftovers\n|-damage|p1a: Kingambit|30/100 brn|[from] brn\n|upkeep\n|turn|23\n|\n|t:|1695171252\n|move|p2a: SinistCHAD|Matcha Gotcha|p1a: Kingambit\n|-resisted|p1a: Kingambit\n|-damage|p1a: Kingambit|0 fnt\n|-heal|p2a: SinistCHAD|100/100|[from] drain|[of] p1a: Kingambit\n|faint|p1a: Kingambit\n|-end|p1a: Kingambit|fallen3|[silent]\n|\n|upkeep\n|\n|t:|1695171257\n|switch|p1a: Lycanroc|Lycanroc, M|88/100\n|-damage|p1a: Lycanroc|76/100|[from] Stealth Rock\n|turn|24\n|\n|t:|1695171262\n|move|p1a: Lycanroc|Close Combat|p2a: SinistCHAD\n|-supereffective|p2a: SinistCHAD\n|-damage|p2a: SinistCHAD|79/100\n|-unboost|p1a: Lycanroc|def|1\n|-unboost|p1a: Lycanroc|spd|1\n|move|p2a: SinistCHAD|Matcha Gotcha|p1a: Lycanroc\n|-supereffective|p1a: Lycanroc\n|-damage|p1a: Lycanroc|0 fnt\n|-heal|p2a: SinistCHAD|100/100|[from] drain|[of] p1a: Lycanroc\n|faint|p1a: Lycanroc\n|\n|upkeep\n|\n|t:|1695171264\n|switch|p1a: Ogerpon|Ogerpon-Cornerstone, F|100/100\n|-damage|p1a: Ogerpon|88/100|[from] Stealth Rock\n|turn|25\n|-message|Swimadam123 forfeited.\n|\n|win|LordArkanum\n|raw|Swimadam123's rating: 1494 &rarr; <strong>1473</strong><br />(-21 for losing)\n|raw|LordArkanum's rating: 1468 &rarr; <strong>1489</strong><br />(+21 for winning)\n|l|\u2606Swimadam123\n", "uploadtime": 1695171283, "views": 5, "p1id": "swimadam123", "p2id": "lordarkanum", "formatid": "gen9ou", "rating": 1473, "private": 0, "password": ""}