{"id": "gen9ou-1947525146", "p1": "awiueghfkb", "p2": "6x7le", "format": "gen9ou", "log": "|j|\u2606awiueghfkb\n|j|\u26066x7le\n|t:|1695169203\n|gametype|singles\n|player|p1|awiueghfkb|hooligans|1128\n|player|p2|6x7le|yellow|1185\n|teamsize|p1|6\n|teamsize|p2|6\n|gen|9\n|tier|[Gen 9] OU\n|rated|\n|rule|Sleep Clause Mod: Limit one foe put to sleep\n|rule|Species Clause: Limit one of each Pok\u00e9mon\n|rule|OHKO Clause: OHKO moves are banned\n|rule|Evasion Items Clause: Evasion items are banned\n|rule|Evasion Moves Clause: Evasion moves are banned\n|rule|Endless Battle Clause: Forcing endless battles is banned\n|rule|HP Percentage Mod: HP is shown in percentages\n|clearpoke\n|poke|p1|Ninetales-Alola, M|\n|poke|p1|Torterra, M|\n|poke|p1|Ogerpon-Hearthflame, F|\n|poke|p1|Scizor, M|\n|poke|p1|Dragapult, M|\n|poke|p1|Furret, F|\n|poke|p2|Ogerpon-Hearthflame, F|\n|poke|p2|Ursaluna-Bloodmoon, M|\n|poke|p2|Cinderace, F|\n|poke|p2|Slowking-Galar, F|\n|poke|p2|Moltres|\n|poke|p2|Fezandipiti, M|\n|teampreview\n|inactive|Battle timer is ON: inactive players will automatically lose when time's up. (requested by 6x7le)\n|\n|t:|1695169217\n|start\n|switch|p1a: troll mentality|Dragapult, M|100/100\n|switch|p2a: Fezandipiti|Fezandipiti, M, shiny|100/100\n|turn|1\n|\n|t:|1695169222\n|move|p2a: Fezandipiti|Beat Up|p1a: troll mentality\n|-supereffective|p1a: troll mentality\n|-damage|p1a: troll mentality|90/100\n|-status|p1a: troll mentality|tox|[from] ability: Toxic Chain|[of] p2a: Fezandipiti\n|-supereffective|p1a: troll mentality\n|-damage|p1a: troll mentality|80/100 tox\n|-supereffective|p1a: troll mentality\n|-damage|p1a: troll mentality|68/100 tox\n|-supereffective|p1a: troll mentality\n|-damage|p1a: troll mentality|60/100 tox\n|-supereffective|p1a: troll mentality\n|-damage|p1a: troll mentality|48/100 tox\n|-supereffective|p1a: troll mentality\n|-crit|p1a: troll mentality\n|-damage|p1a: troll mentality|29/100 tox\n|-hitcount|p1a: troll mentality|6\n|move|p1a: troll mentality|U-turn|p2a: Fezandipiti\n|-resisted|p2a: Fezandipiti\n|-damage|p2a: Fezandipiti|95/100\n|\n|t:|1695169229\n|switch|p1a: not virgin|Scizor, M|100/100|[from] U-turn\n|\n|upkeep\n|turn|2\n|\n|t:|1695169234\n|switch|p2a: Moltres|Moltres|100/100\n|move|p1a: not virgin|Bullet Punch|p2a: Moltres\n|-resisted|p2a: Moltres\n|-damage|p2a: Moltres|81/100\n|-status|p1a: not virgin|brn|[from] ability: Flame Body|[of] p2a: Moltres\n|\n|-damage|p1a: not virgin|94/100 brn|[from] brn\n|upkeep\n|turn|3\n|\n|t:|1695169238\n|switch|p1a: troll mentality|Dragapult, M|29/100 tox\n|move|p2a: Moltres|U-turn|p1a: troll mentality\n|-resisted|p1a: troll mentality\n|-damage|p1a: troll mentality|19/100 tox\n|\n|t:|1695169246\n|switch|p2a: Ursaluna|Ursaluna-Bloodmoon, M|100/100|[from] U-turn\n|\n|-damage|p1a: troll mentality|13/100 tox|[from] psn\n|upkeep\n|turn|4\n|\n|t:|1695169251\n|move|p2a: Ursaluna|Vacuum Wave|p1a: troll mentality\n|-damage|p1a: troll mentality|0 fnt\n|faint|p1a: troll mentality\n|-damage|p2a: Ursaluna|90/100|[from] item: Life Orb\n|\n|upkeep\n|\n|t:|1695169269\n|switch|p1a: winners pov|Ninetales-Alola, M|100/100\n|-weather|Snow|[from] ability: Snow Warning|[of] p1a: winners pov\n|turn|5\n|\n|t:|1695169277\n|switch|p2a: Slowking|Slowking-Galar, F|100/100\n|move|p1a: winners pov|Aurora Veil|p1a: winners pov\n|-sidestart|p1: awiueghfkb|move: Aurora Veil\n|\n|-weather|Snow|[upkeep]\n|upkeep\n|turn|6\n|\n|t:|1695169286\n|switch|p1a: GOAT|Ogerpon-Hearthflame, F|100/100\n|-ability|p1a: GOAT|Mold Breaker\n|move|p2a: Slowking|Sludge Bomb|p1a: GOAT\n|-supereffective|p1a: GOAT\n|-damage|p1a: GOAT|63/100\n|\n|-weather|Snow|[upkeep]\n|upkeep\n|turn|7\n|\n|t:|1695169290\n|-terastallize|p1a: GOAT|Fire\n|detailschange|p1a: GOAT|Ogerpon-Hearthflame-Tera, F, tera:Fire\n|-ability|p1a: GOAT|Embody Aspect (Hearthflame)|boost\n|-boost|p1a: GOAT|atk|1\n|move|p1a: GOAT|Ivy Cudgel|p2a: Slowking\n|-damage|p2a: Slowking|0 fnt\n|faint|p2a: Slowking\n|\n|-weather|Snow|[upkeep]\n|upkeep\n|\n|t:|1695169296\n|switch|p2a: Fezandipiti|Fezandipiti, M, shiny|95/100\n|turn|8\n|\n|t:|1695169299\n|move|p2a: Fezandipiti|Beat Up|p1a: GOAT\n|-damage|p1a: GOAT|60/100\n|-damage|p1a: GOAT|57/100\n|-damage|p1a: GOAT|54/100\n|-damage|p1a: GOAT|52/100\n|-damage|p1a: GOAT|49/100\n|-hitcount|p1a: GOAT|5\n|move|p1a: GOAT|Ivy Cudgel|p2a: Fezandipiti\n|-damage|p2a: Fezandipiti|0 fnt\n|faint|p2a: Fezandipiti\n|\n|-weather|Snow|[upkeep]\n|upkeep\n|\n|t:|1695169308\n|switch|p2a: Moltres|Moltres|81/100\n|turn|9\n|\n|t:|1695169314\n|move|p1a: GOAT|Ivy Cudgel|p2a: Moltres\n|-resisted|p2a: Moltres\n|-damage|p2a: Moltres|43/100\n|move|p2a: Moltres|Roost|p2a: Moltres\n|-heal|p2a: Moltres|93/100\n|-singleturn|p2a: Moltres|move: Roost\n|\n|-weather|none\n|upkeep\n|turn|10\n|\n|t:|1695169319\n|move|p1a: GOAT|Ivy Cudgel|p2a: Moltres\n|-resisted|p2a: Moltres\n|-damage|p2a: Moltres|55/100\n|move|p2a: Moltres|Flamethrower|p1a: GOAT\n|-resisted|p1a: GOAT\n|-damage|p1a: GOAT|37/100\n|\n|upkeep\n|turn|11\n|\n|t:|1695169323\n|move|p1a: GOAT|Ivy Cudgel|p2a: Moltres\n|-resisted|p2a: Moltres\n|-damage|p2a: Moltres|16/100\n|move|p2a: Moltres|Roost|p2a: Moltres\n|-heal|p2a: Moltres|66/100\n|-singleturn|p2a: Moltres|move: Roost\n|\n|upkeep\n|turn|12\n|\n|t:|1695169326\n|move|p1a: GOAT|Ivy Cudgel|p2a: Moltres\n|-resisted|p2a: Moltres\n|-crit|p2a: Moltres\n|-damage|p2a: Moltres|4/100\n|move|p2a: Moltres|U-turn|p1a: GOAT\n|-resisted|p1a: GOAT\n|-damage|p1a: GOAT|32/100\n|\n|t:|1695169329\n|switch|p2a: Ursaluna|Ursaluna-Bloodmoon, M|90/100|[from] U-turn\n|\n|-sideend|p1: awiueghfkb|move: Aurora Veil\n|upkeep\n|turn|13\n|\n|t:|1695169332\n|move|p2a: Ursaluna|Vacuum Wave|p1a: GOAT\n|-damage|p1a: GOAT|9/100\n|-damage|p2a: Ursaluna|80/100|[from] item: Life Orb\n|move|p1a: GOAT|Horn Leech|p2a: Ursaluna\n|-supereffective|p2a: Ursaluna\n|-damage|p2a: Ursaluna|0 fnt\n|-heal|p1a: GOAT|66/100|[from] drain|[of] p2a: Ursaluna\n|faint|p2a: Ursaluna\n|\n|upkeep\n|\n|t:|1695169339\n|switch|p2a: Ogerpon|Ogerpon-Hearthflame, F|100/100\n|-ability|p2a: Ogerpon|Mold Breaker\n|turn|14\n|\n|t:|1695169341\n|-terastallize|p2a: Ogerpon|Fire\n|detailschange|p2a: Ogerpon|Ogerpon-Hearthflame-Tera, F, tera:Fire\n|-ability|p2a: Ogerpon|Embody Aspect (Hearthflame)|boost\n|-boost|p2a: Ogerpon|atk|1\n|move|p1a: GOAT|Ivy Cudgel|p2a: Ogerpon\n|-resisted|p2a: Ogerpon\n|-damage|p2a: Ogerpon|23/100\n|move|p2a: Ogerpon|Trailblaze|p1a: GOAT\n|-resisted|p1a: GOAT\n|-damage|p1a: GOAT|39/100\n|-boost|p2a: Ogerpon|spe|1\n|\n|upkeep\n|turn|15\n|\n|t:|1695169349\n|move|p2a: Ogerpon|Ivy Cudgel|p1a: GOAT\n|-resisted|p1a: GOAT\n|-crit|p1a: GOAT\n|-damage|p1a: GOAT|0 fnt\n|faint|p1a: GOAT\n|\n|upkeep\n|\n|t:|1695169352\n|switch|p1a: not virgin|Scizor, M|94/100 brn\n|turn|16\n|\n|t:|1695169354\n|move|p1a: not virgin|Bullet Punch|p2a: Ogerpon\n|-resisted|p2a: Ogerpon\n|-damage|p2a: Ogerpon|7/100\n|move|p2a: Ogerpon|Ivy Cudgel|p1a: not virgin\n|-supereffective|p1a: not virgin\n|-damage|p1a: not virgin|0 fnt\n|faint|p1a: not virgin\n|\n|upkeep\n|\n|t:|1695169356\n|switch|p1a: WIN CON|Furret, F|100/100\n|-item|p2a: Ogerpon|Hearthflame Mask|[from] ability: Frisk|[of] p1a: WIN CON|[identify]\n|turn|17\n|\n|t:|1695169361\n|move|p1a: WIN CON|Quick Attack|p2a: Ogerpon\n|-damage|p2a: Ogerpon|0 fnt\n|faint|p2a: Ogerpon\n|\n|upkeep\n|\n|t:|1695169364\n|switch|p2a: Moltres|Moltres|4/100\n|turn|18\n|\n|t:|1695169366\n|switch|p2a: Cinderace|Cinderace, F|100/100\n|move|p1a: WIN CON|Quick Attack|p2a: Cinderace\n|-damage|p2a: Cinderace|78/100\n|\n|upkeep\n|turn|19\n|\n|t:|1695169374\n|move|p2a: Cinderace|Will-O-Wisp|p1a: WIN CON\n|-status|p1a: WIN CON|brn\n|move|p1a: WIN CON|Tidy Up|p1a: WIN CON\n|-boost|p1a: WIN CON|atk|1\n|-boost|p1a: WIN CON|spe|1\n|\n|-damage|p1a: WIN CON|94/100 brn|[from] brn\n|upkeep\n|turn|20\n|\n|t:|1695169378\n|move|p1a: WIN CON|Knock Off|p2a: Cinderace\n|-damage|p2a: Cinderace|51/100\n|-enditem|p2a: Cinderace|Heavy-Duty Boots|[from] move: Knock Off|[of] p1a: WIN CON\n|move|p2a: Cinderace|Pyro Ball|p1a: WIN CON\n|-damage|p1a: WIN CON|1/100 brn\n|\n|-damage|p1a: WIN CON|0 fnt|[from] brn\n|faint|p1a: WIN CON\n|upkeep\n|\n|t:|1695169386\n|switch|p1a: tor on my terra|Torterra, M|100/100\n|turn|21\n|\n|t:|1695169389\n|move|p2a: Cinderace|Pyro Ball|p1a: tor on my terra\n|-supereffective|p1a: tor on my terra\n|-damage|p1a: tor on my terra|0 fnt\n|faint|p1a: tor on my terra\n|\n|upkeep\n|\n|t:|1695169392\n|switch|p1a: winners pov|Ninetales-Alola, M|100/100\n|-weather|Snow|[from] ability: Snow Warning|[of] p1a: winners pov\n|turn|22\n|\n|t:|1695169396\n|move|p2a: Cinderace|Pyro Ball|p1a: winners pov\n|-supereffective|p1a: winners pov\n|-damage|p1a: winners pov|0 fnt\n|faint|p1a: winners pov\n|\n|win|6x7le\n|raw|awiueghfkb's rating: 1128 &rarr; <strong>1107</strong><br />(-21 for losing)\n|raw|6x7le's rating: 1185 &rarr; <strong>1206</strong><br />(+21 for winning)\n|c|\u26066x7le|gg\n|l|\u2606awiueghfkb\n", "uploadtime": 1695169406, "views": 2, "p1id": "awiueghfkb", "p2id": "6x7le", "formatid": "gen9ou", "rating": 1107, "private": 0, "password": ""}