{"id": "gen9ou-1947495202", "p1": "Monkey Esport", "p2": "Markonwindows", "format": "gen9ou", "log": "|j|\u2606Monkey Esport\n|j|\u2606Markonwindows\n|t:|1695166233\n|gametype|singles\n|player|p1|Monkey Esport|swimmerf-gen4|1417\n|player|p2|Markonwindows|266|1519\n|teamsize|p1|6\n|teamsize|p2|6\n|gen|9\n|tier|[Gen 9] OU\n|rated|\n|rule|Sleep Clause Mod: Limit one foe put to sleep\n|rule|Species Clause: Limit one of each Pok\u00e9mon\n|rule|OHKO Clause: OHKO moves are banned\n|rule|Evasion Items Clause: Evasion items are banned\n|rule|Evasion Moves Clause: Evasion moves are banned\n|rule|Endless Battle Clause: Forcing endless battles is banned\n|rule|HP Percentage Mod: HP is shown in percentages\n|clearpoke\n|poke|p1|Pelipper, F|\n|poke|p1|Zapdos|\n|poke|p1|Basculegion, M|\n|poke|p1|Manaphy|\n|poke|p1|Iron Treads|\n|poke|p1|Kingambit, M|\n|poke|p2|Munkidori, M|\n|poke|p2|Ogerpon-Hearthflame, F|\n|poke|p2|Weavile, M|\n|poke|p2|Great Tusk|\n|poke|p2|Iron Valiant|\n|poke|p2|Garganacl, M|\n|teampreview\n|\n|t:|1695166254\n|start\n|switch|p1a: Pelipper|Pelipper, F|100/100\n|switch|p2a: Munkidori|Munkidori, M|100/100\n|-weather|RainDance|[from] ability: Drizzle|[of] p1a: Pelipper\n|turn|1\n|inactive|Battle timer is ON: inactive players will automatically lose when time's up. (requested by Markonwindows)\n|inactive|Monkey Esport has 120 seconds left.\n|\n|t:|1695166304\n|switch|p1a: Kingambit|Kingambit, M|100/100\n|move|p2a: Munkidori|Sludge Bomb|p1a: Kingambit\n|-immune|p1a: Kingambit\n|\n|-weather|RainDance|[upkeep]\n|upkeep\n|turn|2\n|\n|t:|1695166308\n|switch|p2a: Great Tusk|Great Tusk|100/100\n|-end|p1a: Kingambit|fallenundefined|[silent]\n|switch|p1a: Basculegion|Basculegion, M|100/100\n|\n|-weather|RainDance|[upkeep]\n|upkeep\n|turn|3\n|\n|t:|1695166328\n|-end|p2a: Great Tusk|Protosynthesis|[silent]\n|switch|p2a: Weavile|Weavile, M|100/100\n|-ability|p2a: Weavile|Pressure\n|move|p1a: Basculegion|Wave Crash|p2a: Weavile\n|-damage|p2a: Weavile|0 fnt\n|faint|p2a: Weavile\n|-damage|p1a: Basculegion|76/100|[from] Recoil\n|\n|-weather|RainDance|[upkeep]\n|upkeep\n|\n|t:|1695166330\n|switch|p2a: Garganacl|Garganacl, M|100/100\n|turn|4\n|\n|t:|1695166333\n|-terastallize|p2a: Garganacl|Water\n|move|p1a: Basculegion|Wave Crash|p2a: Garganacl\n|-resisted|p2a: Garganacl\n|-damage|p2a: Garganacl|54/100\n|-damage|p1a: Basculegion|60/100|[from] Recoil\n|move|p2a: Garganacl|Salt Cure|p1a: Basculegion\n|-damage|p1a: Basculegion|43/100\n|-start|p1a: Basculegion|Salt Cure\n|\n|-weather|RainDance|[upkeep]\n|-heal|p2a: Garganacl|60/100|[from] item: Leftovers\n|-damage|p1a: Basculegion|18/100|[from] Salt Cure\n|upkeep\n|turn|5\n|\n|t:|1695166344\n|switch|p1a: Iron Treads|Iron Treads|100/100\n|-enditem|p1a: Iron Treads|Booster Energy\n|-activate|p1a: Iron Treads|ability: Quark Drive|[fromitem]\n|-start|p1a: Iron Treads|quarkdrivespe\n|move|p2a: Garganacl|Recover|p2a: Garganacl\n|-heal|p2a: Garganacl|100/100\n|\n|-weather|RainDance|[upkeep]\n|upkeep\n|turn|6\n|\n|t:|1695166349\n|move|p1a: Iron Treads|Stealth Rock|p2a: Garganacl\n|-sidestart|p2: Markonwindows|move: Stealth Rock\n|move|p2a: Garganacl|Salt Cure|p1a: Iron Treads\n|-resisted|p1a: Iron Treads\n|-damage|p1a: Iron Treads|98/100\n|-start|p1a: Iron Treads|Salt Cure\n|\n|-weather|RainDance|[upkeep]\n|-damage|p1a: Iron Treads|73/100|[from] Salt Cure\n|upkeep\n|turn|7\n|\n|t:|1695166352\n|move|p1a: Iron Treads|Earthquake|p2a: Garganacl\n|-damage|p2a: Garganacl|70/100\n|move|p2a: Garganacl|Salt Cure|p1a: Iron Treads\n|-resisted|p1a: Iron Treads\n|-damage|p1a: Iron Treads|69/100\n|\n|-weather|RainDance|[upkeep]\n|-heal|p2a: Garganacl|76/100|[from] item: Leftovers\n|-damage|p1a: Iron Treads|44/100|[from] Salt Cure\n|upkeep\n|turn|8\n|\n|t:|1695166355\n|-end|p1a: Iron Treads|Quark Drive|[silent]\n|switch|p1a: Zapdos|Zapdos|100/100\n|move|p2a: Garganacl|Recover|p2a: Garganacl\n|-heal|p2a: Garganacl|100/100\n|\n|-weather|none\n|upkeep\n|turn|9\n|\n|t:|1695166361\n|move|p1a: Zapdos|Thunder|p2a: Garganacl\n|-supereffective|p2a: Garganacl\n|-damage|p2a: Garganacl|32/100\n|move|p2a: Garganacl|Recover|p2a: Garganacl\n|-heal|p2a: Garganacl|82/100\n|\n|-heal|p2a: Garganacl|88/100|[from] item: Leftovers\n|upkeep\n|turn|10\n|\n|t:|1695166368\n|move|p1a: Zapdos|Hurricane|p2a: Garganacl\n|-damage|p2a: Garganacl|53/100\n|move|p2a: Garganacl|Recover|p2a: Garganacl\n|-heal|p2a: Garganacl|100/100\n|\n|upkeep\n|turn|11\n|\n|t:|1695166372\n|switch|p1a: Pelipper|Pelipper, F|100/100\n|-weather|RainDance|[from] ability: Drizzle|[of] p1a: Pelipper\n|move|p2a: Garganacl|Salt Cure|p1a: Pelipper\n|-supereffective|p1a: Pelipper\n|-damage|p1a: Pelipper|73/100\n|-start|p1a: Pelipper|Salt Cure\n|\n|-weather|RainDance|[upkeep]\n|-damage|p1a: Pelipper|48/100|[from] Salt Cure\n|upkeep\n|turn|12\n|\n|t:|1695166376\n|move|p1a: Pelipper|Roost|p1a: Pelipper\n|-heal|p1a: Pelipper|98/100\n|-singleturn|p1a: Pelipper|move: Roost\n|move|p2a: Garganacl|Curse|p2a: Garganacl\n|-unboost|p2a: Garganacl|spe|1\n|-boost|p2a: Garganacl|atk|1\n|-boost|p2a: Garganacl|def|1\n|\n|-weather|RainDance|[upkeep]\n|-damage|p1a: Pelipper|73/100|[from] Salt Cure\n|upkeep\n|turn|13\n|\n|t:|1695166379\n|move|p1a: Pelipper|U-turn|p2a: Garganacl\n|-damage|p2a: Garganacl|96/100\n|\n|t:|1695166382\n|switch|p1a: Zapdos|Zapdos|100/100|[from] U-turn\n|move|p2a: Garganacl|Salt Cure|p1a: Zapdos\n|-supereffective|p1a: Zapdos\n|-damage|p1a: Zapdos|50/100\n|-start|p1a: Zapdos|Salt Cure\n|\n|-weather|RainDance|[upkeep]\n|-heal|p2a: Garganacl|100/100|[from] item: Leftovers\n|-damage|p1a: Zapdos|38/100|[from] Salt Cure\n|upkeep\n|turn|14\n|\n|t:|1695166396\n|switch|p2a: Ogerpon|Ogerpon-Hearthflame, F|100/100\n|-damage|p2a: Ogerpon|76/100|[from] Stealth Rock\n|-ability|p2a: Ogerpon|Mold Breaker\n|move|p1a: Zapdos|Thunder|p2a: Ogerpon\n|-resisted|p2a: Ogerpon\n|-damage|p2a: Ogerpon|44/100\n|\n|-weather|RainDance|[upkeep]\n|-damage|p1a: Zapdos|25/100|[from] Salt Cure\n|upkeep\n|turn|15\n|\n|t:|1695166409\n|switch|p1a: Iron Treads|Iron Treads|44/100\n|move|p2a: Ogerpon|Ivy Cudgel|p1a: Iron Treads\n|-supereffective|p1a: Iron Treads\n|-damage|p1a: Iron Treads|0 fnt\n|faint|p1a: Iron Treads\n|-end|p1a: Iron Treads|Quark Drive|[silent]\n|\n|-weather|RainDance|[upkeep]\n|upkeep\n|\n|t:|1695166416\n|switch|p1a: Basculegion|Basculegion, M|18/100\n|turn|16\n|\n|t:|1695166434\n|switch|p2a: Great Tusk|Great Tusk|100/100\n|-damage|p2a: Great Tusk|97/100|[from] Stealth Rock\n|move|p1a: Basculegion|Psychic Fangs|p2a: Great Tusk\n|-supereffective|p2a: Great Tusk\n|-damage|p2a: Great Tusk|59/100\n|\n|-weather|RainDance|[upkeep]\n|-heal|p2a: Great Tusk|65/100|[from] item: Leftovers\n|upkeep\n|turn|17\n|\n|t:|1695166447\n|move|p1a: Basculegion|Psychic Fangs|p2a: Great Tusk\n|-supereffective|p2a: Great Tusk\n|-damage|p2a: Great Tusk|21/100\n|move|p2a: Great Tusk|Stealth Rock|p1a: Basculegion\n|-sidestart|p1: Monkey Esport|move: Stealth Rock\n|\n|-weather|RainDance|[upkeep]\n|-heal|p2a: Great Tusk|27/100|[from] item: Leftovers\n|upkeep\n|turn|18\n|\n|t:|1695166451\n|move|p1a: Basculegion|Psychic Fangs|p2a: Great Tusk\n|-supereffective|p2a: Great Tusk\n|-damage|p2a: Great Tusk|0 fnt\n|faint|p2a: Great Tusk\n|-end|p2a: Great Tusk|Protosynthesis|[silent]\n|\n|-weather|none\n|upkeep\n|\n|t:|1695166463\n|switch|p2a: Iron Valiant|Iron Valiant|100/100\n|-damage|p2a: Iron Valiant|94/100|[from] Stealth Rock\n|-enditem|p2a: Iron Valiant|Booster Energy\n|-activate|p2a: Iron Valiant|ability: Quark Drive|[fromitem]\n|-start|p2a: Iron Valiant|quarkdrivespe\n|turn|19\n|\n|t:|1695166471\n|move|p2a: Iron Valiant|Moonblast|p1a: Basculegion\n|-damage|p1a: Basculegion|0 fnt\n|faint|p1a: Basculegion\n|\n|upkeep\n|\n|t:|1695166475\n|switch|p1a: Pelipper|Pelipper, F|73/100\n|-damage|p1a: Pelipper|48/100|[from] Stealth Rock\n|-weather|RainDance|[from] ability: Drizzle|[of] p1a: Pelipper\n|turn|20\n|\n|t:|1695166479\n|move|p2a: Iron Valiant|Thunderbolt|p1a: Pelipper\n|-supereffective|p1a: Pelipper\n|-damage|p1a: Pelipper|0 fnt\n|faint|p1a: Pelipper\n|\n|-weather|RainDance|[upkeep]\n|upkeep\n|\n|t:|1695166484\n|switch|p1a: Manaphy|Manaphy|100/100\n|-damage|p1a: Manaphy|88/100|[from] Stealth Rock\n|turn|21\n|\n|t:|1695166487\n|-terastallize|p1a: Manaphy|Electric\n|move|p2a: Iron Valiant|Thunderbolt|p1a: Manaphy\n|-resisted|p1a: Manaphy\n|-damage|p1a: Manaphy|75/100\n|move|p1a: Manaphy|Tail Glow|p1a: Manaphy\n|-boost|p1a: Manaphy|spa|3\n|\n|-weather|RainDance|[upkeep]\n|-heal|p1a: Manaphy|82/100|[from] item: Leftovers\n|upkeep\n|turn|22\n|\n|t:|1695166495\n|move|p2a: Iron Valiant|Moonblast|p1a: Manaphy\n|-damage|p1a: Manaphy|45/100\n|move|p1a: Manaphy|Rest|p1a: Manaphy\n|-status|p1a: Manaphy|slp|[from] move: Rest\n|-heal|p1a: Manaphy|100/100 slp|[silent]\n|\n|-weather|RainDance|[upkeep]\n|-activate|p1a: Manaphy|ability: Hydration\n|-curestatus|p1a: Manaphy|slp|[msg]\n|upkeep\n|turn|23\n|\n|t:|1695166509\n|move|p2a: Iron Valiant|Moonblast|p1a: Manaphy\n|-damage|p1a: Manaphy|59/100\n|move|p1a: Manaphy|Scald|p2a: Iron Valiant\n|-damage|p2a: Iron Valiant|0 fnt\n|faint|p2a: Iron Valiant\n|-end|p2a: Iron Valiant|Quark Drive|[silent]\n|\n|-weather|RainDance|[upkeep]\n|-heal|p1a: Manaphy|65/100|[from] item: Leftovers\n|upkeep\n|\n|t:|1695166513\n|switch|p2a: Ogerpon|Ogerpon-Hearthflame, F|44/100\n|-damage|p2a: Ogerpon|19/100|[from] Stealth Rock\n|-ability|p2a: Ogerpon|Mold Breaker\n|turn|24\n|\n|t:|1695166519\n|move|p2a: Ogerpon|Power Whip|p1a: Manaphy\n|-damage|p1a: Manaphy|6/100\n|move|p1a: Manaphy|Tail Glow|p1a: Manaphy\n|-boost|p1a: Manaphy|spa|3\n|\n|-weather|RainDance|[upkeep]\n|-heal|p1a: Manaphy|12/100|[from] item: Leftovers\n|upkeep\n|turn|25\n|\n|t:|1695166527\n|move|p2a: Ogerpon|Ivy Cudgel|p1a: Manaphy\n|-damage|p1a: Manaphy|0 fnt\n|faint|p1a: Manaphy\n|\n|-weather|RainDance|[upkeep]\n|upkeep\n|\n|t:|1695166530\n|switch|p1a: Kingambit|Kingambit, M|100/100\n|-damage|p1a: Kingambit|94/100|[from] Stealth Rock\n|-activate|p1a: Kingambit|ability: Supreme Overlord\n|-start|p1a: Kingambit|fallen4|[silent]\n|turn|26\n|\n|t:|1695166532\n|move|p1a: Kingambit|Sucker Punch||[still]\n|-fail|p1a: Kingambit\n|move|p2a: Ogerpon|Swords Dance|p2a: Ogerpon\n|-boost|p2a: Ogerpon|atk|2\n|\n|-weather|RainDance|[upkeep]\n|-heal|p1a: Kingambit|100/100|[from] item: Leftovers\n|upkeep\n|turn|27\n|\n|t:|1695166535\n|move|p2a: Ogerpon|Ivy Cudgel|p1a: Kingambit\n|-supereffective|p1a: Kingambit\n|-damage|p1a: Kingambit|22/100\n|move|p1a: Kingambit|Kowtow Cleave|p2a: Ogerpon\n|-damage|p2a: Ogerpon|0 fnt\n|faint|p2a: Ogerpon\n|\n|-weather|none\n|-heal|p1a: Kingambit|28/100|[from] item: Leftovers\n|upkeep\n|\n|t:|1695166541\n|switch|p2a: Garganacl|Garganacl, M, tera:Water|100/100\n|-damage|p2a: Garganacl|88/100|[from] Stealth Rock\n|turn|28\n|\n|t:|1695166545\n|move|p1a: Kingambit|Kowtow Cleave|p2a: Garganacl\n|-damage|p2a: Garganacl|43/100\n|move|p2a: Garganacl|Salt Cure|p1a: Kingambit\n|-resisted|p1a: Kingambit\n|-damage|p1a: Kingambit|23/100\n|-start|p1a: Kingambit|Salt Cure\n|\n|-heal|p1a: Kingambit|29/100|[from] item: Leftovers\n|-heal|p2a: Garganacl|50/100|[from] item: Leftovers\n|-damage|p1a: Kingambit|4/100|[from] Salt Cure\n|upkeep\n|turn|29\n|\n|t:|1695166548\n|move|p1a: Kingambit|Kowtow Cleave|p2a: Garganacl\n|-damage|p2a: Garganacl|5/100\n|move|p2a: Garganacl|Recover|p2a: Garganacl\n|-heal|p2a: Garganacl|55/100\n|\n|-heal|p1a: Kingambit|10/100|[from] item: Leftovers\n|-heal|p2a: Garganacl|61/100|[from] item: Leftovers\n|-damage|p1a: Kingambit|0 fnt|[from] Salt Cure\n|faint|p1a: Kingambit\n|-end|p1a: Kingambit|fallen4|[silent]\n|upkeep\n|\n|t:|1695166551\n|switch|p1a: Zapdos|Zapdos|25/100\n|turn|30\n|\n|t:|1695166553\n|move|p1a: Zapdos|Thunder|p2a: Garganacl|[miss]\n|-miss|p1a: Zapdos|p2a: Garganacl\n|move|p2a: Garganacl|Salt Cure|p1a: Zapdos\n|-supereffective|p1a: Zapdos\n|-damage|p1a: Zapdos|0 fnt\n|faint|p1a: Zapdos\n|\n|win|Markonwindows\n|raw|Monkey Esport's rating: 1417 &rarr; <strong>1403</strong><br />(-14 for losing)\n|raw|Markonwindows's rating: 1519 &rarr; <strong>1533</strong><br />(+14 for winning)\n|c|\u2606Monkey Esport|gg\n|c|\u2606Markonwindows|Gg\n|l|\u2606Monkey Esport\n", "uploadtime": 1695166562, "views": 3, "p1id": "monkeyesport", "p2id": "markonwindows", "formatid": "gen9ou", "rating": 1403, "private": 0, "password": ""}