{"id": "gen9ou-1947530641", "p1": "OUTM Too Hard", "p2": "lanbo's heart", "format": "gen9ou", "log": "|j|\u2606OUTM Too Hard\n|j|\u2606lanbo's heart\n|t:|1695169743\n|gametype|singles\n|player|p1|OUTM Too Hard|266|1384\n|player|p2|lanbo's heart|lass-gen4dp|1299\n|teamsize|p1|6\n|teamsize|p2|6\n|gen|9\n|tier|[Gen 9] OU\n|rated|\n|rule|Sleep Clause Mod: Limit one foe put to sleep\n|rule|Species Clause: Limit one of each Pok\u00e9mon\n|rule|OHKO Clause: OHKO moves are banned\n|rule|Evasion Items Clause: Evasion items are banned\n|rule|Evasion Moves Clause: Evasion moves are banned\n|rule|Endless Battle Clause: Forcing endless battles is banned\n|rule|HP Percentage Mod: HP is shown in percentages\n|clearpoke\n|poke|p1|Infernape, M|\n|poke|p1|Greninja-*, M|\n|poke|p1|Gholdengo|\n|poke|p1|Great Tusk|\n|poke|p1|Dragonite, F|\n|poke|p1|Scizor, M|\n|poke|p2|Kingambit, F|\n|poke|p2|Roaring Moon|\n|poke|p2|Gholdengo|\n|poke|p2|Glimmora, F|\n|poke|p2|Iron Moth|\n|poke|p2|Great Tusk|\n|teampreview\n|inactive|Battle timer is ON: inactive players will automatically lose when time's up. (requested by lanbo's heart)\n|\n|t:|1695169754\n|start\n|switch|p1a: Great Tusk|Great Tusk|100/100\n|switch|p2a: uhhh|Glimmora, F, shiny|100/100\n|turn|1\n|\n|t:|1695169772\n|move|p2a: uhhh|Mortal Spin|p1a: Great Tusk\n|-resisted|p1a: Great Tusk\n|-damage|p1a: Great Tusk|98/100\n|-status|p1a: Great Tusk|psn\n|move|p1a: Great Tusk|Earthquake|p2a: uhhh\n|-supereffective|p2a: uhhh\n|-enditem|p2a: uhhh|Focus Sash\n|-damage|p2a: uhhh|1/100\n|-activate|p2a: uhhh|ability: Toxic Debris\n|-sidestart|p1: OUTM Too Hard|move: Toxic Spikes\n|\n|-damage|p1a: Great Tusk|86/100 psn|[from] psn\n|upkeep\n|turn|2\n|\n|t:|1695169776\n|move|p2a: uhhh|Stealth Rock|p1a: Great Tusk\n|-sidestart|p1: OUTM Too Hard|move: Stealth Rock\n|move|p1a: Great Tusk|Rapid Spin|p2a: uhhh\n|-resisted|p2a: uhhh\n|-damage|p2a: uhhh|0 fnt\n|-boost|p1a: Great Tusk|spe|1\n|-activate|p2a: uhhh|ability: Toxic Debris\n|-sidestart|p1: OUTM Too Hard|move: Toxic Spikes\n|-sideend|p1: OUTM Too Hard|Toxic Spikes|[from] move: Rapid Spin|[of] p1a: Great Tusk\n|-sideend|p1: OUTM Too Hard|Stealth Rock|[from] move: Rapid Spin|[of] p1a: Great Tusk\n|faint|p2a: uhhh\n|\n|-damage|p1a: Great Tusk|73/100 psn|[from] psn\n|upkeep\n|\n|t:|1695169792\n|switch|p2a: when qd|Iron Moth, shiny|100/100\n|-enditem|p2a: when qd|Booster Energy\n|-activate|p2a: when qd|ability: Quark Drive|[fromitem]\n|-start|p2a: when qd|quarkdrivespe\n|turn|3\n|\n|t:|1695169800\n|move|p2a: when qd|Fiery Dance|p1a: Great Tusk\n|-damage|p1a: Great Tusk|33/100 psn\n|-boost|p2a: when qd|spa|1\n|move|p1a: Great Tusk|Earthquake|p2a: when qd\n|-supereffective|p2a: when qd\n|-damage|p2a: when qd|0 fnt\n|faint|p2a: when qd\n|-end|p2a: when qd|Quark Drive|[silent]\n|\n|-damage|p1a: Great Tusk|21/100 psn|[from] psn\n|upkeep\n|\n|t:|1695169814\n|switch|p2a: No.|Great Tusk|100/100\n|turn|4\n|\n|t:|1695169819\n|move|p1a: Great Tusk|Ice Spinner|p2a: No.\n|-supereffective|p2a: No.\n|-damage|p2a: No.|69/100\n|move|p2a: No.|Earthquake|p1a: Great Tusk\n|-damage|p1a: Great Tusk|0 fnt\n|faint|p1a: Great Tusk\n|-end|p1a: Great Tusk|Protosynthesis|[silent]\n|\n|-heal|p2a: No.|75/100|[from] item: Leftovers\n|upkeep\n|\n|t:|1695169831\n|switch|p1a: Greninja|Greninja, M|100/100\n|turn|5\n|\n|t:|1695169846\n|-terastallize|p2a: No.|Water\n|move|p1a: Greninja|Surf|p2a: No.\n|-resisted|p2a: No.\n|-damage|p2a: No.|36/100\n|move|p2a: No.|Body Press|p1a: Greninja\n|-supereffective|p1a: Greninja\n|-damage|p1a: Greninja|0 fnt\n|faint|p1a: Greninja\n|\n|-heal|p2a: No.|42/100|[from] item: Leftovers\n|upkeep\n|\n|t:|1695169859\n|switch|p1a: Infernape|Infernape, M|100/100\n|turn|6\n|\n|t:|1695169867\n|move|p1a: Infernape|Close Combat|p2a: No.\n|-damage|p2a: No.|0 fnt\n|-unboost|p1a: Infernape|def|1\n|-unboost|p1a: Infernape|spd|1\n|faint|p2a: No.\n|-end|p2a: No.|Protosynthesis|[silent]\n|\n|upkeep\n|\n|t:|1695169872\n|switch|p2a: Spectacle|Roaring Moon, shiny|100/100\n|turn|7\n|\n|t:|1695169877\n|move|p2a: Spectacle|Earthquake|p1a: Infernape\n|-supereffective|p1a: Infernape\n|-damage|p1a: Infernape|0 fnt\n|faint|p1a: Infernape\n|\n|upkeep\n|\n|t:|1695169894\n|switch|p1a: Scizor|Scizor, M|100/100\n|turn|8\n|\n|t:|1695169908\n|-end|p2a: Spectacle|Protosynthesis|[silent]\n|switch|p2a: idk|Gholdengo, shiny|100/100\n|-item|p2a: idk|Air Balloon\n|move|p1a: Scizor|Close Combat|p2a: idk\n|-immune|p2a: idk\n|\n|upkeep\n|turn|9\n|\n|t:|1695169914\n|move|p2a: idk|Shadow Ball|p1a: Scizor\n|-damage|p1a: Scizor|49/100\n|move|p1a: Scizor|Swords Dance|p1a: Scizor\n|-boost|p1a: Scizor|atk|2\n|\n|upkeep\n|turn|10\n|\n|t:|1695169920\n|move|p1a: Scizor|Bullet Punch|p2a: idk\n|-resisted|p2a: idk\n|-damage|p2a: idk|61/100\n|-enditem|p2a: idk|Air Balloon\n|move|p2a: idk|Shadow Ball|p1a: Scizor\n|-damage|p1a: Scizor|0 fnt\n|faint|p1a: Scizor\n|\n|upkeep\n|\n|t:|1695169946\n|switch|p1a: Gholdengo|Gholdengo|100/100\n|turn|11\n|\n|t:|1695169950\n|move|p2a: idk|Shadow Ball|p1a: Gholdengo\n|-supereffective|p1a: Gholdengo\n|-damage|p1a: Gholdengo|7/100\n|move|p1a: Gholdengo|Trick|p2a: idk\n|-immune|p2a: idk|[from] ability: Good as Gold\n|\n|upkeep\n|turn|12\n|\n|t:|1695169956\n|move|p2a: idk|Shadow Ball|p1a: Gholdengo\n|-supereffective|p1a: Gholdengo\n|-damage|p1a: Gholdengo|0 fnt\n|faint|p1a: Gholdengo\n|\n|upkeep\n|\n|t:|1695169959\n|switch|p1a: Dragonite|Dragonite, F|100/100\n|turn|13\n|\n|t:|1695169963\n|move|p2a: idk|Shadow Ball|p1a: Dragonite\n|-damage|p1a: Dragonite|80/100\n|move|p1a: Dragonite|Dragon Dance|p1a: Dragonite\n|-boost|p1a: Dragonite|atk|1\n|-boost|p1a: Dragonite|spe|1\n|\n|-heal|p1a: Dragonite|86/100|[from] item: Leftovers\n|upkeep\n|turn|14\n|\n|t:|1695169987\n|move|p1a: Dragonite|Fire Punch|p2a: idk\n|-supereffective|p2a: idk\n|-damage|p2a: idk|0 fnt\n|faint|p2a: idk\n|\n|-heal|p1a: Dragonite|92/100|[from] item: Leftovers\n|upkeep\n|\n|t:|1695169995\n|switch|p2a: Spectacle|Roaring Moon, shiny|100/100\n|turn|15\n|inactive|OUTM Too Hard has 120 seconds left.\n|\n|t:|1695170035\n|-terastallize|p1a: Dragonite|Fire\n|move|p1a: Dragonite|Dragon Claw|p2a: Spectacle\n|-supereffective|p2a: Spectacle\n|-damage|p2a: Spectacle|0 fnt\n|faint|p2a: Spectacle\n|-end|p2a: Spectacle|Protosynthesis|[silent]\n|\n|-heal|p1a: Dragonite|98/100|[from] item: Leftovers\n|upkeep\n|\n|t:|1695170042\n|switch|p2a: hate rng aaaa|Kingambit, F, shiny|100/100\n|-activate|p2a: hate rng aaaa|ability: Supreme Overlord\n|-start|p2a: hate rng aaaa|fallen5|[silent]\n|turn|16\n|inactive|OUTM Too Hard has 120 seconds left.\n|\n|t:|1695170051\n|move|p2a: hate rng aaaa|Sucker Punch|p1a: Dragonite\n|-crit|p1a: Dragonite\n|-damage|p1a: Dragonite|0 fnt\n|faint|p1a: Dragonite\n|\n|win|lanbo's heart\n|raw|OUTM Too Hard's rating: 1384 &rarr; <strong>1359</strong><br />(-25 for losing)\n|raw|lanbo&apos;s heart's rating: 1299 &rarr; <strong>1330</strong><br />(+31 for winning)\n", "uploadtime": 1695170058, "views": 1, "p1id": "outmtoohard", "p2id": "lanbosheart", "formatid": "gen9ou", "rating": 1330, "private": 0, "password": ""}