{"id": "gen9ou-1947562418", "p1": "Ninjabsol", "p2": "c00lguy14", "format": "gen9ou", "log": "|j|\u2606Ninjabsol\n|j|\u2606c00lguy14\n|t:|1695172820\n|gametype|singles\n|player|p1|Ninjabsol|102|1298\n|player|p2|c00lguy14|blackbelt-gen4dp|1287\n|teamsize|p1|6\n|teamsize|p2|6\n|gen|9\n|tier|[Gen 9] OU\n|rated|\n|rule|Sleep Clause Mod: Limit one foe put to sleep\n|rule|Species Clause: Limit one of each Pok\u00e9mon\n|rule|OHKO Clause: OHKO moves are banned\n|rule|Evasion Items Clause: Evasion items are banned\n|rule|Evasion Moves Clause: Evasion moves are banned\n|rule|Endless Battle Clause: Forcing endless battles is banned\n|rule|HP Percentage Mod: HP is shown in percentages\n|clearpoke\n|poke|p1|Polteageist|\n|poke|p1|Hatterene, F|\n|poke|p1|Ditto|\n|poke|p1|Snorlax, F|\n|poke|p1|Mandibuzz, F|\n|poke|p1|Chesnaught, M|\n|poke|p2|Garganacl, M|\n|poke|p2|Dondozo, M|\n|poke|p2|Kingambit, M|\n|poke|p2|Cresselia, F|\n|poke|p2|Corviknight, M|\n|poke|p2|Ursaluna-Bloodmoon, M|\n|teampreview\n|\n|t:|1695172823\n|start\n|switch|p1a: Polteageist|Polteageist, shiny|100/100\n|switch|p2a: Garganacl|Garganacl, M|100/100\n|turn|1\n|inactive|Battle timer is ON: inactive players will automatically lose when time's up. (requested by Ninjabsol)\n|\n|t:|1695172829\n|move|p1a: Polteageist|Shell Smash|p1a: Polteageist\n|-unboost|p1a: Polteageist|def|1\n|-unboost|p1a: Polteageist|spd|1\n|-boost|p1a: Polteageist|atk|2\n|-boost|p1a: Polteageist|spa|2\n|-boost|p1a: Polteageist|spe|2\n|move|p2a: Garganacl|Salt Cure|p1a: Polteageist\n|-damage|p1a: Polteageist|60/100\n|-start|p1a: Polteageist|Salt Cure\n|-ability|p1a: Polteageist|Weak Armor|boost\n|-unboost|p1a: Polteageist|def|1\n|-boost|p1a: Polteageist|spe|2\n|\n|-damage|p1a: Polteageist|48/100|[from] Salt Cure\n|upkeep\n|turn|2\n|\n|t:|1695172841\n|switch|p2a: Dondozo|Dondozo, M|100/100\n|-terastallize|p1a: Polteageist|Fighting\n|move|p1a: Polteageist|Tera Blast|p2a: Dondozo\n|-damage|p2a: Dondozo|57/100\n|\n|-heal|p2a: Dondozo|63/100|[from] item: Leftovers\n|-damage|p1a: Polteageist|35/100|[from] Salt Cure\n|upkeep\n|turn|3\n|\n|t:|1695172851\n|move|p1a: Polteageist|Stored Power|p2a: Dondozo\n|-damage|p2a: Dondozo|5/100\n|move|p2a: Dondozo|Rest|p2a: Dondozo\n|-status|p2a: Dondozo|slp|[from] move: Rest\n|-heal|p2a: Dondozo|100/100 slp|[silent]\n|\n|-damage|p1a: Polteageist|23/100|[from] Salt Cure\n|upkeep\n|turn|4\n|\n|t:|1695172864\n|switch|p1a: Chesnaught|Chesnaught, M, shiny|100/100\n|switch|p2a: Kingambit|Kingambit, M|100/100\n|\n|upkeep\n|turn|5\n|\n|t:|1695172878\n|-end|p2a: Kingambit|fallenundefined|[silent]\n|switch|p2a: Corviknight|Corviknight, M|100/100\n|-ability|p2a: Corviknight|Pressure\n|move|p1a: Chesnaught|Leech Seed|p2a: Corviknight|[miss]\n|-miss|p1a: Chesnaught|p2a: Corviknight\n|\n|upkeep\n|turn|6\n|\n|t:|1695172885\n|move|p1a: Chesnaught|Spiky Shield|p1a: Chesnaught\n|-singleturn|p1a: Chesnaught|move: Protect\n|move|p2a: Corviknight|U-turn|p1a: Chesnaught\n|-activate|p1a: Chesnaught|move: Protect\n|-damage|p2a: Corviknight|88/100|[from] Spiky Shield|[of] p1a: Chesnaught\n|\n|upkeep\n|turn|7\n|\n|t:|1695172892\n|move|p2a: Corviknight|U-turn|p1a: Chesnaught\n|-damage|p1a: Chesnaught|92/100\n|-damage|p2a: Corviknight|72/100|[from] item: Rocky Helmet|[of] p1a: Chesnaught\n|\n|t:|1695172899\n|switch|p2a: Garganacl|Garganacl, M|100/100|[from] U-turn\n|move|p1a: Chesnaught|Synthesis|p1a: Chesnaught\n|-heal|p1a: Chesnaught|100/100\n|\n|upkeep\n|turn|8\n|\n|t:|1695172907\n|move|p1a: Chesnaught|Leech Seed|p2a: Garganacl\n|-start|p2a: Garganacl|move: Leech Seed\n|move|p2a: Garganacl|Salt Cure|p1a: Chesnaught\n|-resisted|p1a: Chesnaught\n|-damage|p1a: Chesnaught|96/100\n|-start|p1a: Chesnaught|Salt Cure\n|\n|-damage|p2a: Garganacl|88/100|[from] Leech Seed|[of] p1a: Chesnaught\n|-heal|p1a: Chesnaught|100/100|[silent]\n|-damage|p1a: Chesnaught|88/100|[from] Salt Cure\n|upkeep\n|turn|9\n|\n|t:|1695172917\n|switch|p2a: Corviknight|Corviknight, M|72/100\n|-ability|p2a: Corviknight|Pressure\n|move|p1a: Chesnaught|Body Press|p2a: Corviknight\n|-damage|p2a: Corviknight|43/100\n|-damage|p1a: Chesnaught|72/100|[from] item: Rocky Helmet|[of] p2a: Corviknight\n|\n|-damage|p1a: Chesnaught|59/100|[from] Salt Cure\n|upkeep\n|turn|10\n|\n|t:|1695172926\n|move|p2a: Corviknight|Roost|p2a: Corviknight\n|-heal|p2a: Corviknight|93/100\n|-singleturn|p2a: Corviknight|move: Roost\n|move|p1a: Chesnaught|Synthesis|p1a: Chesnaught\n|-heal|p1a: Chesnaught|100/100\n|\n|-damage|p1a: Chesnaught|88/100|[from] Salt Cure\n|upkeep\n|turn|11\n|\n|t:|1695172934\n|move|p2a: Corviknight|U-turn|p1a: Chesnaught\n|-damage|p1a: Chesnaught|80/100\n|-damage|p2a: Corviknight|77/100|[from] item: Rocky Helmet|[of] p1a: Chesnaught\n|\n|t:|1695172939\n|switch|p2a: Ursaluna|Ursaluna-Bloodmoon, M|100/100|[from] U-turn\n|move|p1a: Chesnaught|Leech Seed|p2a: Ursaluna\n|-start|p2a: Ursaluna|move: Leech Seed\n|\n|-damage|p2a: Ursaluna|88/100|[from] Leech Seed|[of] p1a: Chesnaught\n|-heal|p1a: Chesnaught|94/100|[silent]\n|-damage|p1a: Chesnaught|82/100|[from] Salt Cure\n|upkeep\n|turn|12\n|\n|t:|1695172949\n|switch|p1a: Snorlax|Snorlax, F|100/100\n|move|p2a: Ursaluna|Blood Moon|p1a: Snorlax\n|-damage|p1a: Snorlax|52/100\n|\n|-damage|p2a: Ursaluna|76/100|[from] Leech Seed|[of] p1a: Snorlax\n|-heal|p1a: Snorlax|62/100|[silent]\n|upkeep\n|turn|13\n|\n|t:|1695172956\n|switch|p2a: Garganacl|Garganacl, M|88/100\n|move|p1a: Snorlax|Ice Punch|p2a: Garganacl\n|-damage|p2a: Garganacl|76/100\n|\n|-heal|p2a: Garganacl|82/100|[from] item: Leftovers\n|upkeep\n|turn|14\n|\n|t:|1695172964\n|switch|p1a: Chesnaught|Chesnaught, M, shiny|82/100\n|move|p2a: Garganacl|Salt Cure|p1a: Chesnaught\n|-resisted|p1a: Chesnaught\n|-damage|p1a: Chesnaught|78/100\n|-start|p1a: Chesnaught|Salt Cure\n|\n|-heal|p2a: Garganacl|88/100|[from] item: Leftovers\n|-damage|p1a: Chesnaught|65/100|[from] Salt Cure\n|upkeep\n|turn|15\n|\n|t:|1695172974\n|switch|p2a: Corviknight|Corviknight, M|77/100\n|-ability|p2a: Corviknight|Pressure\n|move|p1a: Chesnaught|Leech Seed|p2a: Corviknight\n|-start|p2a: Corviknight|move: Leech Seed\n|\n|-damage|p2a: Corviknight|64/100|[from] Leech Seed|[of] p1a: Chesnaught\n|-heal|p1a: Chesnaught|78/100|[silent]\n|-damage|p1a: Chesnaught|66/100|[from] Salt Cure\n|upkeep\n|turn|16\n|\n|t:|1695172983\n|move|p1a: Chesnaught|Spiky Shield|p1a: Chesnaught\n|-singleturn|p1a: Chesnaught|move: Protect\n|move|p2a: Corviknight|Roost|p2a: Corviknight\n|-heal|p2a: Corviknight|100/100\n|-singleturn|p2a: Corviknight|move: Roost\n|\n|-damage|p2a: Corviknight|88/100|[from] Leech Seed|[of] p1a: Chesnaught\n|-heal|p1a: Chesnaught|79/100|[silent]\n|-damage|p1a: Chesnaught|67/100|[from] Salt Cure\n|upkeep\n|turn|17\n|\n|t:|1695172992\n|move|p2a: Corviknight|U-turn|p1a: Chesnaught\n|-damage|p1a: Chesnaught|58/100\n|-damage|p2a: Corviknight|72/100|[from] item: Rocky Helmet|[of] p1a: Chesnaught\n|\n|t:|1695172998\n|switch|p2a: Garganacl|Garganacl, M|88/100|[from] U-turn\n|move|p1a: Chesnaught|Body Press|p2a: Garganacl\n|-supereffective|p2a: Garganacl\n|-damage|p2a: Garganacl|45/100\n|\n|-heal|p2a: Garganacl|51/100|[from] item: Leftovers\n|-damage|p1a: Chesnaught|46/100|[from] Salt Cure\n|upkeep\n|turn|18\n|\n|t:|1695173007\n|move|p2a: Garganacl|Protect|p2a: Garganacl\n|-singleturn|p2a: Garganacl|Protect\n|move|p1a: Chesnaught|Synthesis|p1a: Chesnaught\n|-heal|p1a: Chesnaught|96/100\n|\n|-heal|p2a: Garganacl|57/100|[from] item: Leftovers\n|-damage|p1a: Chesnaught|83/100|[from] Salt Cure\n|upkeep\n|turn|19\n|\n|t:|1695173017\n|switch|p2a: Corviknight|Corviknight, M|72/100\n|-ability|p2a: Corviknight|Pressure\n|move|p1a: Chesnaught|Leech Seed|p2a: Corviknight|[miss]\n|-miss|p1a: Chesnaught|p2a: Corviknight\n|\n|-damage|p1a: Chesnaught|71/100|[from] Salt Cure\n|upkeep\n|turn|20\n|\n|t:|1695173025\n|move|p2a: Corviknight|U-turn|p1a: Chesnaught\n|-damage|p1a: Chesnaught|63/100\n|-damage|p2a: Corviknight|55/100|[from] item: Rocky Helmet|[of] p1a: Chesnaught\n|\n|t:|1695173029\n|switch|p2a: Cresselia|Cresselia, F|100/100|[from] U-turn\n|move|p1a: Chesnaught|Leech Seed|p2a: Cresselia\n|-start|p2a: Cresselia|move: Leech Seed\n|\n|-damage|p2a: Cresselia|88/100|[from] Leech Seed|[of] p1a: Chesnaught\n|-heal|p1a: Chesnaught|77/100|[silent]\n|-damage|p1a: Chesnaught|65/100|[from] Salt Cure\n|upkeep\n|turn|21\n|\n|t:|1695173042\n|switch|p1a: Snorlax|Snorlax, F|62/100\n|move|p2a: Cresselia|Moonblast|p1a: Snorlax\n|-damage|p1a: Snorlax|55/100\n|\n|-heal|p2a: Cresselia|94/100|[from] item: Leftovers\n|-damage|p2a: Cresselia|82/100|[from] Leech Seed|[of] p1a: Snorlax\n|-heal|p1a: Snorlax|66/100|[silent]\n|upkeep\n|turn|22\n|\n|t:|1695173052\n|switch|p2a: Ursaluna|Ursaluna-Bloodmoon, M|76/100\n|move|p1a: Snorlax|Heat Crash|p2a: Ursaluna\n|-damage|p2a: Ursaluna|66/100\n|\n|upkeep\n|turn|23\n|\n|t:|1695173059\n|move|p2a: Ursaluna|Vacuum Wave|p1a: Snorlax\n|-supereffective|p1a: Snorlax\n|-damage|p1a: Snorlax|47/100\n|move|p1a: Snorlax|Ice Punch|p2a: Ursaluna\n|-supereffective|p2a: Ursaluna\n|-damage|p2a: Ursaluna|34/100\n|\n|upkeep\n|turn|24\n|\n|t:|1695173066\n|switch|p2a: Corviknight|Corviknight, M|55/100\n|-ability|p2a: Corviknight|Pressure\n|switch|p1a: Chesnaught|Chesnaught, M, shiny|65/100\n|\n|upkeep\n|turn|25\n|\n|t:|1695173073\n|move|p2a: Corviknight|Roost|p2a: Corviknight\n|-heal|p2a: Corviknight|100/100\n|-singleturn|p2a: Corviknight|move: Roost\n|move|p1a: Chesnaught|Body Press|p2a: Corviknight\n|-supereffective|p2a: Corviknight\n|-damage|p2a: Corviknight|49/100\n|-damage|p1a: Chesnaught|48/100|[from] item: Rocky Helmet|[of] p2a: Corviknight\n|\n|upkeep\n|turn|26\n|\n|t:|1695173082\n|move|p2a: Corviknight|U-turn|p1a: Chesnaught\n|-damage|p1a: Chesnaught|40/100\n|-damage|p2a: Corviknight|33/100|[from] item: Rocky Helmet|[of] p1a: Chesnaught\n|\n|t:|1695173089\n|switch|p2a: Kingambit|Kingambit, M|100/100|[from] U-turn\n|move|p1a: Chesnaught|Leech Seed|p2a: Kingambit\n|-start|p2a: Kingambit|move: Leech Seed\n|\n|-damage|p2a: Kingambit|88/100|[from] Leech Seed|[of] p1a: Chesnaught\n|-heal|p1a: Chesnaught|53/100|[silent]\n|upkeep\n|turn|27\n|\n|t:|1695173100\n|-end|p2a: Kingambit|fallenundefined|[silent]\n|switch|p2a: Corviknight|Corviknight, M|33/100\n|-ability|p2a: Corviknight|Pressure\n|move|p1a: Chesnaught|Body Press|p2a: Corviknight\n|-damage|p2a: Corviknight|9/100\n|-damage|p1a: Chesnaught|36/100|[from] item: Rocky Helmet|[of] p2a: Corviknight\n|\n|upkeep\n|turn|28\n|\n|t:|1695173108\n|move|p2a: Corviknight|Roost|p2a: Corviknight\n|-heal|p2a: Corviknight|59/100\n|-singleturn|p2a: Corviknight|move: Roost\n|move|p1a: Chesnaught|Body Press|p2a: Corviknight\n|-supereffective|p2a: Corviknight\n|-damage|p2a: Corviknight|11/100\n|-damage|p1a: Chesnaught|20/100|[from] item: Rocky Helmet|[of] p2a: Corviknight\n|\n|upkeep\n|turn|29\n|\n|t:|1695173117\n|move|p2a: Corviknight|Roost|p2a: Corviknight\n|-heal|p2a: Corviknight|61/100\n|-singleturn|p2a: Corviknight|move: Roost\n|move|p1a: Chesnaught|Body Press|p2a: Corviknight\n|-supereffective|p2a: Corviknight\n|-damage|p2a: Corviknight|5/100\n|-damage|p1a: Chesnaught|3/100|[from] item: Rocky Helmet|[of] p2a: Corviknight\n|\n|upkeep\n|turn|30\n|\n|t:|1695173126\n|move|p2a: Corviknight|Body Press|p1a: Chesnaught\n|-damage|p1a: Chesnaught|0 fnt\n|-damage|p2a: Corviknight|0 fnt|[from] item: Rocky Helmet|[of] p1a: Chesnaught\n|faint|p1a: Chesnaught\n|faint|p2a: Corviknight\n|\n|upkeep\n|\n|t:|1695173135\n|switch|p2a: Kingambit|Kingambit, M|88/100\n|switch|p1a: Mandibuzz|Mandibuzz, F|100/100\n|-activate|p2a: Kingambit|ability: Supreme Overlord\n|-start|p2a: Kingambit|fallen1|[silent]\n|turn|31\n|\n|t:|1695173144\n|move|p1a: Mandibuzz|Foul Play|p2a: Kingambit\n|-resisted|p2a: Kingambit\n|-damage|p2a: Kingambit|69/100\n|move|p2a: Kingambit|Swords Dance|p2a: Kingambit\n|-boost|p2a: Kingambit|atk|2\n|\n|upkeep\n|turn|32\n|\n|t:|1695173150\n|move|p1a: Mandibuzz|Foul Play|p2a: Kingambit\n|-resisted|p2a: Kingambit\n|-damage|p2a: Kingambit|28/100\n|move|p2a: Kingambit|Iron Head|p1a: Mandibuzz\n|-damage|p1a: Mandibuzz|40/100\n|\n|-heal|p1a: Mandibuzz|46/100|[from] item: Leftovers\n|upkeep\n|turn|33\n|\n|t:|1695173158\n|move|p2a: Kingambit|Sucker Punch|p1a: Mandibuzz\n|-resisted|p1a: Mandibuzz\n|-damage|p1a: Mandibuzz|15/100\n|move|p1a: Mandibuzz|Foul Play|p2a: Kingambit\n|-resisted|p2a: Kingambit\n|-damage|p2a: Kingambit|0 fnt\n|faint|p2a: Kingambit\n|-end|p2a: Kingambit|fallen1|[silent]\n|\n|-heal|p1a: Mandibuzz|21/100|[from] item: Leftovers\n|upkeep\n|-message|c00lguy14 forfeited.\n|\n|win|Ninjabsol\n|raw|Ninjabsol's rating: 1298 &rarr; <strong>1322</strong><br />(+24 for winning)\n|raw|c00lguy14's rating: 1287 &rarr; <strong>1263</strong><br />(-24 for losing)\n|l|\u2606c00lguy14\n", "uploadtime": 1695173174, "views": 4, "p1id": "ninjabsol", "p2id": "c00lguy14", "formatid": "gen9ou", "rating": 1263, "private": 0, "password": ""}