{"id": "gen9ou-1947548241", "p1": "Bionis Shoulder", "p2": "Kimotaru", "format": "gen9ou", "log": "|j|\u2606Bionis Shoulder\n|j|\u2606Kimotaru\n|t:|1695171438\n|gametype|singles\n|player|p1|Bionis Shoulder|ingo|1192\n|player|p2|Kimotaru|psychic-gen4|1158\n|teamsize|p1|6\n|teamsize|p2|6\n|gen|9\n|tier|[Gen 9] OU\n|rated|\n|rule|Sleep Clause Mod: Limit one foe put to sleep\n|rule|Species Clause: Limit one of each Pok\u00e9mon\n|rule|OHKO Clause: OHKO moves are banned\n|rule|Evasion Items Clause: Evasion items are banned\n|rule|Evasion Moves Clause: Evasion moves are banned\n|rule|Endless Battle Clause: Forcing endless battles is banned\n|rule|HP Percentage Mod: HP is shown in percentages\n|clearpoke\n|poke|p1|Mamoswine, F|\n|poke|p1|Heracross, M|\n|poke|p1|Mew|\n|poke|p1|Garchomp, M|\n|poke|p1|Torterra, F|\n|poke|p1|Iron Thorns|\n|poke|p2|Ninetales-Alola, F|\n|poke|p2|Slowking, M|\n|poke|p2|Beartic, M|\n|poke|p2|Ursaring, M|\n|poke|p2|Ursaluna-Bloodmoon, M|\n|poke|p2|Ogerpon-Hearthflame, F|\n|teampreview\n|c|\u2606Kimotaru|hi!\n|\n|t:|1695171453\n|start\n|switch|p1a: Iron Thorns|Iron Thorns|100/100\n|switch|p2a: Ogerpon|Ogerpon-Hearthflame, F|100/100\n|-ability|p2a: Ogerpon|Mold Breaker\n|turn|1\n|\n|t:|1695171469\n|move|p2a: Ogerpon|Swords Dance|p2a: Ogerpon\n|-boost|p2a: Ogerpon|atk|2\n|move|p1a: Iron Thorns|Rock Blast|p2a: Ogerpon\n|-supereffective|p2a: Ogerpon\n|-damage|p2a: Ogerpon|61/100\n|-supereffective|p2a: Ogerpon\n|-damage|p2a: Ogerpon|23/100\n|-supereffective|p2a: Ogerpon\n|-damage|p2a: Ogerpon|0 fnt\n|faint|p2a: Ogerpon\n|-hitcount|p2: Ogerpon|3\n|\n|upkeep\n|\n|t:|1695171498\n|switch|p2a: Javier|Ursaluna-Bloodmoon, M|100/100\n|turn|2\n|\n|t:|1695171519\n|-end|p1a: Iron Thorns|Quark Drive|[silent]\n|switch|p1a: Mew|Mew|100/100\n|move|p2a: Javier|Earth Power|p1a: Mew\n|-damage|p1a: Mew|51/100\n|-unboost|p1a: Mew|spd|1\n|\n|upkeep\n|turn|3\n|\n|t:|1695171531\n|move|p1a: Mew|Icicle Spear|p2a: Javier\n|-supereffective|p2a: Javier\n|-crit|p2a: Javier\n|-damage|p2a: Javier|84/100\n|-supereffective|p2a: Javier\n|-damage|p2a: Javier|72/100\n|-supereffective|p2a: Javier\n|-damage|p2a: Javier|61/100\n|-supereffective|p2a: Javier\n|-damage|p2a: Javier|50/100\n|-enditem|p2a: Javier|Sitrus Berry|[eat]\n|-heal|p2a: Javier|75/100|[from] item: Sitrus Berry\n|-supereffective|p2a: Javier\n|-damage|p2a: Javier|64/100\n|-hitcount|p2a: Javier|5\n|move|p2a: Javier|Earth Power|p1a: Mew\n|-damage|p1a: Mew|0 fnt\n|faint|p1a: Mew\n|\n|upkeep\n|\n|t:|1695171548\n|switch|p1a: Mamoswine|Mamoswine, F|100/100\n|turn|4\n|\n|t:|1695171556\n|move|p1a: Mamoswine|Trailblaze|p2a: Javier\n|-supereffective|p2a: Javier\n|-damage|p2a: Javier|42/100\n|-boost|p1a: Mamoswine|spe|1\n|move|p2a: Javier|Blood Moon|p1a: Mamoswine\n|-damage|p1a: Mamoswine|0 fnt\n|faint|p1a: Mamoswine\n|\n|upkeep\n|\n|t:|1695171580\n|switch|p1a: Torterra|Torterra, F|100/100\n|turn|5\n|\n|t:|1695171588\n|move|p1a: Torterra|Shell Smash|p1a: Torterra\n|-unboost|p1a: Torterra|def|1\n|-unboost|p1a: Torterra|spd|1\n|-boost|p1a: Torterra|atk|2\n|-boost|p1a: Torterra|spa|2\n|-boost|p1a: Torterra|spe|2\n|move|p2a: Javier|Moonlight|p2a: Javier\n|-heal|p2a: Javier|92/100\n|\n|upkeep\n|turn|6\n|\n|t:|1695171599\n|-terastallize|p1a: Torterra|Grass\n|move|p1a: Torterra|Bullet Seed|p2a: Javier\n|-supereffective|p2a: Javier\n|-damage|p2a: Javier|47/100\n|-supereffective|p2a: Javier\n|-damage|p2a: Javier|1/100\n|-supereffective|p2a: Javier\n|-damage|p2a: Javier|0 fnt\n|faint|p2a: Javier\n|-hitcount|p2: Javier|3\n|\n|upkeep\n|\n|t:|1695171611\n|switch|p2a: Lalo|Ursaring, M, shiny|100/100\n|turn|7\n|\n|t:|1695171617\n|move|p1a: Torterra|Bullet Seed|p2a: Lalo\n|-crit|p2a: Lalo\n|-damage|p2a: Lalo|66/100\n|-damage|p2a: Lalo|41/100\n|-damage|p2a: Lalo|18/100\n|-damage|p2a: Lalo|0 fnt\n|faint|p2a: Lalo\n|-hitcount|p2: Lalo|4\n|\n|upkeep\n|\n|t:|1695171627\n|switch|p2a: Ninetales|Ninetales-Alola, F, shiny|100/100\n|-weather|Snow|[from] ability: Snow Warning|[of] p2a: Ninetales\n|turn|8\n|\n|t:|1695171636\n|move|p1a: Torterra|Bullet Seed|p2a: Ninetales\n|-crit|p2a: Ninetales\n|-damage|p2a: Ninetales|50/100\n|-damage|p2a: Ninetales|18/100\n|-damage|p2a: Ninetales|0 fnt\n|faint|p2a: Ninetales\n|-hitcount|p2: Ninetales|3\n|\n|-weather|Snow|[upkeep]\n|upkeep\n|\n|t:|1695171645\n|switch|p2a: Pedro|Beartic, M, shiny|100/100\n|turn|9\n|\n|t:|1695171663\n|switch|p1a: Garchomp|Garchomp, M|100/100\n|move|p2a: Pedro|Icicle Crash|p1a: Garchomp\n|-supereffective|p1a: Garchomp\n|-damage|p1a: Garchomp|0 fnt\n|faint|p1a: Garchomp\n|-damage|p2a: Pedro|91/100|[from] item: Life Orb\n|\n|-weather|Snow|[upkeep]\n|upkeep\n|\n|t:|1695171667\n|switch|p1a: Heracross|Heracross, M|100/100\n|turn|10\n|\n|t:|1695171679\n|-terastallize|p2a: Pedro|Water\n|move|p2a: Pedro|Swords Dance|p2a: Pedro\n|-boost|p2a: Pedro|atk|2\n|move|p1a: Heracross|Rock Blast|p2a: Pedro\n|-damage|p2a: Pedro|80/100\n|-damage|p2a: Pedro|70/100\n|-damage|p2a: Pedro|59/100\n|-damage|p2a: Pedro|48/100\n|-damage|p2a: Pedro|38/100\n|-hitcount|p2a: Pedro|5\n|\n|-weather|Snow|[upkeep]\n|upkeep\n|turn|11\n|\n|t:|1695171697\n|move|p2a: Pedro|Liquidation|p1a: Heracross\n|-damage|p1a: Heracross|0 fnt\n|faint|p1a: Heracross\n|-damage|p2a: Pedro|28/100|[from] item: Life Orb\n|\n|-weather|Snow|[upkeep]\n|upkeep\n|\n|t:|1695171702\n|switch|p1a: Iron Thorns|Iron Thorns|100/100\n|turn|12\n|\n|t:|1695171705\n|move|p2a: Pedro|Liquidation|p1a: Iron Thorns\n|-supereffective|p1a: Iron Thorns\n|-damage|p1a: Iron Thorns|0 fnt\n|faint|p1a: Iron Thorns\n|-end|p1a: Iron Thorns|Quark Drive|[silent]\n|-damage|p2a: Pedro|18/100|[from] item: Life Orb\n|\n|-weather|none\n|upkeep\n|\n|t:|1695171708\n|switch|p1a: Torterra|Torterra, F, tera:Grass|100/100\n|turn|13\n|\n|t:|1695171717\n|move|p2a: Pedro|Icicle Crash|p1a: Torterra\n|-supereffective|p1a: Torterra\n|-damage|p1a: Torterra|0 fnt\n|faint|p1a: Torterra\n|-damage|p2a: Pedro|8/100|[from] item: Life Orb\n|\n|win|Kimotaru\n|raw|Bionis Shoulder's rating: 1192 &rarr; <strong>1165</strong><br />(-27 for losing)\n|raw|Kimotaru's rating: 1158 &rarr; <strong>1185</strong><br />(+27 for winning)\n|c|\u2606Bionis Shoulder|gg\n|c|\u2606Kimotaru|gg\n|l|\u2606Bionis Shoulder\n", "uploadtime": 1695171741, "views": 5, "p1id": "bionisshoulder", "p2id": "kimotaru", "formatid": "gen9ou", "rating": 1165, "private": 0, "password": ""}