{"id": "gen9ou-1947540233", "p1": "Nacho.Cloud.Walker", "p2": "attackonpoke", "format": "gen9ou", "log": "|j|\u2606Nacho.Cloud.Walker\n|j|\u2606attackonpoke\n|t:|1695170679\n|gametype|singles\n|player|p1|Nacho.Cloud.Walker|acetrainer-gen4|1385\n|player|p2|attackonpoke|rocketgrunt|1320\n|teamsize|p1|6\n|teamsize|p2|6\n|gen|9\n|tier|[Gen 9] OU\n|rated|\n|rule|Sleep Clause Mod: Limit one foe put to sleep\n|rule|Species Clause: Limit one of each Pok\u00e9mon\n|rule|OHKO Clause: OHKO moves are banned\n|rule|Evasion Items Clause: Evasion items are banned\n|rule|Evasion Moves Clause: Evasion moves are banned\n|rule|Endless Battle Clause: Forcing endless battles is banned\n|rule|HP Percentage Mod: HP is shown in percentages\n|clearpoke\n|poke|p1|Lilligant-Hisui, F|\n|poke|p1|Ninetales-Alola, F|\n|poke|p1|Empoleon, M|\n|poke|p1|Dragonite, M|\n|poke|p1|Iron Moth|\n|poke|p1|Corviknight, M|\n|poke|p2|Manaphy|\n|poke|p2|Great Tusk|\n|poke|p2|Ninetales-Alola, F|\n|poke|p2|Ogerpon-Wellspring, F|\n|poke|p2|Ursaluna-Bloodmoon, M|\n|poke|p2|Gholdengo|\n|teampreview\n|inactive|Battle timer is ON: inactive players will automatically lose when time's up. (requested by Nacho.Cloud.Walker)\n|\n|t:|1695170701\n|start\n|switch|p1a: Empoleon|Empoleon, M|100/100\n|switch|p2a: Ninetales|Ninetales-Alola, F|100/100\n|-weather|Snow|[from] ability: Snow Warning|[of] p2a: Ninetales\n|turn|1\n|\n|t:|1695170717\n|switch|p2a: Ogerpon|Ogerpon-Wellspring, F|100/100\n|move|p1a: Empoleon|Stealth Rock|p2a: Ogerpon\n|-sidestart|p2: attackonpoke|move: Stealth Rock\n|\n|-weather|Snow|[upkeep]\n|upkeep\n|turn|2\n|\n|t:|1695170736\n|switch|p1a: Corviknight|Corviknight, M|100/100\n|move|p2a: Ogerpon|Knock Off|p1a: Corviknight\n|-damage|p1a: Corviknight|77/100\n|-enditem|p1a: Corviknight|Leftovers|[from] move: Knock Off|[of] p2a: Ogerpon\n|\n|-weather|Snow|[upkeep]\n|upkeep\n|turn|3\n|\n|t:|1695170762\n|switch|p2a: Ursaluna|Ursaluna-Bloodmoon, M|100/100\n|-damage|p2a: Ursaluna|94/100|[from] Stealth Rock\n|move|p1a: Corviknight|Brave Bird|p2a: Ursaluna\n|-damage|p2a: Ursaluna|72/100\n|-damage|p1a: Corviknight|69/100|[from] Recoil\n|\n|-weather|Snow|[upkeep]\n|-heal|p2a: Ursaluna|78/100|[from] item: Leftovers\n|upkeep\n|turn|4\n|inactive|attackonpoke has 120 seconds left.\n|\n|t:|1695170787\n|move|p1a: Corviknight|Roost|p1a: Corviknight\n|-heal|p1a: Corviknight|100/100\n|-singleturn|p1a: Corviknight|move: Roost\n|move|p2a: Ursaluna|Blood Moon|p1a: Corviknight\n|-resisted|p1a: Corviknight\n|-damage|p1a: Corviknight|69/100\n|\n|-weather|Snow|[upkeep]\n|-heal|p2a: Ursaluna|84/100|[from] item: Leftovers\n|upkeep\n|turn|5\n|\n|t:|1695170799\n|move|p1a: Corviknight|Body Press|p2a: Ursaluna\n|-supereffective|p2a: Ursaluna\n|-damage|p2a: Ursaluna|53/100\n|move|p2a: Ursaluna|Calm Mind|p2a: Ursaluna\n|-boost|p2a: Ursaluna|spa|1\n|-boost|p2a: Ursaluna|spd|1\n|\n|-weather|none\n|-heal|p2a: Ursaluna|59/100|[from] item: Leftovers\n|upkeep\n|turn|6\n|inactive|Nacho.Cloud.Walker has 120 seconds left.\n|\n|t:|1695170821\n|switch|p1a: Empoleon|Empoleon, M|100/100\n|switch|p2a: Gholdengo|Gholdengo|100/100\n|-damage|p2a: Gholdengo|94/100|[from] Stealth Rock\n|-item|p2a: Gholdengo|Air Balloon\n|\n|upkeep\n|turn|7\n|inactive|Nacho.Cloud.Walker has 120 seconds left.\n|\n|t:|1695170841\n|move|p2a: Gholdengo|Nasty Plot|p2a: Gholdengo\n|-boost|p2a: Gholdengo|spa|2\n|move|p1a: Empoleon|Knock Off|p2a: Gholdengo\n|-supereffective|p2a: Gholdengo\n|-damage|p2a: Gholdengo|68/100\n|-enditem|p2a: Gholdengo|Air Balloon\n|\n|upkeep\n|turn|8\n|inactive|Nacho.Cloud.Walker has 120 seconds left.\n|\n|t:|1695170853\n|move|p2a: Gholdengo|Shadow Ball|p1a: Empoleon\n|-damage|p1a: Empoleon|52/100\n|move|p1a: Empoleon|Hydro Pump|p2a: Gholdengo|[miss]\n|-miss|p1a: Empoleon|p2a: Gholdengo\n|\n|upkeep\n|turn|9\n|\n|t:|1695170862\n|move|p2a: Gholdengo|Make It Rain|p1a: Empoleon\n|-resisted|p1a: Empoleon\n|-damage|p1a: Empoleon|34/100\n|-unboost|p2a: Gholdengo|spa|1\n|move|p1a: Empoleon|Hydro Pump|p2a: Gholdengo\n|-damage|p2a: Gholdengo|28/100\n|\n|upkeep\n|turn|10\n|\n|t:|1695170879\n|switch|p2a: Ogerpon|Ogerpon-Wellspring, F|100/100\n|-damage|p2a: Ogerpon|88/100|[from] Stealth Rock\n|move|p1a: Empoleon|Roost|p1a: Empoleon\n|-heal|p1a: Empoleon|84/100\n|-singleturn|p1a: Empoleon|move: Roost\n|\n|upkeep\n|turn|11\n|\n|t:|1695170897\n|switch|p1a: Corviknight|Corviknight, M|69/100\n|move|p2a: Ogerpon|Ivy Cudgel|p1a: Corviknight\n|-damage|p1a: Corviknight|29/100\n|\n|upkeep\n|turn|12\n|\n|t:|1695170906\n|move|p2a: Ogerpon|Ivy Cudgel|p1a: Corviknight\n|-damage|p1a: Corviknight|0 fnt\n|faint|p1a: Corviknight\n|\n|upkeep\n|\n|t:|1695170912\n|switch|p1a: Iron Moth|Iron Moth|100/100\n|-enditem|p1a: Iron Moth|Booster Energy\n|-activate|p1a: Iron Moth|ability: Quark Drive|[fromitem]\n|-start|p1a: Iron Moth|quarkdrivespe\n|turn|13\n|\n|t:|1695170927\n|-terastallize|p2a: Ogerpon|Water\n|detailschange|p2a: Ogerpon|Ogerpon-Wellspring-Tera, F, tera:Water\n|-ability|p2a: Ogerpon|Embody Aspect (Wellspring)|boost\n|-boost|p2a: Ogerpon|spd|1\n|move|p1a: Iron Moth|Sludge Wave|p2a: Ogerpon\n|-damage|p2a: Ogerpon|48/100\n|move|p2a: Ogerpon|Ivy Cudgel|p1a: Iron Moth\n|-supereffective|p1a: Iron Moth\n|-damage|p1a: Iron Moth|0 fnt\n|faint|p1a: Iron Moth\n|-end|p1a: Iron Moth|Quark Drive|[silent]\n|\n|upkeep\n|\n|t:|1695170940\n|switch|p1a: Lilligant|Lilligant-Hisui, F|100/100\n|turn|14\n|\n|t:|1695170950\n|move|p2a: Ogerpon|Play Rough|p1a: Lilligant\n|-supereffective|p1a: Lilligant\n|-damage|p1a: Lilligant|0 fnt\n|faint|p1a: Lilligant\n|\n|upkeep\n|\n|t:|1695170957\n|switch|p1a: Ninetales|Ninetales-Alola, F|100/100\n|-weather|Snow|[from] ability: Snow Warning|[of] p1a: Ninetales\n|turn|15\n|inactive|attackonpoke has 120 seconds left.\n|\n|t:|1695170970\n|move|p2a: Ogerpon|Knock Off|p1a: Ninetales\n|-resisted|p1a: Ninetales\n|-damage|p1a: Ninetales|85/100\n|-enditem|p1a: Ninetales|Light Clay|[from] move: Knock Off|[of] p2a: Ogerpon\n|move|p1a: Ninetales|Aurora Veil|p1a: Ninetales\n|-sidestart|p1: Nacho.Cloud.Walker|move: Aurora Veil\n|\n|-weather|Snow|[upkeep]\n|upkeep\n|turn|16\n|inactive|attackonpoke has 120 seconds left.\n|\n|t:|1695170990\n|switch|p2a: Gholdengo|Gholdengo|28/100\n|-damage|p2a: Gholdengo|22/100|[from] Stealth Rock\n|move|p1a: Ninetales|Freeze-Dry|p2a: Gholdengo\n|-resisted|p2a: Gholdengo\n|-damage|p2a: Gholdengo|12/100\n|\n|-weather|Snow|[upkeep]\n|upkeep\n|turn|17\n|\n|t:|1695171001\n|move|p1a: Ninetales|Moonblast|p2a: Gholdengo\n|-resisted|p2a: Gholdengo\n|-damage|p2a: Gholdengo|0 fnt\n|faint|p2a: Gholdengo\n|\n|-weather|Snow|[upkeep]\n|upkeep\n|\n|t:|1695171024\n|switch|p2a: Ninetales|Ninetales-Alola, F|100/100\n|-damage|p2a: Ninetales|76/100|[from] Stealth Rock\n|turn|18\n|\n|t:|1695171031\n|move|p2a: Ninetales|Encore|p1a: Ninetales\n|-start|p1a: Ninetales|Encore\n|move|p1a: Ninetales|Moonblast|p2a: Ninetales\n|-damage|p2a: Ninetales|48/100\n|-unboost|p2a: Ninetales|spa|1\n|\n|-weather|Snow|[upkeep]\n|upkeep\n|turn|19\n|\n|t:|1695171041\n|move|p2a: Ninetales|Aurora Veil|p2a: Ninetales\n|-sidestart|p2: attackonpoke|move: Aurora Veil\n|move|p1a: Ninetales|Moonblast|p2a: Ninetales\n|-damage|p2a: Ninetales|34/100\n|\n|-weather|none\n|-sideend|p1: Nacho.Cloud.Walker|move: Aurora Veil\n|upkeep\n|turn|20\n|inactive|attackonpoke has 120 seconds left.\n|\n|t:|1695171058\n|switch|p2a: Manaphy|Manaphy|100/100\n|-damage|p2a: Manaphy|88/100|[from] Stealth Rock\n|move|p1a: Ninetales|Moonblast|p2a: Manaphy\n|-damage|p2a: Manaphy|76/100\n|\n|-heal|p2a: Manaphy|83/100|[from] item: Leftovers\n|-end|p1a: Ninetales|Encore\n|upkeep\n|turn|21\n|\n|t:|1695171071\n|move|p1a: Ninetales|Freeze-Dry|p2a: Manaphy\n|-supereffective|p2a: Manaphy\n|-damage|p2a: Manaphy|65/100\n|move|p2a: Manaphy|Take Heart|p2a: Manaphy\n|-boost|p2a: Manaphy|spa|1\n|-boost|p2a: Manaphy|spd|1\n|\n|-heal|p2a: Manaphy|71/100|[from] item: Leftovers\n|upkeep\n|turn|22\n|\n|t:|1695171082\n|move|p1a: Ninetales|Encore|p2a: Manaphy\n|-start|p2a: Manaphy|Encore\n|move|p2a: Manaphy|Take Heart|p2a: Manaphy\n|-boost|p2a: Manaphy|spa|1\n|-boost|p2a: Manaphy|spd|1\n|\n|-heal|p2a: Manaphy|77/100|[from] item: Leftovers\n|upkeep\n|turn|23\n|\n|t:|1695171091\n|switch|p1a: Dragonite|Dragonite, M|100/100\n|move|p2a: Manaphy|Take Heart|p2a: Manaphy\n|-boost|p2a: Manaphy|spa|1\n|-boost|p2a: Manaphy|spd|1\n|\n|-heal|p2a: Manaphy|83/100|[from] item: Leftovers\n|upkeep\n|turn|24\n|inactive|attackonpoke has 120 seconds left.\n|\n|t:|1695171104\n|move|p2a: Manaphy|Take Heart|p2a: Manaphy\n|-boost|p2a: Manaphy|spa|1\n|-boost|p2a: Manaphy|spd|1\n|move|p1a: Dragonite|Dragon Dance|p1a: Dragonite\n|-boost|p1a: Dragonite|atk|1\n|-boost|p1a: Dragonite|spe|1\n|\n|-heal|p2a: Manaphy|89/100|[from] item: Leftovers\n|-end|p2a: Manaphy|Encore\n|upkeep\n|turn|25\n|\n|t:|1695171116\n|move|p1a: Dragonite|Dragon Dance|p1a: Dragonite\n|-boost|p1a: Dragonite|atk|1\n|-boost|p1a: Dragonite|spe|1\n|move|p2a: Manaphy|Acid Armor|p2a: Manaphy\n|-boost|p2a: Manaphy|def|2\n|\n|-heal|p2a: Manaphy|96/100|[from] item: Leftovers\n|upkeep\n|turn|26\n|\n|t:|1695171135\n|-terastallize|p1a: Dragonite|Normal\n|move|p1a: Dragonite|Extreme Speed|p2a: Manaphy\n|-damage|p2a: Manaphy|75/100\n|move|p2a: Manaphy|Acid Armor|p2a: Manaphy\n|-boost|p2a: Manaphy|def|2\n|\n|-heal|p2a: Manaphy|81/100|[from] item: Leftovers\n|-sideend|p2: attackonpoke|move: Aurora Veil\n|upkeep\n|turn|27\n|\n|t:|1695171146\n|move|p1a: Dragonite|Extreme Speed|p2a: Manaphy\n|-damage|p2a: Manaphy|56/100\n|move|p2a: Manaphy|Stored Power|p1a: Dragonite\n|-damage|p1a: Dragonite|13/100\n|\n|-heal|p2a: Manaphy|62/100|[from] item: Leftovers\n|upkeep\n|turn|28\n|\n|t:|1695171159\n|move|p1a: Dragonite|Extreme Speed|p2a: Manaphy\n|-damage|p2a: Manaphy|38/100\n|move|p2a: Manaphy|Scald|p1a: Dragonite\n|-damage|p1a: Dragonite|0 fnt\n|faint|p1a: Dragonite\n|\n|-heal|p2a: Manaphy|44/100|[from] item: Leftovers\n|upkeep\n|\n|t:|1695171171\n|switch|p1a: Empoleon|Empoleon, M|84/100\n|turn|29\n|\n|t:|1695171185\n|move|p2a: Manaphy|Acid Armor|p2a: Manaphy\n|-boost|p2a: Manaphy|def|2\n|move|p1a: Empoleon|Knock Off|p2a: Manaphy\n|-damage|p2a: Manaphy|40/100\n|-enditem|p2a: Manaphy|Leftovers|[from] move: Knock Off|[of] p1a: Empoleon\n|\n|upkeep\n|turn|30\n|\n|t:|1695171207\n|move|p2a: Manaphy|Stored Power|p1a: Empoleon\n|-resisted|p1a: Empoleon\n|-damage|p1a: Empoleon|20/100\n|move|p1a: Empoleon|Roost|p1a: Empoleon\n|-heal|p1a: Empoleon|70/100\n|-singleturn|p1a: Empoleon|move: Roost\n|\n|upkeep\n|turn|31\n|\n|t:|1695171217\n|move|p2a: Manaphy|Scald|p1a: Empoleon\n|-resisted|p1a: Empoleon\n|-damage|p1a: Empoleon|41/100\n|move|p1a: Empoleon|Roost|p1a: Empoleon\n|-heal|p1a: Empoleon|91/100\n|-singleturn|p1a: Empoleon|move: Roost\n|\n|upkeep\n|turn|32\n|\n|t:|1695171226\n|move|p2a: Manaphy|Scald|p1a: Empoleon\n|-resisted|p1a: Empoleon\n|-damage|p1a: Empoleon|66/100\n|move|p1a: Empoleon|Roost|p1a: Empoleon\n|-heal|p1a: Empoleon|100/100\n|-singleturn|p1a: Empoleon|move: Roost\n|\n|upkeep\n|turn|33\n|\n|t:|1695171235\n|move|p2a: Manaphy|Scald|p1a: Empoleon\n|-resisted|p1a: Empoleon\n|-damage|p1a: Empoleon|71/100\n|move|p1a: Empoleon|Knock Off|p2a: Manaphy\n|-damage|p2a: Manaphy|37/100\n|\n|upkeep\n|turn|34\n|\n|t:|1695171243\n|move|p2a: Manaphy|Scald|p1a: Empoleon\n|-resisted|p1a: Empoleon\n|-damage|p1a: Empoleon|43/100\n|-status|p1a: Empoleon|brn\n|move|p1a: Empoleon|Roost|p1a: Empoleon\n|-heal|p1a: Empoleon|93/100 brn\n|-singleturn|p1a: Empoleon|move: Roost\n|\n|-damage|p1a: Empoleon|87/100 brn|[from] brn\n|upkeep\n|turn|35\n|\n|t:|1695171257\n|move|p2a: Manaphy|Stored Power|p1a: Empoleon\n|-resisted|p1a: Empoleon\n|-damage|p1a: Empoleon|16/100 brn\n|move|p1a: Empoleon|Hydro Pump|p2a: Manaphy\n|-resisted|p2a: Manaphy\n|-damage|p2a: Manaphy|31/100\n|\n|-damage|p1a: Empoleon|9/100 brn|[from] brn\n|upkeep\n|turn|36\n|\n|t:|1695171266\n|move|p2a: Manaphy|Take Heart|p2a: Manaphy\n|-boost|p2a: Manaphy|spa|1\n|-boost|p2a: Manaphy|spd|1\n|move|p1a: Empoleon|Knock Off|p2a: Manaphy\n|-damage|p2a: Manaphy|30/100\n|\n|-damage|p1a: Empoleon|3/100 brn|[from] brn\n|upkeep\n|turn|37\n|\n|t:|1695171275\n|move|p2a: Manaphy|Take Heart|p2a: Manaphy\n|-boost|p2a: Manaphy|spa|1\n|-boost|p2a: Manaphy|spd|1\n|move|p1a: Empoleon|Hydro Pump|p2a: Manaphy\n|-resisted|p2a: Manaphy\n|-damage|p2a: Manaphy|26/100\n|\n|-damage|p1a: Empoleon|0 fnt|[from] brn\n|faint|p1a: Empoleon\n|upkeep\n|c|\u2606attackonpoke|gg\n|\n|t:|1695171284\n|switch|p1a: Ninetales|Ninetales-Alola, F|85/100\n|-weather|Snow|[from] ability: Snow Warning|[of] p1a: Ninetales\n|turn|38\n|\n|t:|1695171293\n|move|p1a: Ninetales|Encore|p2a: Manaphy\n|-start|p2a: Manaphy|Encore\n|move|p2a: Manaphy|Take Heart||[still]\n|-boost|p2a: Manaphy|spa|0\n|-boost|p2a: Manaphy|spd|0\n|-fail|p2a: Manaphy\n|\n|-weather|Snow|[upkeep]\n|upkeep\n|turn|39\n|\n|t:|1695171318\n|switch|p2a: Great Tusk|Great Tusk|100/100\n|-damage|p2a: Great Tusk|98/100|[from] Stealth Rock\n|move|p1a: Ninetales|Aurora Veil|p1a: Ninetales\n|-sidestart|p1: Nacho.Cloud.Walker|move: Aurora Veil\n|\n|-weather|Snow|[upkeep]\n|-heal|p2a: Great Tusk|100/100|[from] item: Leftovers\n|upkeep\n|turn|40\n|\n|t:|1695171332\n|move|p1a: Ninetales|Moonblast|p2a: Great Tusk\n|-supereffective|p2a: Great Tusk\n|-damage|p2a: Great Tusk|29/100\n|move|p2a: Great Tusk|Rapid Spin|p1a: Ninetales\n|-damage|p1a: Ninetales|78/100\n|-boost|p2a: Great Tusk|spe|1\n|-sideend|p2: attackonpoke|Stealth Rock|[from] move: Rapid Spin|[of] p2a: Great Tusk\n|\n|-weather|Snow|[upkeep]\n|-heal|p2a: Great Tusk|35/100|[from] item: Leftovers\n|upkeep\n|turn|41\n|\n|t:|1695171347\n|move|p2a: Great Tusk|Earthquake|p1a: Ninetales\n|-damage|p1a: Ninetales|58/100\n|move|p1a: Ninetales|Moonblast|p2a: Great Tusk\n|-supereffective|p2a: Great Tusk\n|-damage|p2a: Great Tusk|0 fnt\n|faint|p2a: Great Tusk\n|-end|p2a: Great Tusk|Protosynthesis|[silent]\n|\n|-weather|Snow|[upkeep]\n|upkeep\n|\n|t:|1695171361\n|switch|p2a: Ninetales|Ninetales-Alola, F|34/100\n|turn|42\n|\n|t:|1695171368\n|move|p1a: Ninetales|Moonblast|p2a: Ninetales\n|-damage|p2a: Ninetales|8/100\n|move|p2a: Ninetales|Aurora Veil|p2a: Ninetales\n|-sidestart|p2: attackonpoke|move: Aurora Veil\n|\n|-weather|none\n|upkeep\n|turn|43\n|\n|t:|1695171390\n|move|p2a: Ninetales|Encore|p1a: Ninetales\n|-start|p1a: Ninetales|Encore\n|move|p1a: Ninetales|Moonblast|p2a: Ninetales\n|-damage|p2a: Ninetales|0 fnt\n|faint|p2a: Ninetales\n|\n|-sideend|p1: Nacho.Cloud.Walker|move: Aurora Veil\n|upkeep\n|\n|t:|1695171403\n|switch|p2a: Ursaluna|Ursaluna-Bloodmoon, M|59/100\n|turn|44\n|\n|t:|1695171409\n|move|p1a: Ninetales|Moonblast|p2a: Ursaluna\n|-damage|p2a: Ursaluna|44/100\n|-unboost|p2a: Ursaluna|spa|1\n|move|p2a: Ursaluna|Calm Mind|p2a: Ursaluna\n|-boost|p2a: Ursaluna|spa|1\n|-boost|p2a: Ursaluna|spd|1\n|\n|-heal|p2a: Ursaluna|50/100|[from] item: Leftovers\n|upkeep\n|turn|45\n|\n|t:|1695171423\n|move|p1a: Ninetales|Moonblast|p2a: Ursaluna\n|-damage|p2a: Ursaluna|41/100\n|move|p2a: Ursaluna|Blood Moon|p1a: Ninetales\n|-damage|p1a: Ninetales|0 fnt\n|faint|p1a: Ninetales\n|\n|win|attackonpoke\n|raw|Nacho.Cloud.Walker's rating: 1385 &rarr; <strong>1361</strong><br />(-24 for losing)\n|raw|attackonpoke's rating: 1320 &rarr; <strong>1344</strong><br />(+24 for winning)\n|c|\u2606Nacho.Cloud.Walker|gg\n|l|\u2606Nacho.Cloud.Walker\n|l|\u2606attackonpoke\n|j|\u2606attackonpoke\n|player|p2|attackonpoke|rocketgrunt\n|c|\u2606attackonpoke|gg\n", "uploadtime": 1695171464, "views": 3, "p1id": "nachocloudwalker", "p2id": "attackonpoke", "formatid": "gen9ou", "rating": 1344, "private": 0, "password": ""}