{"id": "gen9ou-1947501211", "p1": "soruragnarok", "p2": "AardvarkMaster", "format": "gen9ou", "log": "|j|\u2606soruragnarok\n|j|\u2606AardvarkMaster\n|t:|1695166839\n|gametype|singles\n|player|p1|soruragnarok|roxie|1059\n|player|p2|AardvarkMaster|2|1162\n|teamsize|p1|6\n|teamsize|p2|6\n|gen|9\n|tier|[Gen 9] OU\n|rated|\n|rule|Sleep Clause Mod: Limit one foe put to sleep\n|rule|Species Clause: Limit one of each Pok\u00e9mon\n|rule|OHKO Clause: OHKO moves are banned\n|rule|Evasion Items Clause: Evasion items are banned\n|rule|Evasion Moves Clause: Evasion moves are banned\n|rule|Endless Battle Clause: Forcing endless battles is banned\n|rule|HP Percentage Mod: HP is shown in percentages\n|clearpoke\n|poke|p1|Dragapult, M|\n|poke|p1|Iron Valiant|\n|poke|p1|Samurott-Hisui, M|\n|poke|p1|Gliscor, F|\n|poke|p1|Ogerpon-Hearthflame, F|\n|poke|p1|Chandelure, F|\n|poke|p2|Ogerpon-Hearthflame, F|\n|poke|p2|Kingambit, M|\n|poke|p2|Dragapult, F|\n|poke|p2|Samurott-Hisui, M|\n|poke|p2|Great Tusk|\n|poke|p2|Iron Valiant|\n|teampreview\n|inactive|Battle timer is ON: inactive players will automatically lose when time's up. (requested by soruragnarok)\n|c|\u2606AardvarkMaster|gl hf\n|\n|t:|1695166851\n|start\n|switch|p1a: Gliscor|Gliscor, F|100/100\n|switch|p2a: Samurott|Samurott-Hisui, M|100/100\n|turn|1\n|\n|t:|1695166880\n|switch|p1a: Iron Valiant|Iron Valiant|100/100\n|-enditem|p1a: Iron Valiant|Booster Energy\n|-activate|p1a: Iron Valiant|ability: Quark Drive|[fromitem]\n|-start|p1a: Iron Valiant|quarkdrivespe\n|move|p2a: Samurott|Ceaseless Edge|p1a: Iron Valiant\n|-resisted|p1a: Iron Valiant\n|-damage|p1a: Iron Valiant|80/100\n|-sidestart|p1: soruragnarok|Spikes\n|\n|upkeep\n|turn|2\n|\n|t:|1695166895\n|switch|p2a: Dragapult|Dragapult, F|100/100\n|move|p1a: Iron Valiant|Close Combat|p2a: Dragapult\n|-immune|p2a: Dragapult\n|\n|upkeep\n|turn|3\n|\n|t:|1695166912\n|-terastallize|p1a: Iron Valiant|Electric\n|move|p1a: Iron Valiant|Spirit Break|p2a: Dragapult\n|-supereffective|p2a: Dragapult\n|-damage|p2a: Dragapult|0 fnt\n|faint|p2a: Dragapult\n|\n|upkeep\n|inactive|AardvarkMaster has 120 seconds left.\n|\n|t:|1695166937\n|switch|p2a: Iron Valiant|Iron Valiant|100/100\n|turn|4\n|\n|t:|1695166948\n|move|p2a: Iron Valiant|Moonblast|p1a: Iron Valiant\n|-damage|p1a: Iron Valiant|0 fnt\n|faint|p1a: Iron Valiant\n|-end|p1a: Iron Valiant|Quark Drive|[silent]\n|\n|upkeep\n|inactive|soruragnarok has 120 seconds left.\n|\n|t:|1695166976\n|switch|p1a: Gliscor|Gliscor, F|100/100\n|turn|5\n|\n|t:|1695166992\n|-end|p2a: Iron Valiant|Quark Drive|[silent]\n|switch|p2a: Samurott|Samurott-Hisui, M|100/100\n|move|p1a: Gliscor|Swords Dance|p1a: Gliscor\n|-boost|p1a: Gliscor|atk|2\n|\n|-status|p1a: Gliscor|tox|[from] item: Toxic Orb\n|upkeep\n|turn|6\n|inactive|soruragnarok has 120 seconds left.\n|\n|t:|1695167009\n|move|p1a: Gliscor|Protect|p1a: Gliscor\n|-singleturn|p1a: Gliscor|Protect\n|move|p2a: Samurott|Razor Shell|p1a: Gliscor\n|-activate|p1a: Gliscor|move: Protect\n|\n|upkeep\n|turn|7\n|inactive|soruragnarok has 120 seconds left.\n|\n|t:|1695167030\n|move|p2a: Samurott|Razor Shell|p1a: Gliscor\n|-supereffective|p1a: Gliscor\n|-damage|p1a: Gliscor|0 fnt\n|faint|p1a: Gliscor\n|\n|upkeep\n|c|\u2606AardvarkMaster|what was the point of that\n|\n|t:|1695167038\n|switch|p1a: Ogerpon|Ogerpon-Hearthflame, F|100/100\n|-damage|p1a: Ogerpon|88/100|[from] Spikes\n|-ability|p1a: Ogerpon|Mold Breaker\n|turn|8\n|inactive|soruragnarok has 120 seconds left.\n|\n|t:|1695167053\n|move|p1a: Ogerpon|Play Rough|p2a: Samurott\n|-supereffective|p2a: Samurott\n|-damage|p2a: Samurott|8/100\n|move|p2a: Samurott|Razor Shell|p1a: Ogerpon\n|-damage|p1a: Ogerpon|0 fnt\n|faint|p1a: Ogerpon\n|\n|upkeep\n|inactive|soruragnarok has 120 seconds left.\n|c|\u2606AardvarkMaster|run wood hammer silly\n|c|\u2606soruragnarok|still learning i guess\n|inactive|soruragnarok has 90 seconds left.\n|\n|t:|1695167096\n|switch|p1a: Dragapult|Dragapult, M|100/100\n|-damage|p1a: Dragapult|88/100|[from] Spikes\n|turn|9\n|\n|t:|1695167101\n|move|p1a: Dragapult|Sucker Punch|p2a: Samurott\n|-resisted|p2a: Samurott\n|-damage|p2a: Samurott|0 fnt\n|faint|p2a: Samurott\n|-damage|p1a: Dragapult|78/100|[from] item: Life Orb\n|\n|upkeep\n|\n|t:|1695167106\n|switch|p2a: Kingambit|Kingambit, M|100/100\n|-activate|p2a: Kingambit|ability: Supreme Overlord\n|-start|p2a: Kingambit|fallen2|[silent]\n|turn|10\n|\n|t:|1695167115\n|move|p1a: Dragapult|Psychic Fangs|p2a: Kingambit\n|-immune|p2a: Kingambit\n|move|p2a: Kingambit|Swords Dance|p2a: Kingambit\n|-boost|p2a: Kingambit|atk|2\n|\n|upkeep\n|turn|11\n|\n|t:|1695167121\n|move|p1a: Dragapult|Dragon Darts|p2a: Kingambit\n|-resisted|p2a: Kingambit\n|-damage|p2a: Kingambit|89/100\n|-anim|p1a: Dragapult|Dragon Darts|p2a: Kingambit\n|-resisted|p2a: Kingambit\n|-damage|p2a: Kingambit|77/100\n|-damage|p1a: Dragapult|69/100|[from] item: Life Orb\n|move|p2a: Kingambit|Kowtow Cleave|p1a: Dragapult\n|-supereffective|p1a: Dragapult\n|-damage|p1a: Dragapult|0 fnt\n|faint|p1a: Dragapult\n|-damage|p2a: Kingambit|68/100|[from] item: Life Orb\n|\n|upkeep\n|\n|t:|1695167124\n|switch|p1a: Chandelure|Chandelure, F|100/100\n|-damage|p1a: Chandelure|88/100|[from] Spikes\n|turn|12\n|inactive|soruragnarok has 120 seconds left.\n|\n|t:|1695167146\n|move|p2a: Kingambit|Sucker Punch|p1a: Chandelure\n|-supereffective|p1a: Chandelure\n|-damage|p1a: Chandelure|0 fnt\n|faint|p1a: Chandelure\n|-damage|p2a: Kingambit|58/100|[from] item: Life Orb\n|\n|upkeep\n|inactive|soruragnarok has 120 seconds left.\n|\n|t:|1695167152\n|switch|p1a: Samurott|Samurott-Hisui, M|100/100\n|-damage|p1a: Samurott|88/100|[from] Spikes\n|turn|13\n|inactive|soruragnarok has 120 seconds left.\n|\n|t:|1695167173\n|-terastallize|p2a: Kingambit|Flying\n|move|p1a: Samurott|Sacred Sword|p2a: Kingambit\n|-resisted|p2a: Kingambit\n|-damage|p2a: Kingambit|40/100\n|-damage|p1a: Samurott|78/100|[from] item: Life Orb\n|move|p2a: Kingambit|Low Kick|p1a: Samurott\n|-supereffective|p1a: Samurott\n|-damage|p1a: Samurott|0 fnt\n|faint|p1a: Samurott\n|-damage|p2a: Kingambit|30/100|[from] item: Life Orb\n|\n|win|AardvarkMaster\n|raw|soruragnarok's rating: 1059 &rarr; <strong>1046</strong><br />(-13 for losing)\n|raw|AardvarkMaster's rating: 1162 &rarr; <strong>1180</strong><br />(+18 for winning)\n|c|\u2606AardvarkMaster|gg\n|c|\u2606soruragnarok|gg\n|l|\u2606soruragnarok\n", "uploadtime": 1695167182, "views": 2, "p1id": "soruragnarok", "p2id": "aardvarkmaster", "formatid": "gen9ou", "rating": 1046, "private": 0, "password": ""}