{"id": "gen9ou-1947553810", "p1": "KatySimp", "p2": "Ridgefell", "format": "gen9ou", "log": "|j|\u2606KatySimp\n|j|\u2606Ridgefell\n|t:|1695171982\n|gametype|singles\n|player|p1|KatySimp|266|1031\n|player|p2|Ridgefell|riley|1031\n|teamsize|p1|6\n|teamsize|p2|6\n|gen|9\n|tier|[Gen 9] OU\n|rated|\n|rule|Sleep Clause Mod: Limit one foe put to sleep\n|rule|Species Clause: Limit one of each Pok\u00e9mon\n|rule|OHKO Clause: OHKO moves are banned\n|rule|Evasion Items Clause: Evasion items are banned\n|rule|Evasion Moves Clause: Evasion moves are banned\n|rule|Endless Battle Clause: Forcing endless battles is banned\n|rule|HP Percentage Mod: HP is shown in percentages\n|clearpoke\n|poke|p1|Empoleon, F|\n|poke|p1|Torterra, M|\n|poke|p1|Infernape, F|\n|poke|p1|Ursaluna-Bloodmoon, M|\n|poke|p1|Mandibuzz, F|\n|poke|p1|Jirachi|\n|poke|p2|Corviknight, F|\n|poke|p2|Iron Treads|\n|poke|p2|Heatran, F|\n|poke|p2|Lucario, M|\n|poke|p2|Magnezone|\n|poke|p2|Scizor, M|\n|teampreview\n|\n|t:|1695171992\n|start\n|switch|p1a: cuckold|Jirachi|100/100\n|switch|p2a: Gajeel|Scizor, M|100/100\n|turn|1\n|\n|t:|1695172000\n|move|p1a: cuckold|Thunder Wave|p2a: Gajeel\n|-status|p2a: Gajeel|par\n|cant|p2a: Gajeel|par\n|\n|upkeep\n|turn|2\n|\n|t:|1695172010\n|switch|p1a: goku from fortnite|Infernape, F|100/100\n|move|p2a: Gajeel|U-turn|p1a: goku from fortnite\n|-resisted|p1a: goku from fortnite\n|-damage|p1a: goku from fortnite|81/100\n|-damage|p2a: Gajeel|91/100 par|[from] item: Life Orb\n|\n|t:|1695172017\n|switch|p2a: Corviknight|Corviknight, F|100/100|[from] U-turn\n|-ability|p2a: Corviknight|Pressure\n|\n|upkeep\n|turn|3\n|\n|t:|1695172023\n|move|p1a: goku from fortnite|Raging Fury|p2a: Corviknight\n|-supereffective|p2a: Corviknight\n|-damage|p2a: Corviknight|31/100\n|move|p2a: Corviknight|Iron Defense|p2a: Corviknight\n|-boost|p2a: Corviknight|def|2\n|\n|upkeep\n|turn|4\n|\n|t:|1695172034\n|move|p1a: goku from fortnite|Raging Fury|p2a: Corviknight|[from]lockedmove\n|-supereffective|p2a: Corviknight\n|-damage|p2a: Corviknight|0 fnt\n|faint|p2a: Corviknight\n|\n|upkeep\n|\n|t:|1695172048\n|switch|p2a: Fiammetta|Heatran, F|100/100\n|-item|p2a: Fiammetta|Air Balloon\n|turn|5\n|\n|t:|1695172056\n|move|p1a: goku from fortnite|Raging Fury|p2a: Fiammetta|[from]lockedmove\n|-start|p2a: Fiammetta|ability: Flash Fire\n|-start|p1a: goku from fortnite|confusion|[fatigue]\n|move|p2a: Fiammetta|Earth Power|p1a: goku from fortnite\n|-supereffective|p1a: goku from fortnite\n|-damage|p1a: goku from fortnite|0 fnt\n|faint|p1a: goku from fortnite\n|\n|upkeep\n|\n|t:|1695172073\n|switch|p1a: club penguin|Empoleon, F|100/100\n|turn|6\n|\n|t:|1695172077\n|move|p2a: Fiammetta|Earth Power|p1a: club penguin\n|-supereffective|p1a: club penguin\n|-damage|p1a: club penguin|39/100\n|move|p1a: club penguin|Surf|p2a: Fiammetta\n|-supereffective|p2a: Fiammetta\n|-damage|p2a: Fiammetta|0 fnt\n|-enditem|p2a: Fiammetta|Air Balloon\n|faint|p2a: Fiammetta\n|-damage|p1a: club penguin|29/100|[from] item: Life Orb\n|\n|upkeep\n|\n|t:|1695172086\n|switch|p2a: Iron Treads|Iron Treads|100/100\n|turn|7\n|\n|t:|1695172093\n|-terastallize|p1a: club penguin|Flying\n|move|p2a: Iron Treads|Earthquake|p1a: club penguin\n|-immune|p1a: club penguin\n|move|p1a: club penguin|Surf|p2a: Iron Treads\n|-supereffective|p2a: Iron Treads\n|-damage|p2a: Iron Treads|0 fnt\n|faint|p2a: Iron Treads\n|-end|p2a: Iron Treads|Quark Drive|[silent]\n|-damage|p1a: club penguin|19/100|[from] item: Life Orb\n|\n|upkeep\n|\n|t:|1695172102\n|switch|p2a: HK-51|Magnezone|100/100\n|turn|8\n|\n|t:|1695172107\n|switch|p1a: backbreaker|Torterra, M|100/100\n|move|p2a: HK-51|Thunderbolt|p1a: backbreaker\n|-immune|p1a: backbreaker\n|\n|upkeep\n|turn|9\n|-message|Ridgefell forfeited.\n|\n|win|KatySimp\n|raw|KatySimp's rating: 1031 &rarr; <strong>1066</strong><br />(+35 for winning)\n|raw|Ridgefell's rating: 1031 &rarr; <strong>1016</strong><br />(-15 for losing)\n|l|\u2606Ridgefell\n", "uploadtime": 1695172117, "views": 5, "p1id": "katysimp", "p2id": "ridgefell", "formatid": "gen9ou", "rating": 1016, "private": 0, "password": ""}