{"id": "gen9ou-1947517110", "p1": "SpagettiMeatball", "p2": "you shuckin me", "format": "gen9ou", "log": "|j|\u2606SpagettiMeatball\n|j|\u2606you shuckin me\n|t:|1695168400\n|gametype|singles\n|player|p1|SpagettiMeatball|102|1388\n|player|p2|you shuckin me|linebacker|1407\n|teamsize|p1|6\n|teamsize|p2|6\n|gen|9\n|tier|[Gen 9] OU\n|rated|\n|rule|Sleep Clause Mod: Limit one foe put to sleep\n|rule|Species Clause: Limit one of each Pok\u00e9mon\n|rule|OHKO Clause: OHKO moves are banned\n|rule|Evasion Items Clause: Evasion items are banned\n|rule|Evasion Moves Clause: Evasion moves are banned\n|rule|Endless Battle Clause: Forcing endless battles is banned\n|rule|HP Percentage Mod: HP is shown in percentages\n|clearpoke\n|poke|p1|Ogerpon-Hearthflame, F|\n|poke|p1|Kingambit, F|\n|poke|p1|Grimmsnarl, M|\n|poke|p1|Dragapult, F|\n|poke|p1|Cresselia, F|\n|poke|p1|Ursaluna-Bloodmoon, M|\n|poke|p2|Ogerpon-Hearthflame, F|\n|poke|p2|Dragonite, F|\n|poke|p2|Weezing-Galar, M|\n|poke|p2|Empoleon, M|\n|poke|p2|Zamazenta-*|\n|poke|p2|Great Tusk|\n|teampreview\n|\n|t:|1695168447\n|start\n|switch|p1a: Grimmsnarl|Grimmsnarl, M|100/100\n|switch|p2a: Weezing|Weezing-Galar, M, shiny|100/100\n|turn|1\n|inactive|Battle timer is ON: inactive players will automatically lose when time's up. (requested by you shuckin me)\n|\n|t:|1695168462\n|move|p1a: Grimmsnarl|Light Screen|p1a: Grimmsnarl\n|-sidestart|p1: SpagettiMeatball|move: Light Screen\n|move|p2a: Weezing|Dazzling Gleam|p1a: Grimmsnarl\n|-supereffective|p1a: Grimmsnarl\n|-damage|p1a: Grimmsnarl|81/100\n|\n|upkeep\n|turn|2\n|\n|t:|1695168468\n|move|p1a: Grimmsnarl|Taunt|p2a: Weezing\n|-start|p2a: Weezing|move: Taunt\n|cant|p2a: Weezing|move: Taunt|Will-O-Wisp\n|\n|upkeep\n|turn|3\n|\n|t:|1695168474\n|move|p1a: Grimmsnarl|Reflect|p1a: Grimmsnarl\n|-sidestart|p1: SpagettiMeatball|Reflect\n|move|p2a: Weezing|Dazzling Gleam|p1a: Grimmsnarl\n|-supereffective|p1a: Grimmsnarl\n|-damage|p1a: Grimmsnarl|63/100\n|\n|upkeep\n|turn|4\n|\n|t:|1695168483\n|move|p1a: Grimmsnarl|Parting Shot|p2a: Weezing\n|-unboost|p2a: Weezing|atk|1\n|-unboost|p2a: Weezing|spa|1\n|inactive|SpagettiMeatball has 120 seconds left.\n|\n|t:|1695168538\n|switch|p1a: Ursaluna|Ursaluna-Bloodmoon, M|100/100|[from] Parting Shot\n|move|p2a: Weezing|Flamethrower|p1a: Ursaluna\n|-damage|p1a: Ursaluna|96/100\n|\n|-end|p2a: Weezing|move: Taunt\n|upkeep\n|turn|5\n|\n|t:|1695168557\n|switch|p2a: Empoleon|Empoleon, M, shiny|100/100\n|move|p1a: Ursaluna|Harden|p1a: Ursaluna\n|-boost|p1a: Ursaluna|def|1\n|\n|upkeep\n|turn|6\n|\n|t:|1695168565\n|move|p1a: Ursaluna|Calm Mind|p1a: Ursaluna\n|-boost|p1a: Ursaluna|spa|1\n|-boost|p1a: Ursaluna|spd|1\n|move|p2a: Empoleon|Roar|p1a: Ursaluna\n|drag|p1a: Dragapult|Dragapult, F|100/100\n|\n|upkeep\n|turn|7\n|\n|t:|1695168577\n|move|p1a: Dragapult|Shadow Ball|p2a: Empoleon\n|-damage|p2a: Empoleon|68/100\n|move|p2a: Empoleon|Stealth Rock|p1a: Dragapult\n|-sidestart|p1: SpagettiMeatball|move: Stealth Rock\n|\n|-heal|p2a: Empoleon|74/100|[from] item: Leftovers\n|upkeep\n|turn|8\n|inactive|SpagettiMeatball has 120 seconds left.\n|\n|t:|1695168589\n|move|p1a: Dragapult|Shadow Ball|p2a: Empoleon\n|-damage|p2a: Empoleon|37/100\n|move|p2a: Empoleon|Roost|p2a: Empoleon\n|-heal|p2a: Empoleon|87/100\n|-singleturn|p2a: Empoleon|move: Roost\n|\n|-heal|p2a: Empoleon|93/100|[from] item: Leftovers\n|-sideend|p1: SpagettiMeatball|move: Light Screen\n|upkeep\n|turn|9\n|inactive|SpagettiMeatball has 120 seconds left.\n|\n|t:|1695168605\n|switch|p1a: Grimmsnarl|Grimmsnarl, M|63/100\n|-damage|p1a: Grimmsnarl|50/100|[from] Stealth Rock\n|move|p2a: Empoleon|Roar|p1a: Grimmsnarl\n|drag|p1a: Ursaluna|Ursaluna-Bloodmoon, M|96/100\n|-damage|p1a: Ursaluna|90/100|[from] Stealth Rock\n|\n|-heal|p2a: Empoleon|99/100|[from] item: Leftovers\n|upkeep\n|turn|10\n|inactive|SpagettiMeatball has 120 seconds left.\n|\n|t:|1695168623\n|move|p1a: Ursaluna|Moonlight|p1a: Ursaluna\n|-heal|p1a: Ursaluna|100/100\n|move|p2a: Empoleon|Surf|p1a: Ursaluna\n|-supereffective|p1a: Ursaluna\n|-crit|p1a: Ursaluna\n|-damage|p1a: Ursaluna|25/100\n|-enditem|p1a: Ursaluna|Sitrus Berry|[eat]\n|-heal|p1a: Ursaluna|50/100|[from] item: Sitrus Berry\n|\n|-heal|p2a: Empoleon|100/100|[from] item: Leftovers\n|-sideend|p1: SpagettiMeatball|Reflect\n|upkeep\n|turn|11\n|\n|t:|1695168638\n|switch|p1a: Cresselia|Cresselia, F|100/100\n|-damage|p1a: Cresselia|88/100|[from] Stealth Rock\n|move|p2a: Empoleon|Roar|p1a: Cresselia\n|drag|p1a: Grimmsnarl|Grimmsnarl, M|50/100\n|-damage|p1a: Grimmsnarl|38/100|[from] Stealth Rock\n|\n|upkeep\n|turn|12\n|\n|t:|1695168648\n|move|p1a: Grimmsnarl|Taunt|p2a: Empoleon\n|-start|p2a: Empoleon|move: Taunt\n|move|p2a: Empoleon|Surf|p1a: Grimmsnarl\n|-damage|p1a: Grimmsnarl|12/100\n|\n|upkeep\n|turn|13\n|inactive|SpagettiMeatball has 120 seconds left.\n|\n|t:|1695168659\n|move|p1a: Grimmsnarl|Light Screen|p1a: Grimmsnarl\n|-sidestart|p1: SpagettiMeatball|move: Light Screen\n|move|p2a: Empoleon|Surf|p1a: Grimmsnarl\n|-damage|p1a: Grimmsnarl|0 fnt\n|faint|p1a: Grimmsnarl\n|\n|upkeep\n|\n|t:|1695168662\n|switch|p1a: Ursaluna|Ursaluna-Bloodmoon, M|50/100\n|-damage|p1a: Ursaluna|44/100|[from] Stealth Rock\n|turn|14\n|\n|t:|1695168678\n|switch|p2a: Zamazenta|Zamazenta|100/100\n|-ability|p2a: Zamazenta|Dauntless Shield|boost\n|-boost|p2a: Zamazenta|def|1\n|-terastallize|p1a: Ursaluna|Poison\n|move|p1a: Ursaluna|Calm Mind|p1a: Ursaluna\n|-boost|p1a: Ursaluna|spa|1\n|-boost|p1a: Ursaluna|spd|1\n|\n|upkeep\n|turn|15\n|\n|t:|1695168693\n|move|p2a: Zamazenta|Iron Head|p1a: Ursaluna\n|-crit|p1a: Ursaluna\n|-damage|p1a: Ursaluna|4/100\n|move|p1a: Ursaluna|Moonlight|p1a: Ursaluna\n|-heal|p1a: Ursaluna|54/100\n|\n|upkeep\n|turn|16\n|\n|t:|1695168705\n|switch|p2a: Great Tusk|Great Tusk, shiny|100/100\n|move|p1a: Ursaluna|Harden|p1a: Ursaluna\n|-boost|p1a: Ursaluna|def|1\n|\n|upkeep\n|turn|17\n|\n|t:|1695168714\n|move|p2a: Great Tusk|Earthquake|p1a: Ursaluna\n|-supereffective|p1a: Ursaluna\n|-damage|p1a: Ursaluna|12/100\n|move|p1a: Ursaluna|Moonlight|p1a: Ursaluna\n|-heal|p1a: Ursaluna|62/100\n|\n|upkeep\n|turn|18\n|\n|t:|1695168729\n|move|p2a: Great Tusk|Earthquake|p1a: Ursaluna\n|-supereffective|p1a: Ursaluna\n|-damage|p1a: Ursaluna|24/100\n|move|p1a: Ursaluna|Harden|p1a: Ursaluna\n|-boost|p1a: Ursaluna|def|1\n|\n|upkeep\n|turn|19\n|\n|t:|1695168737\n|move|p2a: Great Tusk|Earthquake|p1a: Ursaluna\n|-supereffective|p1a: Ursaluna\n|-damage|p1a: Ursaluna|0 fnt\n|faint|p1a: Ursaluna\n|\n|upkeep\n|\n|t:|1695168750\n|switch|p1a: Cresselia|Cresselia, F|88/100\n|-damage|p1a: Cresselia|76/100|[from] Stealth Rock\n|turn|20\n|\n|t:|1695168762\n|-end|p2a: Great Tusk|Protosynthesis|[silent]\n|switch|p2a: Empoleon|Empoleon, M, shiny|100/100\n|move|p1a: Cresselia|Moonblast|p2a: Empoleon\n|-resisted|p2a: Empoleon\n|-damage|p2a: Empoleon|95/100\n|-unboost|p2a: Empoleon|spa|1\n|-ability|p2a: Empoleon|Competitive|boost\n|-boost|p2a: Empoleon|spa|2\n|\n|-heal|p1a: Cresselia|82/100|[from] item: Leftovers\n|-heal|p2a: Empoleon|100/100|[from] item: Leftovers\n|-sideend|p1: SpagettiMeatball|move: Light Screen\n|upkeep\n|turn|21\n|\n|t:|1695168779\n|move|p1a: Cresselia|Moonblast|p2a: Empoleon\n|-resisted|p2a: Empoleon\n|-crit|p2a: Empoleon\n|-damage|p2a: Empoleon|92/100\n|move|p2a: Empoleon|Surf|p1a: Cresselia\n|-damage|p1a: Cresselia|48/100\n|\n|-heal|p1a: Cresselia|55/100|[from] item: Leftovers\n|-heal|p2a: Empoleon|99/100|[from] item: Leftovers\n|upkeep\n|turn|22\n|-message|SpagettiMeatball forfeited.\n|\n|win|you shuckin me\n|raw|SpagettiMeatball's rating: 1388 &rarr; <strong>1369</strong><br />(-19 for losing)\n|raw|you shuckin me's rating: 1407 &rarr; <strong>1426</strong><br />(+19 for winning)\n|l|\u2606SpagettiMeatball\n", "uploadtime": 1695168795, "views": 2, "p1id": "spagettimeatball", "p2id": "youshuckinme", "formatid": "gen9ou", "rating": 1369, "private": 0, "password": ""}