{"id": "gen9ou-1947559133", "p1": "Pokethagoras", "p2": "chaperonrouge33", "format": "gen9ou", "log": "|j|\u2606Pokethagoras\n|j|\u2606chaperonrouge33\n|t:|1695172500\n|gametype|singles\n|player|p1|Pokethagoras|giovanni|1061\n|player|p2|chaperonrouge33|picnicker|1034\n|teamsize|p1|6\n|teamsize|p2|6\n|gen|9\n|tier|[Gen 9] OU\n|rated|\n|rule|Sleep Clause Mod: Limit one foe put to sleep\n|rule|Species Clause: Limit one of each Pok\u00e9mon\n|rule|OHKO Clause: OHKO moves are banned\n|rule|Evasion Items Clause: Evasion items are banned\n|rule|Evasion Moves Clause: Evasion moves are banned\n|rule|Endless Battle Clause: Forcing endless battles is banned\n|rule|HP Percentage Mod: HP is shown in percentages\n|clearpoke\n|poke|p1|Amoonguss, M|\n|poke|p1|Glimmora, F|\n|poke|p1|Garganacl, F|\n|poke|p1|Grimmsnarl, M|\n|poke|p1|Cresselia, F|\n|poke|p1|Great Tusk|\n|poke|p2|Ogerpon, F|\n|poke|p2|Glimmora, M|\n|poke|p2|Dragapult, M|\n|poke|p2|Iron Valiant|\n|poke|p2|Roaring Moon|\n|poke|p2|Moltres|\n|teampreview\n|inactive|Battle timer is ON: inactive players will automatically lose when time's up. (requested by Pokethagoras)\n|\n|t:|1695172505\n|start\n|switch|p1a: Glimmora|Glimmora, F|100/100\n|switch|p2a: Glimmora|Glimmora, M|100/100\n|turn|1\n|\n|t:|1695172518\n|-terastallize|p1a: Glimmora|Grass\n|move|p1a: Glimmora|Earth Power|p2a: Glimmora\n|-supereffective|p2a: Glimmora\n|-enditem|p2a: Glimmora|Focus Sash\n|-damage|p2a: Glimmora|1/100\n|move|p2a: Glimmora|Earth Power|p1a: Glimmora\n|-resisted|p1a: Glimmora\n|-damage|p1a: Glimmora|81/100\n|\n|upkeep\n|turn|2\n|\n|t:|1695172529\n|move|p1a: Glimmora|Stealth Rock|p2a: Glimmora\n|-sidestart|p2: chaperonrouge33|move: Stealth Rock\n|move|p2a: Glimmora|Sludge Wave|p1a: Glimmora\n|-supereffective|p1a: Glimmora\n|-damage|p1a: Glimmora|0 fnt\n|faint|p1a: Glimmora\n|\n|upkeep\n|\n|t:|1695172552\n|switch|p1a: Great Tusk|Great Tusk|100/100\n|turn|3\n|\n|t:|1695172559\n|move|p1a: Great Tusk|Close Combat|p2a: Glimmora\n|-damage|p2a: Glimmora|0 fnt\n|-unboost|p1a: Great Tusk|def|1\n|-unboost|p1a: Great Tusk|spd|1\n|-activate|p2a: Glimmora|ability: Toxic Debris\n|-sidestart|p1: Pokethagoras|move: Toxic Spikes\n|faint|p2a: Glimmora\n|\n|upkeep\n|\n|t:|1695172579\n|switch|p2a: Iron Valiant|Iron Valiant|100/100\n|-damage|p2a: Iron Valiant|94/100|[from] Stealth Rock\n|turn|4\n|\n|t:|1695172587\n|move|p2a: Iron Valiant|Moonblast|p1a: Great Tusk\n|-supereffective|p1a: Great Tusk\n|-enditem|p1a: Great Tusk|Focus Sash\n|-damage|p1a: Great Tusk|1/100\n|-unboost|p1a: Great Tusk|spa|1\n|move|p1a: Great Tusk|Headlong Rush|p2a: Iron Valiant\n|-damage|p2a: Iron Valiant|6/100\n|-unboost|p1a: Great Tusk|def|1\n|-unboost|p1a: Great Tusk|spd|1\n|\n|upkeep\n|turn|5\n|\n|t:|1695172598\n|move|p1a: Great Tusk|Protect|p1a: Great Tusk\n|-singleturn|p1a: Great Tusk|Protect\n|move|p2a: Iron Valiant|Moonblast|p1a: Great Tusk\n|-activate|p1a: Great Tusk|move: Protect\n|\n|upkeep\n|turn|6\n|\n|t:|1695172608\n|move|p2a: Iron Valiant|Moonblast|p1a: Great Tusk\n|-supereffective|p1a: Great Tusk\n|-damage|p1a: Great Tusk|0 fnt\n|faint|p1a: Great Tusk\n|-end|p1a: Great Tusk|Protosynthesis|[silent]\n|\n|upkeep\n|inactive|Pokethagoras has 120 seconds left.\n|\n|t:|1695172639\n|switch|p1a: Cresselia|Cresselia, F|100/100\n|turn|7\n|\n|t:|1695172651\n|move|p2a: Iron Valiant|Moonblast|p1a: Cresselia\n|-damage|p1a: Cresselia|40/100\n|-unboost|p1a: Cresselia|spa|1\n|move|p1a: Cresselia|Moonblast|p2a: Iron Valiant\n|-supereffective|p2a: Iron Valiant\n|-damage|p2a: Iron Valiant|0 fnt\n|faint|p2a: Iron Valiant\n|-end|p2a: Iron Valiant|Quark Drive|[silent]\n|\n|upkeep\n|\n|t:|1695172661\n|switch|p2a: Ogerpon|Ogerpon, F|100/100\n|-damage|p2a: Ogerpon|88/100|[from] Stealth Rock\n|turn|8\n|\n|t:|1695172670\n|move|p2a: Ogerpon|Swords Dance|p2a: Ogerpon\n|-boost|p2a: Ogerpon|atk|2\n|move|p1a: Cresselia|Lunar Blessing|p1a: Cresselia\n|-heal|p1a: Cresselia|65/100\n|\n|upkeep\n|turn|9\n|\n|t:|1695172683\n|move|p2a: Ogerpon|Ivy Cudgel|p1a: Cresselia\n|-damage|p1a: Cresselia|5/100\n|move|p1a: Cresselia|Moonblast|p2a: Ogerpon\n|-damage|p2a: Ogerpon|75/100\n|-unboost|p2a: Ogerpon|spa|1\n|-ability|p2a: Ogerpon|Defiant|boost\n|-boost|p2a: Ogerpon|atk|2\n|\n|upkeep\n|turn|10\n|\n|t:|1695172691\n|move|p2a: Ogerpon|Swords Dance|p2a: Ogerpon\n|-boost|p2a: Ogerpon|atk|2\n|move|p1a: Cresselia|Moonblast|p2a: Ogerpon\n|-damage|p2a: Ogerpon|61/100\n|\n|upkeep\n|turn|11\n|\n|t:|1695172703\n|move|p2a: Ogerpon|Ivy Cudgel|p1a: Cresselia\n|-damage|p1a: Cresselia|0 fnt\n|faint|p1a: Cresselia\n|\n|upkeep\n|\n|t:|1695172715\n|switch|p1a: Grimmsnarl|Grimmsnarl, M|100/100\n|-status|p1a: Grimmsnarl|psn\n|turn|12\n|\n|t:|1695172721\n|move|p1a: Grimmsnarl|Thunder Wave|p2a: Ogerpon|[miss]\n|-miss|p1a: Grimmsnarl|p2a: Ogerpon\n|move|p2a: Ogerpon|Ivy Cudgel|p1a: Grimmsnarl\n|-damage|p1a: Grimmsnarl|0 fnt\n|faint|p1a: Grimmsnarl\n|\n|upkeep\n|-message|Pokethagoras forfeited.\n|\n|win|chaperonrouge33\n|raw|Pokethagoras's rating: 1061 &rarr; <strong>1040</strong><br />(-21 for losing)\n|raw|chaperonrouge33's rating: 1034 &rarr; <strong>1072</strong><br />(+38 for winning)\n|l|\u2606Pokethagoras\n", "uploadtime": 1695172731, "views": 3, "p1id": "pokethagoras", "p2id": "chaperonrouge33", "formatid": "gen9ou", "rating": 1040, "private": 0, "password": ""}