{"id": "gen9ou-1947520416", "p1": "edy4g", "p2": "CNT JesusGP000", "format": "gen9ou", "log": "|j|\u2606edy4g\n|j|\u2606CNT JesusGP000\n|t:|1695168726\n|gametype|singles\n|player|p1|edy4g|266|1157\n|player|p2|CNT JesusGP000|miriam|1106\n|teamsize|p1|6\n|teamsize|p2|6\n|gen|9\n|tier|[Gen 9] OU\n|rated|\n|rule|Sleep Clause Mod: Limit one foe put to sleep\n|rule|Species Clause: Limit one of each Pok\u00e9mon\n|rule|OHKO Clause: OHKO moves are banned\n|rule|Evasion Items Clause: Evasion items are banned\n|rule|Evasion Moves Clause: Evasion moves are banned\n|rule|Endless Battle Clause: Forcing endless battles is banned\n|rule|HP Percentage Mod: HP is shown in percentages\n|clearpoke\n|poke|p1|Lokix, M|\n|poke|p1|Quaquaval, F|\n|poke|p1|Gholdengo|\n|poke|p1|Corviknight, M|\n|poke|p1|Ogerpon-Hearthflame, F|\n|poke|p1|Rillaboom, M|\n|poke|p2|Ursaluna-Bloodmoon, M|\n|poke|p2|Dragapult, F|\n|poke|p2|Clefable, M|\n|poke|p2|Dondozo, F|\n|poke|p2|Moltres|\n|poke|p2|Kingambit, F|\n|teampreview\n|\n|t:|1695168747\n|start\n|switch|p1a: Quaquaval|Quaquaval, F|100/100\n|switch|p2a: Clefable|Clefable, M|100/100\n|turn|1\n|\n|t:|1695168755\n|switch|p1a: Ogerpon|Ogerpon-Hearthflame, F|100/100\n|-ability|p1a: Ogerpon|Mold Breaker\n|move|p2a: Clefable|Moonblast|p1a: Ogerpon\n|-resisted|p1a: Ogerpon\n|-damage|p1a: Ogerpon|82/100\n|\n|upkeep\n|turn|2\n|\n|t:|1695168762\n|switch|p2a: Moltres|Moltres|100/100\n|move|p1a: Ogerpon|Swords Dance|p1a: Ogerpon\n|-boost|p1a: Ogerpon|atk|2\n|\n|upkeep\n|turn|3\n|\n|t:|1695168781\n|-terastallize|p1a: Ogerpon|Fire\n|detailschange|p1a: Ogerpon|Ogerpon-Hearthflame-Tera, F, tera:Fire\n|-ability|p1a: Ogerpon|Embody Aspect (Hearthflame)|boost\n|-boost|p1a: Ogerpon|atk|1\n|move|p1a: Ogerpon|Knock Off|p2a: Moltres\n|-damage|p2a: Moltres|11/100\n|-enditem|p2a: Moltres|Heavy-Duty Boots|[from] move: Knock Off|[of] p1a: Ogerpon\n|move|p2a: Moltres|Hurricane|p1a: Ogerpon\n|-damage|p1a: Ogerpon|32/100\n|\n|upkeep\n|turn|4\n|\n|t:|1695168792\n|move|p1a: Ogerpon|Trailblaze|p2a: Moltres\n|-resisted|p2a: Moltres\n|-damage|p2a: Moltres|0 fnt\n|-boost|p1a: Ogerpon|spe|1\n|faint|p2a: Moltres\n|\n|upkeep\n|\n|t:|1695168800\n|switch|p2a: Ursaluna|Ursaluna-Bloodmoon, M|100/100\n|turn|5\n|\n|t:|1695168807\n|move|p2a: Ursaluna|Vacuum Wave|p1a: Ogerpon\n|-damage|p1a: Ogerpon|14/100\n|move|p1a: Ogerpon|Trailblaze|p2a: Ursaluna\n|-supereffective|p2a: Ursaluna\n|-damage|p2a: Ursaluna|1/100\n|-boost|p1a: Ogerpon|spe|1\n|\n|-heal|p2a: Ursaluna|7/100|[from] item: Leftovers\n|upkeep\n|turn|6\n|\n|t:|1695168816\n|move|p2a: Ursaluna|Vacuum Wave|p1a: Ogerpon\n|-crit|p1a: Ogerpon\n|-damage|p1a: Ogerpon|0 fnt\n|faint|p1a: Ogerpon\n|\n|-heal|p2a: Ursaluna|13/100|[from] item: Leftovers\n|upkeep\n|\n|t:|1695168825\n|switch|p1a: Rillaboom|Rillaboom, M|100/100\n|-fieldstart|move: Grassy Terrain|[from] ability: Grassy Surge|[of] p1a: Rillaboom\n|turn|7\n|\n|t:|1695168830\n|switch|p2a: Dragapult|Dragapult, F|100/100\n|move|p1a: Rillaboom|Wood Hammer|p2a: Dragapult\n|-resisted|p2a: Dragapult\n|-damage|p2a: Dragapult|30/100\n|-damage|p1a: Rillaboom|79/100|[from] Recoil\n|\n|-heal|p2a: Dragapult|36/100|[from] Grassy Terrain\n|-heal|p2a: Dragapult|42/100|[from] item: Leftovers\n|-heal|p1a: Rillaboom|85/100|[from] Grassy Terrain\n|upkeep\n|turn|8\n|\n|t:|1695168836\n|move|p2a: Dragapult|Will-O-Wisp|p1a: Rillaboom\n|-status|p1a: Rillaboom|brn\n|move|p1a: Rillaboom|Wood Hammer|p2a: Dragapult\n|-resisted|p2a: Dragapult\n|-damage|p2a: Dragapult|8/100\n|-damage|p1a: Rillaboom|74/100 brn|[from] Recoil\n|\n|-heal|p2a: Dragapult|14/100|[from] Grassy Terrain\n|-heal|p2a: Dragapult|20/100|[from] item: Leftovers\n|-heal|p1a: Rillaboom|81/100 brn|[from] Grassy Terrain\n|-damage|p1a: Rillaboom|74/100 brn|[from] brn\n|upkeep\n|turn|9\n|\n|t:|1695168842\n|move|p2a: Dragapult|Hex|p1a: Rillaboom\n|-damage|p1a: Rillaboom|6/100 brn\n|move|p1a: Rillaboom|U-turn|p2a: Dragapult\n|-resisted|p2a: Dragapult\n|-damage|p2a: Dragapult|10/100\n|\n|t:|1695168851\n|switch|p1a: Quaquaval|Quaquaval, F|100/100|[from] U-turn\n|\n|-heal|p2a: Dragapult|16/100|[from] Grassy Terrain\n|-heal|p2a: Dragapult|22/100|[from] item: Leftovers\n|upkeep\n|turn|10\n|\n|t:|1695168854\n|move|p2a: Dragapult|Will-O-Wisp|p1a: Quaquaval\n|-status|p1a: Quaquaval|brn\n|move|p1a: Quaquaval|Aqua Step|p2a: Dragapult\n|-resisted|p2a: Dragapult\n|-damage|p2a: Dragapult|8/100\n|-boost|p1a: Quaquaval|spe|1\n|\n|-heal|p2a: Dragapult|14/100|[from] Grassy Terrain\n|-heal|p2a: Dragapult|20/100|[from] item: Leftovers\n|-damage|p1a: Quaquaval|94/100 brn|[from] brn\n|upkeep\n|turn|11\n|\n|t:|1695168859\n|move|p1a: Quaquaval|Aqua Step|p2a: Dragapult\n|-resisted|p2a: Dragapult\n|-damage|p2a: Dragapult|6/100\n|-boost|p1a: Quaquaval|spe|1\n|move|p2a: Dragapult|Hex|p1a: Quaquaval\n|-damage|p1a: Quaquaval|14/100 brn\n|\n|-heal|p1a: Quaquaval|20/100 brn|[from] Grassy Terrain\n|-heal|p1a: Quaquaval|27/100 brn|[from] item: Leftovers\n|-heal|p2a: Dragapult|12/100|[from] Grassy Terrain\n|-heal|p2a: Dragapult|18/100|[from] item: Leftovers\n|-damage|p1a: Quaquaval|20/100 brn|[from] brn\n|upkeep\n|turn|12\n|\n|t:|1695168865\n|switch|p2a: Dondozo|Dondozo, F|100/100\n|move|p1a: Quaquaval|Aqua Step|p2a: Dondozo\n|-resisted|p2a: Dondozo\n|-damage|p2a: Dondozo|96/100\n|-boost|p1a: Quaquaval|spe|1\n|\n|-heal|p1a: Quaquaval|27/100 brn|[from] Grassy Terrain\n|-heal|p1a: Quaquaval|33/100 brn|[from] item: Leftovers\n|-heal|p2a: Dondozo|100/100|[from] Grassy Terrain\n|-damage|p1a: Quaquaval|27/100 brn|[from] brn\n|upkeep\n|turn|13\n|\n|t:|1695168870\n|switch|p1a: Rillaboom|Rillaboom, M|6/100 brn\n|move|p2a: Dondozo|Body Press|p1a: Rillaboom\n|-damage|p1a: Rillaboom|0 fnt\n|faint|p1a: Rillaboom\n|\n|upkeep\n|\n|t:|1695168872\n|switch|p1a: Gholdengo|Gholdengo|100/100\n|turn|14\n|\n|t:|1695168879\n|move|p1a: Gholdengo|Trick|p2a: Dondozo\n|-activate|p1a: Gholdengo|move: Trick|[of] p2a: Dondozo\n|-item|p2a: Dondozo|Choice Scarf|[from] move: Trick\n|-item|p1a: Gholdengo|Heavy-Duty Boots|[from] move: Trick\n|move|p2a: Dondozo|Liquidation|p1a: Gholdengo\n|-damage|p1a: Gholdengo|69/100\n|\n|-heal|p1a: Gholdengo|75/100|[from] Grassy Terrain\n|-fieldend|move: Grassy Terrain\n|upkeep\n|turn|15\n|\n|t:|1695168884\n|move|p1a: Gholdengo|Thunderbolt|p2a: Dondozo\n|-supereffective|p2a: Dondozo\n|-damage|p2a: Dondozo|35/100\n|move|p2a: Dondozo|Liquidation|p1a: Gholdengo\n|-damage|p1a: Gholdengo|45/100\n|\n|upkeep\n|turn|16\n|\n|t:|1695168889\n|move|p1a: Gholdengo|Thunderbolt|p2a: Dondozo\n|-supereffective|p2a: Dondozo\n|-damage|p2a: Dondozo|0 fnt\n|faint|p2a: Dondozo\n|\n|upkeep\n|\n|t:|1695168894\n|switch|p2a: Dragapult|Dragapult, F|18/100\n|turn|17\n|\n|t:|1695168898\n|switch|p1a: Quaquaval|Quaquaval, F|27/100 brn\n|move|p2a: Dragapult|Hex|p1a: Quaquaval\n|-damage|p1a: Quaquaval|0 fnt\n|faint|p1a: Quaquaval\n|\n|-heal|p2a: Dragapult|24/100|[from] item: Leftovers\n|upkeep\n|\n|t:|1695168903\n|switch|p1a: Chapul\u00edn|Lokix, M, shiny|100/100\n|turn|18\n|\n|t:|1695168907\n|move|p1a: Chapul\u00edn|First Impression|p2a: Dragapult\n|-resisted|p2a: Dragapult\n|-damage|p2a: Dragapult|0 fnt\n|faint|p2a: Dragapult\n|\n|upkeep\n|\n|t:|1695168915\n|switch|p2a: Clefable|Clefable, M|100/100\n|turn|19\n|\n|t:|1695168922\n|switch|p1a: Gholdengo|Gholdengo|45/100\n|move|p2a: Clefable|Wish|p2a: Clefable\n|\n|upkeep\n|turn|20\n|\n|t:|1695168926\n|switch|p2a: Ursaluna|Ursaluna-Bloodmoon, M|13/100\n|move|p1a: Gholdengo|Trick|p2a: Ursaluna\n|-activate|p1a: Gholdengo|move: Trick|[of] p2a: Ursaluna\n|-item|p2a: Ursaluna|Heavy-Duty Boots|[from] move: Trick\n|-item|p1a: Gholdengo|Leftovers|[from] move: Trick\n|\n|-heal|p2a: Ursaluna|59/100|[from] move: Wish|[wisher] Clefable\n|-heal|p1a: Gholdengo|51/100|[from] item: Leftovers\n|upkeep\n|turn|21\n|\n|t:|1695168936\n|switch|p1a: Corviknight|Corviknight, M|100/100\n|-ability|p1a: Corviknight|Pressure\n|move|p2a: Ursaluna|Calm Mind|p2a: Ursaluna\n|-boost|p2a: Ursaluna|spa|1\n|-boost|p2a: Ursaluna|spd|1\n|\n|upkeep\n|turn|22\n|\n|t:|1695168944\n|move|p1a: Corviknight|Body Press|p2a: Ursaluna\n|-supereffective|p2a: Ursaluna\n|-damage|p2a: Ursaluna|25/100\n|move|p2a: Ursaluna|Calm Mind|p2a: Ursaluna\n|-boost|p2a: Ursaluna|spa|1\n|-boost|p2a: Ursaluna|spd|1\n|\n|upkeep\n|turn|23\n|\n|t:|1695168949\n|move|p2a: Ursaluna|Vacuum Wave|p1a: Corviknight\n|-damage|p1a: Corviknight|70/100\n|move|p1a: Corviknight|Body Press|p2a: Ursaluna\n|-supereffective|p2a: Ursaluna\n|-damage|p2a: Ursaluna|0 fnt\n|faint|p2a: Ursaluna\n|\n|upkeep\n|\n|t:|1695168952\n|switch|p2a: Kingambit|Kingambit, F|100/100\n|-activate|p2a: Kingambit|ability: Supreme Overlord\n|-start|p2a: Kingambit|fallen4|[silent]\n|turn|24\n|\n|t:|1695168958\n|-terastallize|p2a: Kingambit|Dark\n|move|p1a: Corviknight|Body Press|p2a: Kingambit\n|-supereffective|p2a: Kingambit\n|-damage|p2a: Kingambit|65/100\n|move|p2a: Kingambit|Kowtow Cleave|p1a: Corviknight\n|-damage|p1a: Corviknight|17/100\n|-damage|p2a: Kingambit|48/100|[from] item: Rocky Helmet|[of] p1a: Corviknight\n|\n|-heal|p2a: Kingambit|55/100|[from] item: Leftovers\n|upkeep\n|turn|25\n|\n|t:|1695168964\n|move|p2a: Kingambit|Sucker Punch|p1a: Corviknight\n|-damage|p1a: Corviknight|0 fnt\n|-damage|p2a: Kingambit|38/100|[from] item: Rocky Helmet|[of] p1a: Corviknight\n|faint|p1a: Corviknight\n|\n|-heal|p2a: Kingambit|44/100|[from] item: Leftovers\n|upkeep\n|\n|t:|1695168966\n|switch|p1a: Chapul\u00edn|Lokix, M, shiny|100/100\n|turn|26\n|\n|t:|1695168974\n|-end|p2a: Kingambit|fallen4|[silent]\n|switch|p2a: Clefable|Clefable, M|100/100\n|move|p1a: Chapul\u00edn|First Impression|p2a: Clefable\n|-resisted|p2a: Clefable\n|-damage|p2a: Clefable|49/100\n|\n|-heal|p2a: Clefable|55/100|[from] item: Leftovers\n|upkeep\n|turn|27\n|\n|t:|1695168980\n|switch|p1a: Gholdengo|Gholdengo|51/100\n|move|p2a: Clefable|Wish|p2a: Clefable\n|\n|-heal|p1a: Gholdengo|57/100|[from] item: Leftovers\n|-heal|p2a: Clefable|61/100|[from] item: Leftovers\n|upkeep\n|turn|28\n|\n|t:|1695168991\n|switch|p2a: Kingambit|Kingambit, F, tera:Dark|44/100\n|-activate|p2a: Kingambit|ability: Supreme Overlord\n|-start|p2a: Kingambit|fallen4|[silent]\n|move|p1a: Gholdengo|Shadow Ball|p2a: Kingambit\n|-resisted|p2a: Kingambit\n|-damage|p2a: Kingambit|25/100\n|\n|-heal|p2a: Kingambit|74/100|[from] move: Wish|[wisher] Clefable\n|-heal|p1a: Gholdengo|63/100|[from] item: Leftovers\n|-heal|p2a: Kingambit|80/100|[from] item: Leftovers\n|upkeep\n|turn|29\n|\n|t:|1695168998\n|move|p1a: Gholdengo|Thunderbolt|p2a: Kingambit\n|-damage|p2a: Kingambit|49/100\n|move|p2a: Kingambit|Kowtow Cleave|p1a: Gholdengo\n|-supereffective|p1a: Gholdengo\n|-damage|p1a: Gholdengo|0 fnt\n|faint|p1a: Gholdengo\n|\n|-heal|p2a: Kingambit|55/100|[from] item: Leftovers\n|upkeep\n|\n|t:|1695169003\n|switch|p1a: Chapul\u00edn|Lokix, M, shiny|100/100\n|turn|30\n|\n|t:|1695169006\n|-end|p2a: Kingambit|fallen4|[silent]\n|switch|p2a: Clefable|Clefable, M|61/100\n|move|p1a: Chapul\u00edn|Leech Life|p2a: Clefable\n|-resisted|p2a: Clefable\n|-damage|p2a: Clefable|20/100\n|\n|-heal|p2a: Clefable|26/100|[from] item: Leftovers\n|upkeep\n|turn|31\n|\n|t:|1695169010\n|move|p1a: Chapul\u00edn|Leech Life|p2a: Clefable\n|-resisted|p2a: Clefable\n|-damage|p2a: Clefable|0 fnt\n|faint|p2a: Clefable\n|\n|upkeep\n|\n|t:|1695169014\n|switch|p2a: Kingambit|Kingambit, F, tera:Dark|55/100\n|-activate|p2a: Kingambit|ability: Supreme Overlord\n|-start|p2a: Kingambit|fallen5|[silent]\n|turn|32\n|\n|t:|1695169016\n|move|p1a: Chapul\u00edn|Leech Life|p2a: Kingambit\n|-supereffective|p2a: Kingambit\n|-damage|p2a: Kingambit|0 fnt\n|faint|p2a: Kingambit\n|-end|p2a: Kingambit|fallen5|[silent]\n|\n|win|edy4g\n|raw|edy4g's rating: 1157 &rarr; <strong>1178</strong><br />(+21 for winning)\n|raw|CNT JesusGP000's rating: 1106 &rarr; <strong>1085</strong><br />(-21 for losing)\n|c|\u2606edy4g|gg\n|l|\u2606CNT JesusGP000\n", "uploadtime": 1695169502, "views": 2, "p1id": "edy4g", "p2id": "cntjesusgp000", "formatid": "gen9ou", "rating": 1085, "private": 0, "password": ""}