{"id": "gen9ou-1947569986", "p1": "sighz 0-0", "p2": "Idonotcare0982", "format": "gen9ou", "log": "|j|\u2606sighz 0-0\n|j|\u2606Idonotcare0982\n|t:|1695173546\n|gametype|singles\n|player|p1|sighz 0-0|may-contest|1267\n|player|p2|Idonotcare0982|ghetsis-gen5bw|1267\n|teamsize|p1|6\n|teamsize|p2|6\n|gen|9\n|tier|[Gen 9] OU\n|rated|\n|rule|Sleep Clause Mod: Limit one foe put to sleep\n|rule|Species Clause: Limit one of each Pok\u00e9mon\n|rule|OHKO Clause: OHKO moves are banned\n|rule|Evasion Items Clause: Evasion items are banned\n|rule|Evasion Moves Clause: Evasion moves are banned\n|rule|Endless Battle Clause: Forcing endless battles is banned\n|rule|HP Percentage Mod: HP is shown in percentages\n|clearpoke\n|poke|p1|Hatterene, F|\n|poke|p1|Ursaluna-Bloodmoon, M|\n|poke|p1|Cresselia, F|\n|poke|p1|Iron Hands|\n|poke|p1|Rillaboom, F|\n|poke|p1|Kingambit, M|\n|poke|p2|Ogerpon-Wellspring, F|\n|poke|p2|Manaphy|\n|poke|p2|Grimmsnarl, M|\n|poke|p2|Torterra, M|\n|poke|p2|Kommo-o, F|\n|poke|p2|Cinderace, M|\n|teampreview\n|\n|t:|1695173573\n|start\n|switch|p1a: Hatterene|Hatterene, F|100/100\n|switch|p2a: Grimmsnarl|Grimmsnarl, M|100/100\n|turn|1\n|\n|t:|1695173599\n|move|p2a: Grimmsnarl|Light Screen|p2a: Grimmsnarl\n|-sidestart|p2: Idonotcare0982|move: Light Screen\n|move|p1a: Hatterene|Trick Room|p1a: Hatterene\n|-fieldstart|move: Trick Room|[of] p1a: Hatterene\n|\n|upkeep\n|turn|2\n|\n|t:|1695173602\n|switch|p1a: Kingambit|Kingambit, M|100/100\n|move|p2a: Grimmsnarl|Reflect|p2a: Grimmsnarl\n|-sidestart|p2: Idonotcare0982|Reflect\n|\n|upkeep\n|turn|3\n|\n|t:|1695173613\n|switch|p2a: Kommo-o|Kommo-o, F|100/100\n|move|p1a: Kingambit|Swords Dance|p1a: Kingambit\n|-boost|p1a: Kingambit|atk|2\n|\n|upkeep\n|turn|4\n|\n|t:|1695173619\n|move|p1a: Kingambit|Iron Head|p2a: Kommo-o\n|-damage|p2a: Kommo-o|43/100\n|-damage|p1a: Kingambit|90/100|[from] item: Life Orb\n|move|p2a: Kommo-o|Clangorous Soul|p2a: Kommo-o\n|-boost|p2a: Kommo-o|atk|1\n|-boost|p2a: Kommo-o|def|1\n|-boost|p2a: Kommo-o|spa|1\n|-boost|p2a: Kommo-o|spd|1\n|-boost|p2a: Kommo-o|spe|1\n|-damage|p2a: Kommo-o|10/100\n|-enditem|p2a: Kommo-o|Throat Spray\n|-boost|p2a: Kommo-o|spa|1|[from] item: Throat Spray\n|\n|upkeep\n|turn|5\n|\n|t:|1695173624\n|move|p1a: Kingambit|Iron Head|p2a: Kommo-o\n|-damage|p2a: Kommo-o|0 fnt\n|faint|p2a: Kommo-o\n|-damage|p1a: Kingambit|80/100|[from] item: Life Orb\n|\n|-fieldend|move: Trick Room\n|upkeep\n|\n|t:|1695173631\n|switch|p2a: Torterra|Torterra, M, shiny|100/100\n|turn|6\n|\n|t:|1695173637\n|move|p2a: Torterra|Headlong Rush|p1a: Kingambit\n|-supereffective|p1a: Kingambit\n|-damage|p1a: Kingambit|0 fnt\n|-unboost|p2a: Torterra|def|1\n|-unboost|p2a: Torterra|spd|1\n|faint|p1a: Kingambit\n|-end|p1a: Kingambit|fallenundefined|[silent]\n|\n|upkeep\n|\n|t:|1695173644\n|switch|p1a: Rillaboom|Rillaboom, F|100/100\n|-fieldstart|move: Grassy Terrain|[from] ability: Grassy Surge|[of] p1a: Rillaboom\n|turn|7\n|\n|t:|1695173650\n|switch|p2a: Cinderace|Cinderace, M|100/100\n|move|p1a: Rillaboom|Wood Hammer|p2a: Cinderace\n|-resisted|p2a: Cinderace\n|-damage|p2a: Cinderace|53/100\n|-damage|p1a: Rillaboom|87/100|[from] Recoil\n|\n|-heal|p2a: Cinderace|59/100|[from] Grassy Terrain\n|-heal|p1a: Rillaboom|93/100|[from] Grassy Terrain\n|upkeep\n|turn|8\n|\n|t:|1695173658\n|switch|p1a: Cresselia|Cresselia, F, shiny|100/100\n|move|p2a: Cinderace|Pyro Ball|p1a: Cresselia\n|-damage|p1a: Cresselia|66/100\n|\n|-heal|p2a: Cinderace|65/100|[from] Grassy Terrain\n|-sideend|p2: Idonotcare0982|move: Light Screen\n|upkeep\n|turn|9\n|\n|t:|1695173666\n|switch|p2a: Grimmsnarl|Grimmsnarl, M|100/100\n|move|p1a: Cresselia|Trick Room|p1a: Cresselia\n|-fieldstart|move: Trick Room|[of] p1a: Cresselia\n|\n|-sideend|p2: Idonotcare0982|Reflect\n|upkeep\n|turn|10\n|\n|t:|1695173677\n|switch|p1a: Ursaluna|Ursaluna-Bloodmoon, M|100/100\n|move|p2a: Grimmsnarl|Reflect|p2a: Grimmsnarl\n|-sidestart|p2: Idonotcare0982|Reflect\n|\n|upkeep\n|turn|11\n|\n|t:|1695173683\n|move|p2a: Grimmsnarl|Parting Shot|p1a: Ursaluna\n|-unboost|p1a: Ursaluna|atk|1\n|-unboost|p1a: Ursaluna|spa|1\n|\n|t:|1695173689\n|switch|p2a: Ogerpon|Ogerpon-Wellspring, F|100/100|[from] Parting Shot\n|move|p1a: Ursaluna|Hyper Voice|p2a: Ogerpon\n|-damage|p2a: Ogerpon|56/100\n|-enditem|p1a: Ursaluna|Throat Spray\n|-boost|p1a: Ursaluna|spa|1|[from] item: Throat Spray\n|\n|-heal|p2a: Ogerpon|62/100|[from] Grassy Terrain\n|-fieldend|move: Grassy Terrain\n|upkeep\n|turn|12\n|\n|t:|1695173699\n|-terastallize|p2a: Ogerpon|Water\n|detailschange|p2a: Ogerpon|Ogerpon-Wellspring-Tera, F, tera:Water\n|-ability|p2a: Ogerpon|Embody Aspect (Wellspring)|boost\n|-boost|p2a: Ogerpon|spd|1\n|move|p1a: Ursaluna|Blood Moon|p2a: Ogerpon\n|-damage|p2a: Ogerpon|0 fnt\n|faint|p2a: Ogerpon\n|\n|upkeep\n|\n|t:|1695173717\n|switch|p2a: Grimmsnarl|Grimmsnarl, M|100/100\n|turn|13\n|\n|t:|1695173722\n|move|p2a: Grimmsnarl|Light Screen|p2a: Grimmsnarl\n|-sidestart|p2: Idonotcare0982|move: Light Screen\n|move|p1a: Ursaluna|Earth Power|p2a: Grimmsnarl\n|-damage|p2a: Grimmsnarl|71/100\n|-unboost|p2a: Grimmsnarl|spd|1\n|\n|-fieldend|move: Trick Room\n|upkeep\n|turn|14\n|\n|t:|1695173726\n|move|p2a: Grimmsnarl|Parting Shot|p1a: Ursaluna\n|-unboost|p1a: Ursaluna|atk|1\n|-unboost|p1a: Ursaluna|spa|1\n|\n|t:|1695173731\n|switch|p2a: Torterra|Torterra, M, shiny|100/100|[from] Parting Shot\n|move|p1a: Ursaluna|Blood Moon|p2a: Torterra\n|-damage|p2a: Torterra|70/100\n|\n|upkeep\n|turn|15\n|\n|t:|1695173743\n|switch|p1a: Rillaboom|Rillaboom, F|93/100\n|-fieldstart|move: Grassy Terrain|[from] ability: Grassy Surge|[of] p1a: Rillaboom\n|move|p2a: Torterra|Shell Smash|p2a: Torterra\n|-unboost|p2a: Torterra|def|1\n|-unboost|p2a: Torterra|spd|1\n|-boost|p2a: Torterra|atk|2\n|-boost|p2a: Torterra|spa|2\n|-boost|p2a: Torterra|spe|2\n|\n|-heal|p2a: Torterra|76/100|[from] Grassy Terrain\n|-heal|p1a: Rillaboom|99/100|[from] Grassy Terrain\n|upkeep\n|turn|16\n|\n|t:|1695173748\n|move|p2a: Torterra|Rock Blast|p1a: Rillaboom\n|-damage|p1a: Rillaboom|83/100\n|-crit|p1a: Rillaboom\n|-damage|p1a: Rillaboom|59/100\n|-damage|p1a: Rillaboom|42/100\n|-damage|p1a: Rillaboom|26/100\n|-damage|p1a: Rillaboom|10/100\n|-hitcount|p1a: Rillaboom|5\n|move|p1a: Rillaboom|Wood Hammer|p2a: Torterra\n|-damage|p2a: Torterra|0 fnt\n|faint|p2a: Torterra\n|-damage|p1a: Rillaboom|0 fnt|[from] Recoil\n|faint|p1a: Rillaboom\n|\n|upkeep\n|\n|t:|1695173775\n|switch|p1a: Cresselia|Cresselia, F, shiny|66/100\n|switch|p2a: Manaphy|Manaphy, shiny|100/100\n|turn|17\n|\n|t:|1695173780\n|move|p2a: Manaphy|Tail Glow|p2a: Manaphy\n|-boost|p2a: Manaphy|spa|3\n|move|p1a: Cresselia|Trick Room|p1a: Cresselia\n|-fieldstart|move: Trick Room|[of] p1a: Cresselia\n|\n|-sideend|p2: Idonotcare0982|Reflect\n|upkeep\n|turn|18\n|\n|t:|1695173787\n|move|p1a: Cresselia|Lunar Dance|p1a: Cresselia\n|faint|p1a: Cresselia\n|move|p2a: Manaphy|Surf|p1: Cresselia|[notarget]\n|-fail|p2a: Manaphy\n|\n|upkeep\n|\n|t:|1695173790\n|switch|p1a: Iron Hands|Iron Hands|100/100\n|-enditem|p1a: Iron Hands|Booster Energy\n|-activate|p1a: Iron Hands|ability: Quark Drive|[fromitem]\n|-start|p1a: Iron Hands|quarkdriveatk\n|turn|19\n|\n|t:|1695173795\n|move|p1a: Iron Hands|Wild Charge|p2a: Manaphy\n|-supereffective|p2a: Manaphy\n|-damage|p2a: Manaphy|0 fnt\n|faint|p2a: Manaphy\n|-damage|p1a: Iron Hands|83/100|[from] Recoil\n|\n|-heal|p1a: Iron Hands|89/100|[from] Grassy Terrain\n|-fieldend|move: Grassy Terrain\n|upkeep\n|\n|t:|1695173802\n|switch|p2a: Grimmsnarl|Grimmsnarl, M|71/100\n|turn|20\n|\n|t:|1695173813\n|move|p2a: Grimmsnarl|Parting Shot|p1a: Iron Hands\n|-unboost|p1a: Iron Hands|atk|1\n|-unboost|p1a: Iron Hands|spa|1\n|l|\u2606Idonotcare0982\n|player|p2|\n|j|\u2606Idonotcare0982\n|player|p2|Idonotcare0982|ghetsis-gen5bw\n|\n|t:|1695173858\n|switch|p2a: Cinderace|Cinderace, M|65/100|[from] Parting Shot\n|move|p1a: Iron Hands|Close Combat|p2a: Cinderace\n|-damage|p2a: Cinderace|0 fnt\n|-unboost|p1a: Iron Hands|def|1\n|-unboost|p1a: Iron Hands|spd|1\n|faint|p2a: Cinderace\n|\n|-sideend|p2: Idonotcare0982|move: Light Screen\n|upkeep\n|\n|t:|1695173860\n|switch|p2a: Grimmsnarl|Grimmsnarl, M|71/100\n|turn|21\n|\n|t:|1695173870\n|move|p2a: Grimmsnarl|Reflect|p2a: Grimmsnarl\n|-sidestart|p2: Idonotcare0982|Reflect\n|move|p1a: Iron Hands|Close Combat|p2a: Grimmsnarl\n|-damage|p2a: Grimmsnarl|45/100\n|-unboost|p1a: Iron Hands|def|1\n|-unboost|p1a: Iron Hands|spd|1\n|\n|-fieldend|move: Trick Room\n|upkeep\n|turn|22\n|\n|t:|1695173875\n|move|p2a: Grimmsnarl|Spirit Break|p1a: Iron Hands\n|-supereffective|p1a: Iron Hands\n|-damage|p1a: Iron Hands|14/100\n|-unboost|p1a: Iron Hands|spa|1\n|move|p1a: Iron Hands|Close Combat|p2a: Grimmsnarl\n|-damage|p2a: Grimmsnarl|20/100\n|-unboost|p1a: Iron Hands|def|1\n|-unboost|p1a: Iron Hands|spd|1\n|\n|upkeep\n|turn|23\n|\n|t:|1695173880\n|move|p2a: Grimmsnarl|Spirit Break|p1a: Iron Hands\n|-supereffective|p1a: Iron Hands\n|-damage|p1a: Iron Hands|0 fnt\n|faint|p1a: Iron Hands\n|-end|p1a: Iron Hands|Quark Drive|[silent]\n|\n|upkeep\n|\n|t:|1695173883\n|switch|p1a: Hatterene|Hatterene, F|100/100\n|-heal|p1a: Hatterene|100/100|[from] move: Lunar Dance\n|turn|24\n|\n|t:|1695173887\n|move|p2a: Grimmsnarl|Spirit Break|p1a: Hatterene\n|-damage|p1a: Hatterene|64/100\n|-unboost|p1a: Hatterene|spa|1\n|move|p1a: Hatterene|Dazzling Gleam|p2a: Grimmsnarl\n|-supereffective|p2a: Grimmsnarl\n|-damage|p2a: Grimmsnarl|0 fnt\n|faint|p2a: Grimmsnarl\n|\n|win|sighz 0-0\n|raw|sighz 0-0's rating: 1267 &rarr; <strong>1292</strong><br />(+25 for winning)\n|raw|Idonotcare0982's rating: 1267 &rarr; <strong>1242</strong><br />(-25 for losing)\n|l|\u2606Idonotcare0982\n|c|\u2606sighz 0-0|gg\n", "uploadtime": 1695173896, "views": 3, "p1id": "sighz00", "p2id": "idonotcare0982", "formatid": "gen9ou", "rating": 1242, "private": 0, "password": ""}