{"id": "gen9ou-1947541410", "p1": "Shaderu62", "p2": "WhenFurfrousFly~_~", "format": "gen9ou", "log": "|j|\u2606Shaderu62\n|j|\u2606WhenFurfrousFly~_~\n|t:|1695170790\n|gametype|singles\n|player|p1|Shaderu62|shadowtriad|1327\n|player|p2|WhenFurfrousFly~_~|dawn-gen4pt|1330\n|teamsize|p1|6\n|teamsize|p2|6\n|gen|9\n|tier|[Gen 9] OU\n|rated|\n|rule|Sleep Clause Mod: Limit one foe put to sleep\n|rule|Species Clause: Limit one of each Pok\u00e9mon\n|rule|OHKO Clause: OHKO moves are banned\n|rule|Evasion Items Clause: Evasion items are banned\n|rule|Evasion Moves Clause: Evasion moves are banned\n|rule|Endless Battle Clause: Forcing endless battles is banned\n|rule|HP Percentage Mod: HP is shown in percentages\n|clearpoke\n|poke|p1|Rillaboom, F|\n|poke|p1|Sneasler, M|\n|poke|p1|Heatran, M|\n|poke|p1|Dragapult, F|\n|poke|p1|Rotom-Wash|\n|poke|p1|Hatterene, F|\n|poke|p2|Torkoal, M|\n|poke|p2|Ogerpon-Hearthflame, F|\n|poke|p2|Walking Wake|\n|poke|p2|Great Tusk|\n|poke|p2|Sneasler, F|\n|poke|p2|Roaring Moon|\n|teampreview\n|inactive|Battle timer is ON: inactive players will automatically lose when time's up. (requested by WhenFurfrousFly~_~)\n|\n|t:|1695170867\n|start\n|switch|p1a: Rotom|Rotom-Wash|100/100\n|switch|p2a: Torkoal|Torkoal, M|100/100\n|-weather|SunnyDay|[from] ability: Drought|[of] p2a: Torkoal\n|turn|1\n|\n|t:|1695170876\n|move|p1a: Rotom|Hydro Pump|p2a: Torkoal\n|-supereffective|p2a: Torkoal\n|-damage|p2a: Torkoal|48/100\n|move|p2a: Torkoal|Stealth Rock|p1a: Rotom\n|-sidestart|p1: Shaderu62|move: Stealth Rock\n|\n|-weather|SunnyDay|[upkeep]\n|upkeep\n|turn|2\n|\n|t:|1695170882\n|switch|p2a: Sneasler|Sneasler, F|100/100\n|move|p1a: Rotom|Volt Switch|p2a: Sneasler\n|-damage|p2a: Sneasler|84/100\n|\n|t:|1695170890\n|switch|p1a: Dragapult|Dragapult, F|100/100|[from] Volt Switch\n|-damage|p1a: Dragapult|88/100|[from] Stealth Rock\n|\n|-weather|SunnyDay|[upkeep]\n|upkeep\n|turn|3\n|\n|t:|1695170897\n|move|p1a: Dragapult|Dragon Darts|p2a: Sneasler\n|-crit|p2a: Sneasler\n|-damage|p2a: Sneasler|0 fnt\n|faint|p2a: Sneasler\n|\n|-weather|SunnyDay|[upkeep]\n|upkeep\n|\n|t:|1695170907\n|switch|p2a: Walking Wake|Walking Wake|100/100\n|-activate|p2a: Walking Wake|ability: Protosynthesis\n|-start|p2a: Walking Wake|protosynthesisspe\n|turn|4\n|\n|t:|1695170926\n|switch|p1a: Rotom|Rotom-Wash|100/100\n|-damage|p1a: Rotom|88/100|[from] Stealth Rock\n|move|p2a: Walking Wake|Hydro Steam|p1a: Rotom\n|-resisted|p1a: Rotom\n|-damage|p1a: Rotom|37/100\n|\n|-weather|SunnyDay|[upkeep]\n|-heal|p1a: Rotom|44/100|[from] item: Leftovers\n|upkeep\n|turn|5\n|\n|t:|1695170938\n|move|p1a: Rotom|Protect|p1a: Rotom\n|-singleturn|p1a: Rotom|Protect\n|move|p2a: Walking Wake|Hydro Steam|p1a: Rotom\n|-activate|p1a: Rotom|move: Protect\n|\n|-weather|SunnyDay|[upkeep]\n|-heal|p1a: Rotom|50/100|[from] item: Leftovers\n|upkeep\n|turn|6\n|\n|t:|1695170943\n|move|p2a: Walking Wake|Hydro Steam|p1a: Rotom\n|-resisted|p1a: Rotom\n|-damage|p1a: Rotom|0 fnt\n|faint|p1a: Rotom\n|\n|-weather|SunnyDay|[upkeep]\n|upkeep\n|\n|t:|1695170955\n|switch|p1a: Rillaboom|Rillaboom, F|100/100\n|-damage|p1a: Rillaboom|88/100|[from] Stealth Rock\n|-fieldstart|move: Grassy Terrain|[from] ability: Grassy Surge|[of] p1a: Rillaboom\n|turn|7\n|\n|t:|1695170960\n|-end|p2a: Walking Wake|Protosynthesis|[silent]\n|switch|p2a: Great Tusk|Great Tusk|100/100\n|-activate|p2a: Great Tusk|ability: Protosynthesis\n|-start|p2a: Great Tusk|protosynthesisdef\n|move|p1a: Rillaboom|Grassy Glide|p2a: Great Tusk\n|-supereffective|p2a: Great Tusk\n|-damage|p2a: Great Tusk|58/100\n|\n|-weather|SunnyDay|[upkeep]\n|-heal|p1a: Rillaboom|94/100|[from] Grassy Terrain\n|-heal|p2a: Great Tusk|64/100|[from] Grassy Terrain\n|-heal|p2a: Great Tusk|70/100|[from] item: Leftovers\n|upkeep\n|turn|8\n|\n|t:|1695170965\n|-terastallize|p1a: Rillaboom|Grass\n|move|p1a: Rillaboom|Grassy Glide|p2a: Great Tusk\n|-supereffective|p2a: Great Tusk\n|-damage|p2a: Great Tusk|9/100\n|move|p2a: Great Tusk|Knock Off|p1a: Rillaboom\n|-damage|p1a: Rillaboom|61/100\n|-enditem|p1a: Rillaboom|Choice Band|[from] move: Knock Off|[of] p2a: Great Tusk\n|\n|-weather|none\n|-end|p2a: Great Tusk|Protosynthesis\n|-heal|p1a: Rillaboom|68/100|[from] Grassy Terrain\n|-heal|p2a: Great Tusk|15/100|[from] Grassy Terrain\n|-heal|p2a: Great Tusk|22/100|[from] item: Leftovers\n|upkeep\n|turn|9\n|\n|t:|1695170973\n|move|p1a: Rillaboom|Grassy Glide|p2a: Great Tusk\n|-supereffective|p2a: Great Tusk\n|-damage|p2a: Great Tusk|0 fnt\n|faint|p2a: Great Tusk\n|-end|p2a: Great Tusk|Protosynthesis|[silent]\n|\n|-heal|p1a: Rillaboom|74/100|[from] Grassy Terrain\n|upkeep\n|\n|t:|1695170975\n|switch|p2a: Torkoal|Torkoal, M|48/100\n|-weather|SunnyDay|[from] ability: Drought|[of] p2a: Torkoal\n|turn|10\n|\n|t:|1695170982\n|move|p1a: Rillaboom|High Horsepower|p2a: Torkoal\n|-supereffective|p2a: Torkoal\n|-damage|p2a: Torkoal|8/100\n|move|p2a: Torkoal|Lava Plume|p1a: Rillaboom\n|-supereffective|p1a: Rillaboom\n|-damage|p1a: Rillaboom|0 fnt\n|faint|p1a: Rillaboom\n|\n|-weather|SunnyDay|[upkeep]\n|-heal|p2a: Torkoal|14/100|[from] Grassy Terrain\n|upkeep\n|\n|t:|1695170986\n|switch|p1a: Sneasler|Sneasler, M|100/100\n|-damage|p1a: Sneasler|95/100|[from] Stealth Rock\n|-enditem|p1a: Sneasler|Grassy Seed\n|-boost|p1a: Sneasler|def|1|[from] item: Grassy Seed\n|turn|11\n|\n|t:|1695170992\n|move|p1a: Sneasler|Dire Claw|p2a: Torkoal\n|-crit|p2a: Torkoal\n|-damage|p2a: Torkoal|0 fnt\n|faint|p2a: Torkoal\n|\n|-weather|SunnyDay|[upkeep]\n|-heal|p1a: Sneasler|100/100|[from] Grassy Terrain\n|-fieldend|move: Grassy Terrain\n|upkeep\n|\n|t:|1695170996\n|switch|p2a: Walking Wake|Walking Wake|100/100\n|-activate|p2a: Walking Wake|ability: Protosynthesis\n|-start|p2a: Walking Wake|protosynthesisspe\n|turn|12\n|\n|t:|1695171001\n|-terastallize|p2a: Walking Wake|Water\n|move|p1a: Sneasler|Close Combat|p2a: Walking Wake\n|-damage|p2a: Walking Wake|21/100\n|-unboost|p1a: Sneasler|def|1\n|-unboost|p1a: Sneasler|spd|1\n|move|p2a: Walking Wake|Hydro Steam|p1a: Sneasler\n|-crit|p1a: Sneasler\n|-damage|p1a: Sneasler|0 fnt\n|faint|p1a: Sneasler\n|\n|-weather|SunnyDay|[upkeep]\n|upkeep\n|\n|t:|1695171012\n|switch|p1a: Hatterene|Hatterene, F|100/100\n|-damage|p1a: Hatterene|88/100|[from] Stealth Rock\n|turn|13\n|\n|t:|1695171020\n|move|p2a: Walking Wake|Hydro Steam|p1a: Hatterene\n|-damage|p1a: Hatterene|0 fnt\n|faint|p1a: Hatterene\n|\n|-weather|SunnyDay|[upkeep]\n|upkeep\n|-message|Shaderu62 forfeited.\n|\n|win|WhenFurfrousFly~_~\n|raw|Shaderu62's rating: 1327 &rarr; <strong>1307</strong><br />(-20 for losing)\n|raw|WhenFurfrousFly~_~'s rating: 1330 &rarr; <strong>1350</strong><br />(+20 for winning)\n|l|\u2606Shaderu62\n|l|\u2606WhenFurfrousFly~_~\n|j|\u2606WhenFurfrousFly~_~\n|player|p2|WhenFurfrousFly~_~|dawn-gen4pt\n|l|\u2606WhenFurfrousFly~_~\n|player|p2|\n|j|\u2606WhenFurfrousFly~_~\n|player|p2|WhenFurfrousFly~_~|dawn-gen4pt\n", "uploadtime": 1695171036, "views": 3, "p1id": "shaderu62", "p2id": "whenfurfrousfly", "formatid": "gen9ou", "rating": 1307, "private": 0, "password": ""}