{"id": "gen9ou-1947480787", "p1": "chickenburger2", "p2": "The2009Zapdos", "format": "gen9ou", "log": "|j|\u2606chickenburger2\n|j|\u2606The2009Zapdos\n|t:|1695164798\n|gametype|singles\n|player|p1|chickenburger2|101|1435\n|player|p2|The2009Zapdos|volkner|1412\n|teamsize|p1|6\n|teamsize|p2|6\n|gen|9\n|tier|[Gen 9] OU\n|rated|\n|rule|Sleep Clause Mod: Limit one foe put to sleep\n|rule|Species Clause: Limit one of each Pok\u00e9mon\n|rule|OHKO Clause: OHKO moves are banned\n|rule|Evasion Items Clause: Evasion items are banned\n|rule|Evasion Moves Clause: Evasion moves are banned\n|rule|Endless Battle Clause: Forcing endless battles is banned\n|rule|HP Percentage Mod: HP is shown in percentages\n|clearpoke\n|poke|p1|Zapdos|\n|poke|p1|Pelipper, M|\n|poke|p1|Ogerpon-Wellspring, F|\n|poke|p1|Barraskewda, F|\n|poke|p1|Dragapult, F|\n|poke|p1|Manaphy|\n|poke|p2|Great Tusk|\n|poke|p2|Heatran, F|\n|poke|p2|Dondozo, M|\n|poke|p2|Iron Valiant|\n|poke|p2|Ogerpon-Hearthflame, F|\n|poke|p2|Alomomola, M|\n|teampreview\n|inactive|Battle timer is ON: inactive players will automatically lose when time's up. (requested by The2009Zapdos)\n|c|\u2606The2009Zapdos|Glhf\n|\n|t:|1695164813\n|start\n|switch|p1a: Ogerpon|Ogerpon-Wellspring, F|100/100\n|switch|p2a: Great Tusk|Great Tusk|100/100\n|turn|1\n|\n|t:|1695164821\n|move|p1a: Ogerpon|Trailblaze|p2a: Great Tusk\n|-supereffective|p2a: Great Tusk\n|-damage|p2a: Great Tusk|61/100\n|-boost|p1a: Ogerpon|spe|1\n|move|p2a: Great Tusk|Stealth Rock|p1a: Ogerpon\n|-sidestart|p1: chickenburger2|move: Stealth Rock\n|\n|upkeep\n|turn|2\n|\n|t:|1695164829\n|move|p1a: Ogerpon|Trailblaze|p2a: Great Tusk\n|-supereffective|p2a: Great Tusk\n|-damage|p2a: Great Tusk|27/100\n|-boost|p1a: Ogerpon|spe|1\n|move|p2a: Great Tusk|Knock Off|p1a: Ogerpon\n|-damage|p1a: Ogerpon|74/100\n|\n|upkeep\n|turn|3\n|\n|t:|1695164835\n|move|p1a: Ogerpon|Swords Dance|p1a: Ogerpon\n|-boost|p1a: Ogerpon|atk|2\n|move|p2a: Great Tusk|Knock Off|p1a: Ogerpon\n|-damage|p1a: Ogerpon|48/100\n|\n|upkeep\n|turn|4\n|\n|t:|1695164840\n|move|p1a: Ogerpon|Ivy Cudgel|p2a: Great Tusk\n|-supereffective|p2a: Great Tusk\n|-damage|p2a: Great Tusk|0 fnt\n|faint|p2a: Great Tusk\n|-end|p2a: Great Tusk|Protosynthesis|[silent]\n|\n|upkeep\n|\n|t:|1695164847\n|switch|p2a: Dondozo|Dondozo, M|100/100\n|turn|5\n|\n|t:|1695164869\n|-terastallize|p2a: Dondozo|Grass\n|move|p1a: Ogerpon|Horn Leech|p2a: Dondozo\n|-resisted|p2a: Dondozo\n|-damage|p2a: Dondozo|86/100\n|-heal|p1a: Ogerpon|60/100|[from] drain|[of] p2a: Dondozo\n|move|p2a: Dondozo|Tera Blast|p1a: Ogerpon\n|-damage|p1a: Ogerpon|13/100\n|\n|upkeep\n|turn|6\n|\n|t:|1695164883\n|switch|p1a: Zapdos|Zapdos|100/100\n|move|p2a: Dondozo|Avalanche|p1a: Zapdos\n|-supereffective|p1a: Zapdos\n|-damage|p1a: Zapdos|67/100\n|-status|p2a: Dondozo|par|[from] ability: Static|[of] p1a: Zapdos\n|\n|upkeep\n|turn|7\n|\n|t:|1695164893\n|move|p1a: Zapdos|Volt Switch|p2a: Dondozo\n|-resisted|p2a: Dondozo\n|-damage|p2a: Dondozo|76/100 par\n|\n|t:|1695164897\n|switch|p1a: Pelipper|Pelipper, M|100/100|[from] Volt Switch\n|-damage|p1a: Pelipper|76/100|[from] Stealth Rock\n|-weather|RainDance|[from] ability: Drizzle|[of] p1a: Pelipper\n|cant|p2a: Dondozo|par\n|\n|-weather|RainDance|[upkeep]\n|upkeep\n|turn|8\n|c|\u2606chickenburger2|is this offensive??\n|\n|t:|1695164916\n|move|p1a: Pelipper|Hurricane|p2a: Dondozo\n|-supereffective|p2a: Dondozo\n|-damage|p2a: Dondozo|40/100 par\n|cant|p2a: Dondozo|par\n|\n|-weather|RainDance|[upkeep]\n|upkeep\n|turn|9\n|\n|t:|1695164923\n|switch|p2a: Heatran|Heatran, F|100/100\n|move|p1a: Pelipper|Hurricane|p2a: Heatran\n|-resisted|p2a: Heatran\n|-damage|p2a: Heatran|86/100\n|\n|-weather|RainDance|[upkeep]\n|upkeep\n|turn|10\n|\n|t:|1695164929\n|move|p2a: Heatran|Power Gem|p1a: Pelipper\n|-supereffective|p1a: Pelipper\n|-damage|p1a: Pelipper|7/100\n|move|p1a: Pelipper|Surf|p2a: Heatran\n|-supereffective|p2a: Heatran\n|-damage|p2a: Heatran|10/100\n|\n|-weather|RainDance|[upkeep]\n|upkeep\n|turn|11\n|\n|t:|1695164942\n|switch|p1a: Manaphy|Manaphy|100/100\n|-damage|p1a: Manaphy|88/100|[from] Stealth Rock\n|move|p2a: Heatran|Power Gem|p1a: Manaphy\n|-damage|p1a: Manaphy|68/100\n|\n|-weather|RainDance|[upkeep]\n|upkeep\n|turn|12\n|\n|t:|1695164954\n|move|p2a: Heatran|Power Gem|p1a: Manaphy\n|-damage|p1a: Manaphy|45/100\n|move|p1a: Manaphy|Tail Glow|p1a: Manaphy\n|-boost|p1a: Manaphy|spa|3\n|\n|-weather|RainDance|[upkeep]\n|upkeep\n|turn|13\n|\n|t:|1695164961\n|move|p2a: Heatran|Power Gem|p1a: Manaphy\n|-damage|p1a: Manaphy|25/100\n|move|p1a: Manaphy|Rest|p1a: Manaphy\n|-status|p1a: Manaphy|slp|[from] move: Rest\n|-heal|p1a: Manaphy|100/100 slp|[silent]\n|\n|-weather|RainDance|[upkeep]\n|-activate|p1a: Manaphy|ability: Hydration\n|-curestatus|p1a: Manaphy|slp|[msg]\n|upkeep\n|turn|14\n|\n|t:|1695164970\n|switch|p2a: Ogerpon|Ogerpon-Hearthflame, F|100/100\n|-ability|p2a: Ogerpon|Mold Breaker\n|move|p1a: Manaphy|Surf|p2a: Ogerpon\n|-damage|p2a: Ogerpon|0 fnt\n|faint|p2a: Ogerpon\n|\n|-weather|none\n|upkeep\n|\n|t:|1695164975\n|switch|p2a: Dondozo|Dondozo, M, tera:Grass|40/100 par\n|turn|15\n|\n|t:|1695164984\n|move|p1a: Manaphy|Surf|p2a: Dondozo\n|-resisted|p2a: Dondozo\n|-damage|p2a: Dondozo|28/100 par\n|move|p2a: Dondozo|Tera Blast|p1a: Manaphy\n|-supereffective|p1a: Manaphy\n|-damage|p1a: Manaphy|45/100\n|\n|upkeep\n|turn|16\n|\n|t:|1695164993\n|switch|p1a: Pelipper|Pelipper, M|7/100\n|-damage|p1a: Pelipper|0 fnt|[from] Stealth Rock\n|faint|p1a: Pelipper\n|move|p2a: Dondozo|Tera Blast|p1: Pelipper|[notarget]\n|-fail|p2a: Dondozo\n|\n|upkeep\n|\n|t:|1695165012\n|switch|p1a: Dragapult|Dragapult, F|100/100\n|-damage|p1a: Dragapult|88/100|[from] Stealth Rock\n|turn|17\n|\n|t:|1695165020\n|switch|p2a: Heatran|Heatran, F|10/100\n|move|p1a: Dragapult|Flamethrower|p2a: Heatran\n|-start|p2a: Heatran|ability: Flash Fire\n|\n|upkeep\n|turn|18\n|j| CyborgCrafter\n|\n|t:|1695165034\n|switch|p1a: Manaphy|Manaphy|45/100\n|-damage|p1a: Manaphy|33/100|[from] Stealth Rock\n|move|p2a: Heatran|Flamethrower|p1a: Manaphy\n|-resisted|p1a: Manaphy\n|-damage|p1a: Manaphy|7/100\n|\n|upkeep\n|turn|19\n|\n|t:|1695165042\n|move|p2a: Heatran|Flamethrower|p1a: Manaphy\n|-resisted|p1a: Manaphy\n|-damage|p1a: Manaphy|0 fnt\n|faint|p1a: Manaphy\n|\n|upkeep\n|\n|t:|1695165047\n|switch|p1a: Ogerpon|Ogerpon-Wellspring, F|13/100\n|-damage|p1a: Ogerpon|1/100|[from] Stealth Rock\n|turn|20\n|\n|t:|1695165054\n|move|p2a: Heatran|Flamethrower|p1a: Ogerpon\n|-damage|p1a: Ogerpon|0 fnt\n|faint|p1a: Ogerpon\n|\n|upkeep\n|\n|t:|1695165061\n|switch|p1a: Dragapult|Dragapult, F|88/100\n|-damage|p1a: Dragapult|76/100|[from] Stealth Rock\n|turn|21\n|\n|t:|1695165067\n|move|p1a: Dragapult|Hydro Pump|p2a: Heatran|[miss]\n|-miss|p1a: Dragapult|p2a: Heatran\n|move|p2a: Heatran|Flamethrower|p1a: Dragapult\n|-resisted|p1a: Dragapult\n|-damage|p1a: Dragapult|33/100\n|\n|upkeep\n|turn|22\n|\n|t:|1695165072\n|move|p1a: Dragapult|Hydro Pump|p2a: Heatran\n|-supereffective|p2a: Heatran\n|-damage|p2a: Heatran|0 fnt\n|faint|p2a: Heatran\n|\n|upkeep\n|\n|t:|1695165079\n|switch|p2a: Iron Valiant|Iron Valiant|100/100\n|-enditem|p2a: Iron Valiant|Booster Energy\n|-activate|p2a: Iron Valiant|ability: Quark Drive|[fromitem]\n|-start|p2a: Iron Valiant|quarkdrivespe\n|turn|23\n|\n|t:|1695165093\n|switch|p1a: Barraskewda|Barraskewda, F|100/100\n|-damage|p1a: Barraskewda|88/100|[from] Stealth Rock\n|move|p2a: Iron Valiant|Moonblast|p1a: Barraskewda\n|-damage|p1a: Barraskewda|0 fnt\n|faint|p1a: Barraskewda\n|\n|upkeep\n|\n|t:|1695165099\n|switch|p1a: Zapdos|Zapdos|67/100\n|turn|24\n|\n|t:|1695165114\n|-terastallize|p1a: Zapdos|Steel\n|move|p2a: Iron Valiant|Moonblast|p1a: Zapdos\n|-resisted|p1a: Zapdos\n|-crit|p1a: Zapdos\n|-damage|p1a: Zapdos|32/100\n|move|p1a: Zapdos|Hurricane|p2a: Iron Valiant|[miss]\n|-miss|p1a: Zapdos|p2a: Iron Valiant\n|\n|upkeep\n|turn|25\n|\n|t:|1695165121\n|move|p2a: Iron Valiant|Vacuum Wave|p1a: Zapdos\n|-supereffective|p1a: Zapdos\n|-damage|p1a: Zapdos|0 fnt\n|faint|p1a: Zapdos\n|\n|upkeep\n|\n|t:|1695165125\n|switch|p1a: Dragapult|Dragapult, F|33/100\n|-damage|p1a: Dragapult|21/100|[from] Stealth Rock\n|turn|26\n|c| CyborgCrafter|zapdos\n|c| CyborgCrafter|why alomomola?\n|c|\u2606The2009Zapdos|No way\n|c|\u2606The2009Zapdos|Surprise guest\n|c|\u2606The2009Zapdos|\ud83d\udc80\ud83d\udc80\ud83d\udc80\n|c| CyborgCrafter|lol\n|\n|t:|1695165153\n|move|p2a: Iron Valiant|Moonblast|p1a: Dragapult\n|-supereffective|p1a: Dragapult\n|-damage|p1a: Dragapult|0 fnt\n|faint|p1a: Dragapult\n|\n|win|The2009Zapdos\n|raw|chickenburger2's rating: 1435 &rarr; <strong>1414</strong><br />(-21 for losing)\n|raw|The2009Zapdos's rating: 1412 &rarr; <strong>1433</strong><br />(+21 for winning)\n|c|\u2606The2009Zapdos|Gg\n|l|\u2606chickenburger2\n", "uploadtime": 1695165179, "views": 3, "p1id": "chickenburger2", "p2id": "the2009zapdos", "formatid": "gen9ou", "rating": 1414, "private": 0, "password": ""}