{"id": "gen9ou-1947544051", "p1": "Kekoweko", "p2": "Ruling Fool", "format": "gen9ou", "log": "|j|\u2606Kekoweko\n|j|\u203dRuling Fool\n|t:|1695171043\n|gametype|singles\n|player|p1|Kekoweko|workerice|1000\n|player|p2|Ruling Fool|plasmagruntf-gen5bw|1087\n|teamsize|p1|6\n|teamsize|p2|6\n|gen|9\n|tier|[Gen 9] OU\n|rated|\n|rule|Sleep Clause Mod: Limit one foe put to sleep\n|rule|Species Clause: Limit one of each Pok\u00e9mon\n|rule|OHKO Clause: OHKO moves are banned\n|rule|Evasion Items Clause: Evasion items are banned\n|rule|Evasion Moves Clause: Evasion moves are banned\n|rule|Endless Battle Clause: Forcing endless battles is banned\n|rule|HP Percentage Mod: HP is shown in percentages\n|clearpoke\n|poke|p1|Fezandipiti, M|\n|poke|p1|Infernape, F|\n|poke|p1|Ninetales-Alola, F|\n|poke|p1|Frosmoth, M|\n|poke|p1|Slowking-Galar, M|\n|poke|p1|Mamoswine, F|\n|poke|p2|Chandelure, F|\n|poke|p2|Meowscarada, F|\n|poke|p2|Ogerpon, F|\n|poke|p2|Great Tusk|\n|poke|p2|Cramorant, F|\n|poke|p2|Ribombee, M|\n|teampreview\n|\n|t:|1695171051\n|start\n|switch|p1a: Fezandipiti|Fezandipiti, M|100/100\n|switch|p2a: Cramorant|Cramorant, F, shiny|100/100\n|turn|1\n|\n|t:|1695171056\n|move|p1a: Fezandipiti|Beat Up|p2a: Cramorant\n|-damage|p2a: Cramorant|94/100\n|-status|p2a: Cramorant|tox|[from] ability: Toxic Chain|[of] p1a: Fezandipiti\n|-damage|p2a: Cramorant|88/100 tox\n|-damage|p2a: Cramorant|83/100 tox\n|-damage|p2a: Cramorant|78/100 tox\n|-damage|p2a: Cramorant|73/100 tox\n|-damage|p2a: Cramorant|65/100 tox\n|-hitcount|p2a: Cramorant|6\n|move|p2a: Cramorant|Surf|p1a: Fezandipiti\n|-formechange|p2a: Cramorant|Cramorant-Gulping|\n|-damage|p1a: Fezandipiti|73/100\n|\n|-damage|p2a: Cramorant|59/100 tox|[from] psn\n|upkeep\n|turn|2\n|\n|t:|1695171081\n|move|p1a: Fezandipiti|Beat Up|p2a: Cramorant\n|-damage|p2a: Cramorant|52/100 tox\n|-damage|p1a: Fezandipiti|48/100|[from] ability: Gulp Missile|[of] p2a: Cramorant\n|-unboost|p1a: Fezandipiti|def|1\n|-formechange|p2a: Cramorant|Cramorant|\n|-damage|p2a: Cramorant|46/100 tox\n|-damage|p2a: Cramorant|41/100 tox\n|-damage|p2a: Cramorant|37/100 tox\n|-damage|p2a: Cramorant|33/100 tox\n|-damage|p2a: Cramorant|26/100 tox\n|-hitcount|p2a: Cramorant|6\n|move|p2a: Cramorant|Tailwind|p2a: Cramorant\n|-sidestart|p2: Ruling Fool|move: Tailwind\n|\n|-damage|p2a: Cramorant|14/100 tox|[from] psn\n|upkeep\n|turn|3\n|\n|t:|1695171095\n|move|p2a: Cramorant|Surf|p1a: Fezandipiti\n|-formechange|p2a: Cramorant|Cramorant-Gorging|\n|-damage|p1a: Fezandipiti|23/100\n|move|p1a: Fezandipiti|Tailwind|p1a: Fezandipiti\n|-sidestart|p1: Kekoweko|move: Tailwind\n|\n|-damage|p2a: Cramorant|0 fnt|[from] psn\n|faint|p2a: Cramorant\n|upkeep\n|\n|t:|1695171107\n|switch|p2a: Ribombee|Ribombee, M, shiny|100/100\n|turn|4\n|\n|t:|1695171112\n|switch|p1a: Ninetales|Ninetales-Alola, F, shiny|100/100\n|-weather|Snow|[from] ability: Snow Warning|[of] p1a: Ninetales\n|move|p2a: Ribombee|Dazzling Gleam|p1a: Ninetales\n|-damage|p1a: Ninetales|65/100\n|\n|-weather|Snow|[upkeep]\n|upkeep\n|turn|5\n|\n|t:|1695171121\n|move|p2a: Ribombee|Sticky Web|p1a: Ninetales\n|-sidestart|p1: Kekoweko|move: Sticky Web\n|move|p1a: Ninetales|Aurora Veil|p1a: Ninetales\n|-sidestart|p1: Kekoweko|move: Aurora Veil\n|\n|-weather|Snow|[upkeep]\n|-sideend|p2: Ruling Fool|move: Tailwind\n|upkeep\n|turn|6\n|\n|t:|1695171126\n|switch|p1a: Frosmoth|Frosmoth, M|100/100\n|-activate|p1a: Frosmoth|move: Sticky Web\n|-unboost|p1a: Frosmoth|spe|1\n|move|p2a: Ribombee|Bug Buzz|p1a: Frosmoth\n|-damage|p1a: Frosmoth|88/100\n|\n|-weather|Snow|[upkeep]\n|-heal|p1a: Frosmoth|94/100|[from] item: Leftovers\n|-sideend|p1: Kekoweko|move: Tailwind\n|upkeep\n|turn|7\n|\n|t:|1695171138\n|switch|p2a: Great Tusk|Great Tusk|100/100\n|move|p1a: Frosmoth|Quiver Dance|p1a: Frosmoth\n|-boost|p1a: Frosmoth|spa|1\n|-boost|p1a: Frosmoth|spd|1\n|-boost|p1a: Frosmoth|spe|1\n|\n|-weather|Snow|[upkeep]\n|-heal|p1a: Frosmoth|99/100|[from] item: Leftovers\n|upkeep\n|turn|8\n|\n|t:|1695171147\n|move|p1a: Frosmoth|Blizzard|p2a: Great Tusk\n|-supereffective|p2a: Great Tusk\n|-damage|p2a: Great Tusk|0 fnt\n|faint|p2a: Great Tusk\n|-end|p2a: Great Tusk|Protosynthesis|[silent]\n|\n|-weather|none\n|-heal|p1a: Frosmoth|100/100|[from] item: Leftovers\n|upkeep\n|\n|t:|1695171153\n|switch|p2a: Chandelure|Chandelure, F, shiny|100/100\n|turn|9\n|\n|t:|1695171157\n|-terastallize|p2a: Chandelure|Fire\n|-terastallize|p1a: Frosmoth|Ground\n|move|p2a: Chandelure|Flamethrower|p1a: Frosmoth\n|-crit|p1a: Frosmoth\n|-damage|p1a: Frosmoth|0 fnt\n|faint|p1a: Frosmoth\n|\n|upkeep\n|inactive|Battle timer is ON: inactive players will automatically lose when time's up. (requested by Ruling Fool)\n|\n|t:|1695171198\n|switch|p1a: Fezandipiti|Fezandipiti, M|23/100\n|-activate|p1a: Fezandipiti|move: Sticky Web\n|-unboost|p1a: Fezandipiti|spe|1\n|turn|10\n|\n|t:|1695171202\n|move|p2a: Chandelure|Flamethrower|p1a: Fezandipiti\n|-damage|p1a: Fezandipiti|0 fnt\n|faint|p1a: Fezandipiti\n|\n|upkeep\n|\n|t:|1695171206\n|switch|p1a: Infernape|Infernape, F|100/100\n|turn|11\n|\n|t:|1695171212\n|move|p1a: Infernape|Knock Off|p2a: Chandelure\n|-damage|p2a: Chandelure|57/100\n|-enditem|p2a: Chandelure|Choice Specs|[from] move: Knock Off|[of] p1a: Infernape\n|move|p2a: Chandelure|Flamethrower|p1a: Infernape\n|-resisted|p1a: Infernape\n|-damage|p1a: Infernape|71/100\n|\n|upkeep\n|turn|12\n|\n|t:|1695171219\n|move|p1a: Infernape|Drain Punch|p2a: Chandelure\n|-damage|p2a: Chandelure|0 fnt\n|-heal|p1a: Infernape|96/100|[from] drain|[of] p2a: Chandelure\n|faint|p2a: Chandelure\n|\n|-sideend|p1: Kekoweko|move: Aurora Veil\n|upkeep\n|\n|t:|1695171229\n|switch|p2a: Ribombee|Ribombee, M, shiny|100/100\n|turn|13\n|\n|t:|1695171233\n|move|p2a: Ribombee|Dazzling Gleam|p1a: Infernape\n|-damage|p1a: Infernape|45/100\n|move|p1a: Infernape|Knock Off|p2a: Ribombee\n|-resisted|p2a: Ribombee\n|-damage|p2a: Ribombee|73/100\n|-enditem|p2a: Ribombee|Focus Sash|[from] move: Knock Off|[of] p1a: Infernape\n|\n|upkeep\n|turn|14\n|\n|t:|1695171241\n|move|p2a: Ribombee|Dazzling Gleam|p1a: Infernape\n|-damage|p1a: Infernape|0 fnt\n|faint|p1a: Infernape\n|\n|upkeep\n|\n|t:|1695171246\n|switch|p1a: Slowking|Slowking-Galar, M, shiny|100/100\n|turn|15\n|\n|t:|1695171250\n|move|p2a: Ribombee|Bug Buzz|p1a: Slowking\n|-damage|p1a: Slowking|68/100\n|move|p1a: Slowking|Flamethrower|p2a: Ribombee\n|-supereffective|p2a: Ribombee\n|-crit|p2a: Ribombee\n|-damage|p2a: Ribombee|0 fnt\n|faint|p2a: Ribombee\n|\n|upkeep\n|\n|t:|1695171260\n|switch|p2a: Ogerpon|Ogerpon, F|100/100\n|turn|16\n|\n|t:|1695171268\n|move|p2a: Ogerpon|Knock Off|p1a: Slowking\n|-supereffective|p1a: Slowking\n|-damage|p1a: Slowking|0 fnt\n|-enditem|p1a: Slowking|Heavy-Duty Boots|[from] move: Knock Off|[of] p2a: Ogerpon\n|faint|p1a: Slowking\n|\n|upkeep\n|\n|t:|1695171273\n|switch|p1a: Ninetales|Ninetales-Alola, F, shiny|65/100\n|-activate|p1a: Ninetales|move: Sticky Web\n|-unboost|p1a: Ninetales|spe|1\n|-weather|Snow|[from] ability: Snow Warning|[of] p1a: Ninetales\n|turn|17\n|\n|t:|1695171280\n|move|p2a: Ogerpon|Knock Off|p1a: Ninetales\n|-resisted|p1a: Ninetales\n|-damage|p1a: Ninetales|44/100\n|-enditem|p1a: Ninetales|Light Clay|[from] move: Knock Off|[of] p2a: Ogerpon\n|move|p1a: Ninetales|Aurora Veil|p1a: Ninetales\n|-sidestart|p1: Kekoweko|move: Aurora Veil\n|\n|-weather|Snow|[upkeep]\n|upkeep\n|turn|18\n|\n|t:|1695171288\n|switch|p2a: Meowscarada|Meowscarada, F|100/100\n|move|p1a: Ninetales|Blizzard|p2a: Meowscarada\n|-supereffective|p2a: Meowscarada\n|-damage|p2a: Meowscarada|4/100\n|\n|-weather|Snow|[upkeep]\n|upkeep\n|turn|19\n|\n|t:|1695171295\n|move|p2a: Meowscarada|Flower Trick|p1a: Ninetales\n|-start|p2a: Meowscarada|typechange|Grass|[from] ability: Protean\n|-crit|p1a: Ninetales\n|-damage|p1a: Ninetales|6/100\n|move|p1a: Ninetales|Blizzard|p2a: Meowscarada\n|-supereffective|p2a: Meowscarada\n|-damage|p2a: Meowscarada|0 fnt\n|faint|p2a: Meowscarada\n|\n|-weather|Snow|[upkeep]\n|upkeep\n|\n|t:|1695171300\n|switch|p2a: Ogerpon|Ogerpon, F|100/100\n|turn|20\n|\n|t:|1695171306\n|move|p2a: Ogerpon|Low Kick|p1a: Ninetales\n|-damage|p1a: Ninetales|0 fnt\n|faint|p1a: Ninetales\n|\n|-weather|Snow|[upkeep]\n|upkeep\n|\n|t:|1695171310\n|switch|p1a: Mamoswine|Mamoswine, F|100/100\n|-activate|p1a: Mamoswine|move: Sticky Web\n|-unboost|p1a: Mamoswine|spe|1\n|turn|21\n|\n|t:|1695171316\n|move|p1a: Mamoswine|Ice Shard|p2a: Ogerpon\n|-supereffective|p2a: Ogerpon\n|-damage|p2a: Ogerpon|38/100\n|move|p2a: Ogerpon|Low Kick|p1a: Mamoswine\n|-supereffective|p1a: Mamoswine\n|-damage|p1a: Mamoswine|60/100\n|\n|-weather|none\n|-sideend|p1: Kekoweko|move: Aurora Veil\n|upkeep\n|turn|22\n|\n|t:|1695171323\n|move|p1a: Mamoswine|Ice Shard|p2a: Ogerpon\n|-supereffective|p2a: Ogerpon\n|-damage|p2a: Ogerpon|0 fnt\n|faint|p2a: Ogerpon\n|\n|win|Kekoweko\n|raw|Kekoweko's rating: 1000 &rarr; <strong>1050</strong><br />(+50 for winning)\n|raw|Ruling Fool's rating: 1087 &rarr; <strong>1058</strong><br />(-29 for losing)\n|l|\u203dRuling Fool\n", "uploadtime": 1695171343, "views": 5, "p1id": "kekoweko", "p2id": "rulingfool", "formatid": "gen9ou", "rating": 1050, "private": 0, "password": ""}