{"id": "gen9ou-1947566361", "p1": "cup8998", "p2": "Ninjabsol", "format": "gen9ou", "log": "|j|\u2606cup8998\n|j|\u2606Ninjabsol\n|t:|1695173203\n|gametype|singles\n|player|p1|cup8998|ninjaboy|1244\n|player|p2|Ninjabsol|102|1322\n|teamsize|p1|6\n|teamsize|p2|6\n|gen|9\n|tier|[Gen 9] OU\n|rated|\n|rule|Sleep Clause Mod: Limit one foe put to sleep\n|rule|Species Clause: Limit one of each Pok\u00e9mon\n|rule|OHKO Clause: OHKO moves are banned\n|rule|Evasion Items Clause: Evasion items are banned\n|rule|Evasion Moves Clause: Evasion moves are banned\n|rule|Endless Battle Clause: Forcing endless battles is banned\n|rule|HP Percentage Mod: HP is shown in percentages\n|clearpoke\n|poke|p1|Iron Treads|\n|poke|p1|Moltres|\n|poke|p1|Sandy Shocks|\n|poke|p1|Crawdaunt, M|\n|poke|p1|Gardevoir, F|\n|poke|p1|Conkeldurr, F|\n|poke|p2|Polteageist|\n|poke|p2|Hatterene, F|\n|poke|p2|Ditto|\n|poke|p2|Snorlax, M|\n|poke|p2|Mandibuzz, F|\n|poke|p2|Chesnaught, F|\n|teampreview\n|inactive|Battle timer is ON: inactive players will automatically lose when time's up. (requested by cup8998)\n|\n|t:|1695173219\n|start\n|switch|p1a: Sandy Shocks|Sandy Shocks|100/100\n|switch|p2a: Polteageist|Polteageist, shiny|100/100\n|turn|1\n|\n|t:|1695173226\n|switch|p2a: Hatterene|Hatterene, F|100/100\n|-item|p2a: Hatterene|Air Balloon\n|move|p1a: Sandy Shocks|Volt Switch|p2a: Hatterene\n|-damage|p2a: Hatterene|60/100\n|-enditem|p2a: Hatterene|Air Balloon\n|\n|t:|1695173229\n|-end|p1a: Sandy Shocks|Protosynthesis|[silent]\n|switch|p1a: Iron Treads|Iron Treads|100/100|[from] Volt Switch\n|\n|upkeep\n|turn|2\n|\n|t:|1695173236\n|switch|p2a: Chesnaught|Chesnaught, F, shiny|100/100\n|move|p1a: Iron Treads|Iron Head|p2a: Chesnaught\n|-damage|p2a: Chesnaught|80/100\n|-damage|p1a: Iron Treads|84/100|[from] item: Rocky Helmet|[of] p2a: Chesnaught\n|\n|-heal|p1a: Iron Treads|90/100|[from] item: Leftovers\n|upkeep\n|turn|3\n|\n|t:|1695173245\n|-end|p1a: Iron Treads|Quark Drive|[silent]\n|switch|p1a: Moltres|Moltres|100/100\n|move|p2a: Chesnaught|Leech Seed|p1a: Moltres\n|-start|p1a: Moltres|move: Leech Seed\n|\n|-damage|p1a: Moltres|88/100|[from] Leech Seed|[of] p2a: Chesnaught\n|-heal|p2a: Chesnaught|91/100|[silent]\n|upkeep\n|turn|4\n|\n|t:|1695173249\n|switch|p2a: Snorlax|Snorlax, M|100/100\n|move|p1a: Moltres|Tailwind|p1a: Moltres\n|-sidestart|p1: cup8998|move: Tailwind\n|\n|-damage|p1a: Moltres|76/100|[from] Leech Seed|[of] p2a: Snorlax\n|upkeep\n|turn|5\n|\n|t:|1695173254\n|switch|p1a: Iron Treads|Iron Treads|90/100\n|move|p2a: Snorlax|Facade|p1a: Iron Treads\n|-resisted|p1a: Iron Treads\n|-damage|p1a: Iron Treads|73/100\n|\n|-heal|p1a: Iron Treads|79/100|[from] item: Leftovers\n|upkeep\n|turn|6\n|\n|t:|1695173259\n|move|p1a: Iron Treads|Stealth Rock|p2a: Snorlax\n|-sidestart|p2: Ninjabsol|move: Stealth Rock\n|move|p2a: Snorlax|Earthquake|p1a: Iron Treads\n|-supereffective|p1a: Iron Treads\n|-damage|p1a: Iron Treads|15/100\n|\n|-heal|p1a: Iron Treads|21/100|[from] item: Leftovers\n|upkeep\n|turn|7\n|\n|t:|1695173267\n|-end|p1a: Iron Treads|Quark Drive|[silent]\n|switch|p1a: Conkeldurr|Conkeldurr, F|100/100\n|move|p2a: Snorlax|Facade|p1a: Conkeldurr\n|-damage|p1a: Conkeldurr|72/100\n|\n|-sideend|p1: cup8998|move: Tailwind\n|-status|p1a: Conkeldurr|brn|[from] item: Flame Orb\n|upkeep\n|turn|8\n|\n|t:|1695173271\n|switch|p2a: Chesnaught|Chesnaught, F, shiny|91/100\n|-damage|p2a: Chesnaught|85/100|[from] Stealth Rock\n|move|p1a: Conkeldurr|Knock Off|p2a: Chesnaught\n|-resisted|p2a: Chesnaught\n|-damage|p2a: Chesnaught|67/100\n|-damage|p1a: Conkeldurr|56/100 brn|[from] item: Rocky Helmet|[of] p2a: Chesnaught\n|-enditem|p2a: Chesnaught|Rocky Helmet|[from] move: Knock Off|[of] p1a: Conkeldurr\n|\n|-damage|p1a: Conkeldurr|50/100 brn|[from] brn\n|upkeep\n|turn|9\n|\n|t:|1695173280\n|switch|p1a: Moltres|Moltres|76/100\n|move|p2a: Chesnaught|Body Press|p1a: Moltres\n|-resisted|p1a: Moltres\n|-damage|p1a: Moltres|59/100\n|\n|upkeep\n|turn|10\n|\n|t:|1695173286\n|move|p1a: Moltres|Air Slash|p2a: Chesnaught\n|-supereffective|p2a: Chesnaught\n|-damage|p2a: Chesnaught|0 fnt\n|faint|p2a: Chesnaught\n|\n|upkeep\n|\n|t:|1695173295\n|switch|p2a: Ditto|Ditto|100/100\n|-damage|p2a: Ditto|88/100|[from] Stealth Rock\n|-transform|p2a: Ditto|p1a: Moltres|[from] ability: Imposter\n|turn|11\n|\n|t:|1695173300\n|move|p2a: Ditto|Air Slash|p1a: Moltres\n|-damage|p1a: Moltres|19/100\n|move|p1a: Moltres|Fire Blast|p2a: Ditto\n|-resisted|p2a: Ditto\n|-damage|p2a: Ditto|53/100\n|\n|upkeep\n|turn|12\n|\n|t:|1695173305\n|switch|p1a: Iron Treads|Iron Treads|21/100\n|move|p2a: Ditto|Air Slash|p1a: Iron Treads\n|-resisted|p1a: Iron Treads\n|-damage|p1a: Iron Treads|0 fnt\n|faint|p1a: Iron Treads\n|-end|p1a: Iron Treads|Quark Drive|[silent]\n|\n|upkeep\n|\n|t:|1695173307\n|switch|p1a: Sandy Shocks|Sandy Shocks|100/100\n|turn|13\n|\n|t:|1695173310\n|switch|p2a: Snorlax|Snorlax, M|100/100\n|-damage|p2a: Snorlax|88/100|[from] Stealth Rock\n|move|p1a: Sandy Shocks|Volt Switch|p2a: Snorlax\n|-damage|p2a: Snorlax|72/100\n|\n|t:|1695173312\n|-end|p1a: Sandy Shocks|Protosynthesis|[silent]\n|switch|p1a: Conkeldurr|Conkeldurr, F|50/100 brn|[from] Volt Switch\n|\n|-damage|p1a: Conkeldurr|43/100 brn|[from] brn\n|upkeep\n|turn|14\n|\n|t:|1695173317\n|-terastallize|p2a: Snorlax|Ghost\n|move|p1a: Conkeldurr|Drain Punch|p2a: Snorlax\n|-immune|p2a: Snorlax\n|move|p2a: Snorlax|Facade|p1a: Conkeldurr\n|-damage|p1a: Conkeldurr|13/100 brn\n|\n|-damage|p1a: Conkeldurr|7/100 brn|[from] brn\n|upkeep\n|turn|15\n|\n|t:|1695173325\n|switch|p2a: Mandibuzz|Mandibuzz, F|100/100\n|-damage|p2a: Mandibuzz|75/100|[from] Stealth Rock\n|move|p1a: Conkeldurr|Knock Off|p2a: Mandibuzz\n|-resisted|p2a: Mandibuzz\n|-damage|p2a: Mandibuzz|60/100\n|-enditem|p2a: Mandibuzz|Leftovers|[from] move: Knock Off|[of] p1a: Conkeldurr\n|\n|-damage|p1a: Conkeldurr|1/100 brn|[from] brn\n|upkeep\n|turn|16\n|\n|t:|1695173336\n|switch|p1a: Sandy Shocks|Sandy Shocks|100/100\n|move|p2a: Mandibuzz|Defog|p1a: Sandy Shocks\n|-unboost|p1a: Sandy Shocks|evasion|1\n|-sideend|p2: Ninjabsol|Stealth Rock|[from] move: Defog|[of] p2a: Mandibuzz\n|\n|upkeep\n|turn|17\n|\n|t:|1695173340\n|switch|p2a: Snorlax|Snorlax, M, tera:Ghost|72/100\n|move|p1a: Sandy Shocks|Volt Switch|p2a: Snorlax\n|-damage|p2a: Snorlax|56/100\n|\n|t:|1695173344\n|-end|p1a: Sandy Shocks|Protosynthesis|[silent]\n|switch|p1a: Crawdaunt|Crawdaunt, M|100/100|[from] Volt Switch\n|\n|upkeep\n|turn|18\n|\n|t:|1695173349\n|move|p1a: Crawdaunt|Knock Off|p2a: Snorlax\n|-supereffective|p2a: Snorlax\n|-damage|p2a: Snorlax|0 fnt\n|-enditem|p2a: Snorlax|Assault Vest|[from] move: Knock Off|[of] p1a: Crawdaunt\n|faint|p2a: Snorlax\n|\n|upkeep\n|\n|t:|1695173352\n|switch|p2a: Hatterene|Hatterene, F|60/100\n|turn|19\n|\n|t:|1695173360\n|switch|p1a: Gardevoir|Gardevoir, F|100/100\n|-ability|p1a: Gardevoir|Magic Bounce|[from] ability: Trace|[of] p2a: Hatterene\n|move|p2a: Hatterene|Draining Kiss|p1a: Gardevoir\n|-damage|p1a: Gardevoir|85/100\n|-heal|p2a: Hatterene|70/100|[from] drain|[of] p1a: Gardevoir\n|\n|upkeep\n|turn|20\n|\n|t:|1695173366\n|move|p1a: Gardevoir|Mystical Fire|p2a: Hatterene\n|-damage|p2a: Hatterene|42/100\n|-unboost|p2a: Hatterene|spa|1\n|move|p2a: Hatterene|Calm Mind|p2a: Hatterene\n|-boost|p2a: Hatterene|spa|1\n|-boost|p2a: Hatterene|spd|1\n|\n|upkeep\n|turn|21\n|\n|t:|1695173372\n|move|p1a: Gardevoir|Mystical Fire|p2a: Hatterene\n|-damage|p2a: Hatterene|23/100\n|-unboost|p2a: Hatterene|spa|1\n|move|p2a: Hatterene|Mystical Fire|p1a: Gardevoir\n|-damage|p1a: Gardevoir|75/100\n|-unboost|p1a: Gardevoir|spa|1\n|\n|upkeep\n|turn|22\n|\n|t:|1695173380\n|move|p1a: Gardevoir|Mystical Fire|p2a: Hatterene\n|-damage|p2a: Hatterene|11/100\n|-unboost|p2a: Hatterene|spa|1\n|move|p2a: Hatterene|Draining Kiss|p1a: Gardevoir\n|-damage|p1a: Gardevoir|67/100\n|-heal|p2a: Hatterene|17/100|[from] drain|[of] p1a: Gardevoir\n|\n|upkeep\n|turn|23\n|\n|t:|1695173385\n|move|p1a: Gardevoir|Draining Kiss|p2a: Hatterene\n|-damage|p2a: Hatterene|3/100\n|-heal|p1a: Gardevoir|78/100|[from] drain|[of] p2a: Hatterene\n|move|p2a: Hatterene|Mystical Fire|p1a: Gardevoir\n|-damage|p1a: Gardevoir|71/100\n|-unboost|p1a: Gardevoir|spa|1\n|\n|upkeep\n|turn|24\n|\n|t:|1695173389\n|move|p1a: Gardevoir|Psyshock|p2a: Hatterene\n|-resisted|p2a: Hatterene\n|-damage|p2a: Hatterene|0 fnt\n|faint|p2a: Hatterene\n|\n|upkeep\n|\n|t:|1695173392\n|switch|p2a: Polteageist|Polteageist, shiny|100/100\n|turn|25\n|\n|t:|1695173397\n|move|p2a: Polteageist|Shell Smash|p2a: Polteageist\n|-unboost|p2a: Polteageist|def|1\n|-unboost|p2a: Polteageist|spd|1\n|-boost|p2a: Polteageist|atk|2\n|-boost|p2a: Polteageist|spa|2\n|-boost|p2a: Polteageist|spe|2\n|move|p1a: Gardevoir|Mystical Fire|p2a: Polteageist\n|-damage|p2a: Polteageist|76/100\n|-unboost|p2a: Polteageist|spa|1\n|\n|upkeep\n|turn|26\n|\n|t:|1695173406\n|move|p2a: Polteageist|Shadow Ball|p1a: Gardevoir\n|-supereffective|p1a: Gardevoir\n|-damage|p1a: Gardevoir|0 fnt\n|faint|p1a: Gardevoir\n|\n|upkeep\n|\n|t:|1695173414\n|switch|p1a: Crawdaunt|Crawdaunt, M|100/100\n|turn|27\n|\n|t:|1695173418\n|switch|p2a: Mandibuzz|Mandibuzz, F|60/100\n|-terastallize|p1a: Crawdaunt|Water\n|move|p1a: Crawdaunt|Aqua Jet|p2a: Mandibuzz\n|-damage|p2a: Mandibuzz|33/100\n|\n|upkeep\n|turn|28\n|\n|t:|1695173423\n|switch|p1a: Conkeldurr|Conkeldurr, F|1/100 brn\n|move|p2a: Mandibuzz|Roost|p2a: Mandibuzz\n|-heal|p2a: Mandibuzz|83/100\n|-singleturn|p2a: Mandibuzz|move: Roost\n|\n|-damage|p1a: Conkeldurr|0 fnt|[from] brn\n|faint|p1a: Conkeldurr\n|upkeep\n|\n|t:|1695173426\n|switch|p1a: Sandy Shocks|Sandy Shocks|100/100\n|turn|29\n|\n|t:|1695173429\n|switch|p2a: Ditto|Ditto|53/100\n|-transform|p2a: Ditto|p1a: Sandy Shocks|[from] ability: Imposter\n|move|p1a: Sandy Shocks|Volt Switch|p2a: Ditto\n|-immune|p2a: Ditto\n|\n|upkeep\n|turn|30\n|\n|t:|1695173434\n|-end|p1a: Sandy Shocks|Protosynthesis|[silent]\n|switch|p1a: Moltres|Moltres|19/100\n|move|p2a: Ditto|Tera Blast|p1a: Moltres\n|-damage|p1a: Moltres|0 fnt\n|faint|p1a: Moltres\n|\n|upkeep\n|\n|t:|1695173438\n|switch|p1a: Sandy Shocks|Sandy Shocks|100/100\n|turn|31\n|\n|t:|1695173445\n|-end|p2a: Ditto|Protosynthesis|[silent]\n|switch|p2a: Mandibuzz|Mandibuzz, F|83/100\n|move|p1a: Sandy Shocks|Earth Power|p2a: Mandibuzz\n|-immune|p2a: Mandibuzz\n|\n|upkeep\n|turn|32\n|\n|t:|1695173450\n|switch|p2a: Ditto|Ditto|53/100\n|-transform|p2a: Ditto|p1a: Sandy Shocks|[from] ability: Imposter\n|move|p1a: Sandy Shocks|Volt Switch|p2a: Ditto\n|-immune|p2a: Ditto\n|\n|upkeep\n|turn|33\n|\n|t:|1695173453\n|move|p2a: Ditto|Earth Power|p1a: Sandy Shocks\n|-supereffective|p1a: Sandy Shocks\n|-damage|p1a: Sandy Shocks|0 fnt\n|faint|p1a: Sandy Shocks\n|-end|p1a: Sandy Shocks|Protosynthesis|[silent]\n|\n|upkeep\n|\n|t:|1695173455\n|switch|p1a: Crawdaunt|Crawdaunt, M, tera:Water|100/100\n|turn|34\n|\n|t:|1695173458\n|-end|p2a: Ditto|Protosynthesis|[silent]\n|switch|p2a: Mandibuzz|Mandibuzz, F|83/100\n|move|p1a: Crawdaunt|Liquidation|p2a: Mandibuzz\n|-damage|p2a: Mandibuzz|25/100\n|\n|upkeep\n|turn|35\n|\n|t:|1695173462\n|move|p2a: Mandibuzz|Foul Play|p1a: Crawdaunt\n|-damage|p1a: Crawdaunt|40/100\n|move|p1a: Crawdaunt|Liquidation|p2a: Mandibuzz\n|-damage|p2a: Mandibuzz|0 fnt\n|faint|p2a: Mandibuzz\n|\n|upkeep\n|\n|t:|1695173465\n|switch|p2a: Ditto|Ditto|53/100\n|-transform|p2a: Ditto|p1a: Crawdaunt|[from] ability: Imposter\n|turn|36\n|\n|t:|1695173467\n|move|p2a: Ditto|Knock Off|p1a: Crawdaunt\n|-damage|p1a: Crawdaunt|0 fnt\n|-enditem|p1a: Crawdaunt|Choice Band|[from] move: Knock Off|[of] p2a: Ditto\n|faint|p1a: Crawdaunt\n|\n|win|Ninjabsol\n|raw|cup8998's rating: 1244 &rarr; <strong>1225</strong><br />(-19 for losing)\n|raw|Ninjabsol's rating: 1322 &rarr; <strong>1338</strong><br />(+16 for winning)\n|l|\u2606cup8998\n|c|\u2606Ninjabsol|gg wp\n", "uploadtime": 1695173476, "views": 3, "p1id": "cup8998", "p2id": "ninjabsol", "formatid": "gen9ou", "rating": 1225, "private": 0, "password": ""}