{"id": "gen9ou-1947518514", "p1": "cylenx", "p2": "Dipplegion", "format": "gen9ou", "log": "|j|\u2606cylenx\n|j|\u2606Dipplegion\n|t:|1695168542\n|gametype|singles\n|player|p1|cylenx|doubleteam|1484\n|player|p2|Dipplegion|wally|1535\n|teamsize|p1|6\n|teamsize|p2|6\n|gen|9\n|tier|[Gen 9] OU\n|rated|\n|rule|Sleep Clause Mod: Limit one foe put to sleep\n|rule|Species Clause: Limit one of each Pok\u00e9mon\n|rule|OHKO Clause: OHKO moves are banned\n|rule|Evasion Items Clause: Evasion items are banned\n|rule|Evasion Moves Clause: Evasion moves are banned\n|rule|Endless Battle Clause: Forcing endless battles is banned\n|rule|HP Percentage Mod: HP is shown in percentages\n|clearpoke\n|poke|p1|Gholdengo|\n|poke|p1|Zapdos|\n|poke|p1|Garchomp, M|\n|poke|p1|Moltres|\n|poke|p1|Dragonite, F|\n|poke|p1|Slowking, F|\n|poke|p2|Ogerpon-Cornerstone, F|\n|poke|p2|Indeedee, M|\n|poke|p2|Sneasler, M|\n|poke|p2|Armarouge, M|\n|poke|p2|Hatterene, F|\n|poke|p2|Greninja-*, M|\n|teampreview\n|inactive|Battle timer is ON: inactive players will automatically lose when time's up. (requested by cylenx)\n|\n|t:|1695168559\n|start\n|switch|p1a: Slowking|Slowking, F|100/100\n|switch|p2a: Indeedee|Indeedee, M|100/100\n|-fieldstart|move: Psychic Terrain|[from] ability: Psychic Surge|[of] p2a: Indeedee\n|turn|1\n|\n|t:|1695168567\n|move|p2a: Indeedee|Dazzling Gleam|p1a: Slowking\n|-damage|p1a: Slowking|87/100\n|move|p1a: Slowking|Future Sight|p2a: Indeedee\n|-start|p1a: Slowking|move: Future Sight\n|\n|upkeep\n|turn|2\n|\n|t:|1695168572\n|move|p2a: Indeedee|Encore|p1a: Slowking\n|-start|p1a: Slowking|Encore\n|move|p1a: Slowking|Future Sight||[still]\n|-fail|p1a: Slowking\n|\n|upkeep\n|turn|3\n|\n|t:|1695168578\n|switch|p2a: Greninja|Greninja, M|100/100\n|switch|p1a: Gholdengo|Gholdengo|100/100\n|\n|-end|p2a: Greninja|move: Future Sight\n|-immune|p2a: Greninja\n|upkeep\n|turn|4\n|\n|t:|1695168587\n|move|p1a: Gholdengo|Shadow Ball|p2a: Greninja\n|-resisted|p2a: Greninja\n|-damage|p2a: Greninja|68/100\n|move|p2a: Greninja|Dark Pulse|p1a: Gholdengo\n|-supereffective|p1a: Gholdengo\n|-damage|p1a: Gholdengo|1/100\n|-damage|p2a: Greninja|58/100|[from] item: Life Orb\n|\n|upkeep\n|turn|5\n|\n|t:|1695168597\n|move|p1a: Gholdengo|Shadow Ball|p2a: Greninja\n|-resisted|p2a: Greninja\n|-damage|p2a: Greninja|24/100\n|-unboost|p2a: Greninja|spd|1\n|move|p2a: Greninja|Dark Pulse|p1a: Gholdengo\n|-supereffective|p1a: Gholdengo\n|-damage|p1a: Gholdengo|0 fnt\n|faint|p1a: Gholdengo\n|-ability|p2a: Greninja|Battle Bond|boost\n|-boost|p2a: Greninja|atk|1\n|-boost|p2a: Greninja|spa|1\n|-boost|p2a: Greninja|spe|1\n|-activate|p2a: Greninja|ability: Battle Bond\n|-damage|p2a: Greninja|14/100|[from] item: Life Orb\n|\n|upkeep\n|\n|t:|1695168610\n|switch|p1a: Slowking|Slowking, F|100/100\n|turn|6\n|\n|t:|1695168613\n|move|p2a: Greninja|Dark Pulse|p1a: Slowking\n|-supereffective|p1a: Slowking\n|-damage|p1a: Slowking|13/100\n|-damage|p2a: Greninja|4/100|[from] item: Life Orb\n|move|p1a: Slowking|Scald|p2a: Greninja\n|-resisted|p2a: Greninja\n|-damage|p2a: Greninja|0 fnt\n|faint|p2a: Greninja\n|\n|upkeep\n|\n|t:|1695168632\n|switch|p2a: Sneasler|Sneasler, M|100/100\n|-enditem|p2a: Sneasler|Psychic Seed\n|-boost|p2a: Sneasler|spd|1|[from] item: Psychic Seed\n|turn|7\n|\n|t:|1695168638\n|switch|p1a: Zapdos|Zapdos|100/100\n|move|p2a: Sneasler|Swords Dance|p2a: Sneasler\n|-boost|p2a: Sneasler|atk|2\n|\n|upkeep\n|turn|8\n|\n|t:|1695168642\n|move|p2a: Sneasler|Dire Claw|p1a: Zapdos\n|-damage|p1a: Zapdos|0 fnt\n|faint|p1a: Zapdos\n|\n|-fieldend|move: Psychic Terrain\n|upkeep\n|\n|t:|1695168652\n|switch|p1a: Moltres|Moltres|100/100\n|turn|9\n|\n|t:|1695168655\n|move|p2a: Sneasler|Dire Claw|p1a: Moltres\n|-damage|p1a: Moltres|10/100\n|move|p1a: Moltres|Will-O-Wisp|p2a: Sneasler|[miss]\n|-miss|p1a: Moltres|p2a: Sneasler\n|\n|upkeep\n|turn|10\n|c|\u2606Dipplegion|mb\n|\n|t:|1695168663\n|move|p2a: Sneasler|Dire Claw|p1a: Moltres\n|-damage|p1a: Moltres|0 fnt\n|faint|p1a: Moltres\n|\n|upkeep\n|\n|t:|1695168665\n|switch|p1a: Dragonite|Dragonite, F|100/100\n|turn|11\n|\n|t:|1695168669\n|move|p2a: Sneasler|Dire Claw|p1a: Dragonite\n|-damage|p1a: Dragonite|54/100\n|-status|p1a: Dragonite|par\n|move|p1a: Dragonite|Outrage|p2a: Sneasler\n|-damage|p2a: Sneasler|0 fnt\n|faint|p2a: Sneasler\n|\n|upkeep\n|\n|t:|1695168676\n|switch|p2a: Hatterene|Hatterene, F|100/100\n|turn|12\n|\n|t:|1695168679\n|cant|p1a: Dragonite|par\n|move|p2a: Hatterene|Dazzling Gleam|p1a: Dragonite\n|-supereffective|p1a: Dragonite\n|-damage|p1a: Dragonite|0 fnt\n|faint|p1a: Dragonite\n|\n|upkeep\n|\n|t:|1695168686\n|switch|p1a: Garchomp|Garchomp, M|100/100\n|turn|13\n|\n|t:|1695168689\n|-terastallize|p1a: Garchomp|Fire\n|move|p1a: Garchomp|Swords Dance|p1a: Garchomp\n|-boost|p1a: Garchomp|atk|2\n|move|p2a: Hatterene|Dazzling Gleam|p1a: Garchomp\n|-resisted|p1a: Garchomp\n|-damage|p1a: Garchomp|81/100\n|\n|upkeep\n|turn|14\n|\n|t:|1695168697\n|move|p1a: Garchomp|Earthquake|p2a: Hatterene\n|-damage|p2a: Hatterene|10/100\n|-enditem|p2a: Hatterene|Eject Button\n|\n|t:|1695168702\n|switch|p2a: Ogerpon|Ogerpon-Cornerstone, F|100/100\n|\n|upkeep\n|turn|15\n|\n|t:|1695168709\n|move|p2a: Ogerpon|Ivy Cudgel|p1a: Garchomp\n|-supereffective|p1a: Garchomp\n|-damage|p1a: Garchomp|0 fnt\n|faint|p1a: Garchomp\n|\n|upkeep\n|-message|cylenx forfeited.\n|\n|win|Dipplegion\n|raw|cylenx's rating: 1484 &rarr; <strong>1467</strong><br />(-17 for losing)\n|raw|Dipplegion's rating: 1535 &rarr; <strong>1552</strong><br />(+17 for winning)\n|l|\u2606cylenx\n", "uploadtime": 1695168721, "views": 3, "p1id": "cylenx", "p2id": "dipplegion", "formatid": "gen9ou", "rating": 1467, "private": 0, "password": ""}