{"id": "gen9ou-1947541622", "p1": "CNT JuanS13", "p2": "MagikarpTacos", "format": "gen9ou", "log": "|j|\u2606CNT JuanS13\n|j|\u2606MagikarpTacos\n|t:|1695170813\n|gametype|singles\n|player|p1|CNT JuanS13|iono|1276\n|player|p2|MagikarpTacos|170|1267\n|teamsize|p1|6\n|teamsize|p2|6\n|gen|9\n|tier|[Gen 9] OU\n|rated|\n|rule|Sleep Clause Mod: Limit one foe put to sleep\n|rule|Species Clause: Limit one of each Pok\u00e9mon\n|rule|OHKO Clause: OHKO moves are banned\n|rule|Evasion Items Clause: Evasion items are banned\n|rule|Evasion Moves Clause: Evasion moves are banned\n|rule|Endless Battle Clause: Forcing endless battles is banned\n|rule|HP Percentage Mod: HP is shown in percentages\n|clearpoke\n|poke|p1|Ursaluna-Bloodmoon, M|\n|poke|p1|Ninetales-Alola, F|\n|poke|p1|Dondozo, M|\n|poke|p1|Kingambit, F|\n|poke|p1|Great Tusk|\n|poke|p1|Munkidori, M|\n|poke|p2|Crawdaunt, F|\n|poke|p2|Fezandipiti, M|\n|poke|p2|Iron Valiant|\n|poke|p2|Dondozo, M|\n|poke|p2|Amoonguss, F|\n|poke|p2|Infernape, M|\n|teampreview\n|\n|t:|1695170825\n|start\n|switch|p1a: Ninetales|Ninetales-Alola, F|100/100\n|switch|p2a: Amoonguss|Amoonguss, F|100/100\n|-weather|Snow|[from] ability: Snow Warning|[of] p1a: Ninetales\n|turn|1\n|\n|t:|1695170835\n|move|p1a: Ninetales|Aurora Veil|p1a: Ninetales\n|-sidestart|p1: CNT JuanS13|move: Aurora Veil\n|move|p2a: Amoonguss|Sludge Bomb|p1a: Ninetales\n|-supereffective|p1a: Ninetales\n|-damage|p1a: Ninetales|71/100\n|\n|-weather|Snow|[upkeep]\n|upkeep\n|turn|2\n|\n|t:|1695170842\n|switch|p2a: Dondozo|Dondozo, M|100/100\n|move|p1a: Ninetales|Blizzard|p2a: Dondozo\n|-resisted|p2a: Dondozo\n|-damage|p2a: Dondozo|81/100\n|\n|-weather|Snow|[upkeep]\n|-heal|p2a: Dondozo|87/100|[from] item: Leftovers\n|upkeep\n|turn|3\n|\n|t:|1695170852\n|move|p1a: Ninetales|Moonblast|p2a: Dondozo\n|-damage|p2a: Dondozo|54/100\n|move|p2a: Dondozo|Curse|p2a: Dondozo\n|-unboost|p2a: Dondozo|spe|1\n|-boost|p2a: Dondozo|atk|1\n|-boost|p2a: Dondozo|def|1\n|\n|-weather|Snow|[upkeep]\n|-heal|p2a: Dondozo|61/100|[from] item: Leftovers\n|upkeep\n|turn|4\n|\n|t:|1695170861\n|move|p1a: Ninetales|Encore|p2a: Dondozo\n|-start|p2a: Dondozo|Encore\n|move|p2a: Dondozo|Curse|p2a: Dondozo\n|-unboost|p2a: Dondozo|spe|1\n|-boost|p2a: Dondozo|atk|1\n|-boost|p2a: Dondozo|def|1\n|\n|-weather|Snow|[upkeep]\n|-heal|p2a: Dondozo|67/100|[from] item: Leftovers\n|upkeep\n|turn|5\n|\n|t:|1695170871\n|move|p1a: Ninetales|Moonblast|p2a: Dondozo\n|-damage|p2a: Dondozo|30/100\n|move|p2a: Dondozo|Curse|p2a: Dondozo\n|-unboost|p2a: Dondozo|spe|1\n|-boost|p2a: Dondozo|atk|1\n|-boost|p2a: Dondozo|def|1\n|\n|-weather|none\n|-heal|p2a: Dondozo|37/100|[from] item: Leftovers\n|upkeep\n|turn|6\n|\n|t:|1695170881\n|switch|p2a: Fezandipiti|Fezandipiti, M|100/100\n|move|p1a: Ninetales|Moonblast|p2a: Fezandipiti\n|-resisted|p2a: Fezandipiti\n|-damage|p2a: Fezandipiti|88/100\n|\n|-heal|p2a: Fezandipiti|94/100|[from] item: Leftovers\n|upkeep\n|turn|7\n|inactive|Battle timer is ON: inactive players will automatically lose when time's up. (requested by MagikarpTacos)\n|\n|t:|1695170893\n|switch|p1a: Ursaluna|Ursaluna-Bloodmoon, M|100/100\n|move|p2a: Fezandipiti|Toxic|p1a: Ursaluna\n|-status|p1a: Ursaluna|tox\n|\n|-heal|p2a: Fezandipiti|99/100|[from] item: Leftovers\n|-damage|p1a: Ursaluna|94/100 tox|[from] psn\n|upkeep\n|turn|8\n|\n|t:|1695170902\n|switch|p2a: Dondozo|Dondozo, M|37/100\n|move|p1a: Ursaluna|Blood Moon|p2a: Dondozo\n|-damage|p2a: Dondozo|0 fnt\n|faint|p2a: Dondozo\n|\n|-heal|p1a: Ursaluna|100/100 tox|[from] item: Leftovers\n|-damage|p1a: Ursaluna|88/100 tox|[from] psn\n|-sideend|p1: CNT JuanS13|move: Aurora Veil\n|upkeep\n|\n|t:|1695170914\n|switch|p2a: Iron Valiant|Iron Valiant|100/100\n|turn|9\n|\n|t:|1695170925\n|move|p2a: Iron Valiant|Close Combat|p1a: Ursaluna\n|-supereffective|p1a: Ursaluna\n|-damage|p1a: Ursaluna|9/100 tox\n|-unboost|p2a: Iron Valiant|def|1\n|-unboost|p2a: Iron Valiant|spd|1\n|move|p1a: Ursaluna|Earth Power|p2a: Iron Valiant\n|-enditem|p2a: Iron Valiant|Focus Sash\n|-damage|p2a: Iron Valiant|1/100\n|\n|-heal|p1a: Ursaluna|15/100 tox|[from] item: Leftovers\n|-damage|p1a: Ursaluna|0 fnt|[from] psn\n|faint|p1a: Ursaluna\n|upkeep\n|\n|t:|1695170938\n|switch|p1a: Kingambit|Kingambit, F|100/100\n|-activate|p1a: Kingambit|ability: Supreme Overlord\n|-start|p1a: Kingambit|fallen1|[silent]\n|turn|10\n|\n|t:|1695170946\n|-end|p2a: Iron Valiant|Quark Drive|[silent]\n|switch|p2a: Crawdaunt|Crawdaunt, F|100/100\n|move|p1a: Kingambit|Sucker Punch||[still]\n|-fail|p1a: Kingambit\n|\n|upkeep\n|turn|11\n|\n|t:|1695170952\n|-end|p1a: Kingambit|fallen1|[silent]\n|switch|p1a: Dondozo|Dondozo, M|100/100\n|move|p2a: Crawdaunt|Crabhammer|p1a: Dondozo\n|-resisted|p1a: Dondozo\n|-damage|p1a: Dondozo|77/100\n|\n|-heal|p1a: Dondozo|83/100|[from] item: Leftovers\n|upkeep\n|turn|12\n|\n|t:|1695170964\n|switch|p2a: Fezandipiti|Fezandipiti, M|99/100\n|move|p1a: Dondozo|Curse|p1a: Dondozo\n|-unboost|p1a: Dondozo|spe|1\n|-boost|p1a: Dondozo|atk|1\n|-boost|p1a: Dondozo|def|1\n|\n|-heal|p2a: Fezandipiti|100/100|[from] item: Leftovers\n|-heal|p1a: Dondozo|89/100|[from] item: Leftovers\n|upkeep\n|turn|13\n|\n|t:|1695170974\n|move|p2a: Fezandipiti|Toxic|p1a: Dondozo\n|-status|p1a: Dondozo|tox\n|move|p1a: Dondozo|Liquidation|p2a: Fezandipiti\n|-damage|p2a: Fezandipiti|69/100\n|\n|-heal|p2a: Fezandipiti|75/100|[from] item: Leftovers\n|-heal|p1a: Dondozo|95/100 tox|[from] item: Leftovers\n|-damage|p1a: Dondozo|89/100 tox|[from] psn\n|upkeep\n|turn|14\n|\n|t:|1695170984\n|switch|p1a: Ninetales|Ninetales-Alola, F|71/100\n|-weather|Snow|[from] ability: Snow Warning|[of] p1a: Ninetales\n|move|p2a: Fezandipiti|Moonblast|p1a: Ninetales\n|-damage|p1a: Ninetales|42/100\n|-unboost|p1a: Ninetales|spa|1\n|\n|-weather|Snow|[upkeep]\n|-heal|p2a: Fezandipiti|81/100|[from] item: Leftovers\n|upkeep\n|turn|15\n|\n|t:|1695170995\n|move|p1a: Ninetales|Aurora Veil|p1a: Ninetales\n|-sidestart|p1: CNT JuanS13|move: Aurora Veil\n|move|p2a: Fezandipiti|Toxic|p1a: Ninetales\n|-status|p1a: Ninetales|tox\n|\n|-weather|Snow|[upkeep]\n|-heal|p2a: Fezandipiti|87/100|[from] item: Leftovers\n|-damage|p1a: Ninetales|36/100 tox|[from] psn\n|upkeep\n|turn|16\n|\n|t:|1695171003\n|switch|p1a: Dondozo|Dondozo, M|89/100 tox\n|move|p2a: Fezandipiti|Moonblast|p1a: Dondozo\n|-damage|p1a: Dondozo|77/100 tox\n|\n|-weather|Snow|[upkeep]\n|-heal|p2a: Fezandipiti|93/100|[from] item: Leftovers\n|-heal|p1a: Dondozo|83/100 tox|[from] item: Leftovers\n|-damage|p1a: Dondozo|77/100 tox|[from] psn\n|upkeep\n|turn|17\n|\n|t:|1695171014\n|move|p2a: Fezandipiti|Moonblast|p1a: Dondozo\n|-damage|p1a: Dondozo|65/100 tox\n|move|p1a: Dondozo|Curse|p1a: Dondozo\n|-unboost|p1a: Dondozo|spe|1\n|-boost|p1a: Dondozo|atk|1\n|-boost|p1a: Dondozo|def|1\n|\n|-weather|Snow|[upkeep]\n|-heal|p2a: Fezandipiti|99/100|[from] item: Leftovers\n|-heal|p1a: Dondozo|71/100 tox|[from] item: Leftovers\n|-damage|p1a: Dondozo|59/100 tox|[from] psn\n|upkeep\n|turn|18\n|\n|t:|1695171026\n|move|p2a: Fezandipiti|Moonblast|p1a: Dondozo\n|-damage|p1a: Dondozo|47/100 tox\n|move|p1a: Dondozo|Curse|p1a: Dondozo\n|-unboost|p1a: Dondozo|spe|1\n|-boost|p1a: Dondozo|atk|1\n|-boost|p1a: Dondozo|def|1\n|\n|-weather|none\n|-heal|p2a: Fezandipiti|100/100|[from] item: Leftovers\n|-heal|p1a: Dondozo|53/100 tox|[from] item: Leftovers\n|-damage|p1a: Dondozo|34/100 tox|[from] psn\n|upkeep\n|turn|19\n|\n|t:|1695171038\n|move|p2a: Fezandipiti|Protect|p2a: Fezandipiti\n|-singleturn|p2a: Fezandipiti|Protect\n|move|p1a: Dondozo|Rest|p1a: Dondozo\n|-status|p1a: Dondozo|slp|[from] move: Rest\n|-heal|p1a: Dondozo|100/100 slp|[silent]\n|\n|upkeep\n|turn|20\n|\n|t:|1695171049\n|switch|p2a: Amoonguss|Amoonguss, F|100/100\n|cant|p1a: Dondozo|slp\n|move|p1a: Dondozo|Sleep Talk|p1a: Dondozo\n|move|p1a: Dondozo|Curse|p1a: Dondozo|[from]move: Sleep Talk\n|-unboost|p1a: Dondozo|spe|1\n|-boost|p1a: Dondozo|atk|1\n|-boost|p1a: Dondozo|def|1\n|\n|upkeep\n|turn|21\n|\n|t:|1695171067\n|move|p2a: Amoonguss|Giga Drain|p1a: Dondozo\n|-supereffective|p1a: Dondozo\n|-damage|p1a: Dondozo|78/100 slp\n|cant|p1a: Dondozo|slp\n|\n|-heal|p1a: Dondozo|84/100 slp|[from] item: Leftovers\n|upkeep\n|turn|22\n|\n|t:|1695171074\n|move|p2a: Amoonguss|Giga Drain|p1a: Dondozo\n|-supereffective|p1a: Dondozo\n|-damage|p1a: Dondozo|62/100 slp\n|-curestatus|p1a: Dondozo|slp|[msg]\n|move|p1a: Dondozo|Liquidation|p2a: Amoonguss\n|-resisted|p2a: Amoonguss\n|-damage|p2a: Amoonguss|62/100\n|\n|-heal|p2a: Amoonguss|69/100|[from] item: Leftovers\n|-heal|p1a: Dondozo|68/100|[from] item: Leftovers\n|-sideend|p1: CNT JuanS13|move: Aurora Veil\n|upkeep\n|turn|23\n|\n|t:|1695171086\n|move|p2a: Amoonguss|Spore|p1a: Dondozo\n|-status|p1a: Dondozo|slp|[from] move: Spore\n|cant|p1a: Dondozo|slp\n|\n|-heal|p2a: Amoonguss|75/100|[from] item: Leftovers\n|-heal|p1a: Dondozo|74/100 slp|[from] item: Leftovers\n|upkeep\n|turn|24\n|\n|t:|1695171094\n|switch|p1a: Munkidori|Munkidori, M|100/100\n|move|p2a: Amoonguss|Giga Drain|p1a: Munkidori\n|-resisted|p1a: Munkidori\n|-damage|p1a: Munkidori|88/100\n|-heal|p2a: Amoonguss|79/100|[from] drain|[of] p1a: Munkidori\n|\n|-heal|p2a: Amoonguss|86/100|[from] item: Leftovers\n|upkeep\n|turn|25\n|\n|t:|1695171105\n|switch|p2a: Crawdaunt|Crawdaunt, F|100/100\n|move|p1a: Munkidori|Nasty Plot|p1a: Munkidori\n|-boost|p1a: Munkidori|spa|2\n|\n|upkeep\n|turn|26\n|\n|t:|1695171121\n|move|p1a: Munkidori|Sludge Wave|p2a: Crawdaunt\n|-damage|p2a: Crawdaunt|0 fnt\n|faint|p2a: Crawdaunt\n|\n|upkeep\n|\n|t:|1695171127\n|switch|p2a: Infernape|Infernape, M|100/100\n|turn|27\n|\n|t:|1695171140\n|-terastallize|p1a: Munkidori|Fire\n|move|p2a: Infernape|Knock Off|p1a: Munkidori\n|-damage|p1a: Munkidori|45/100\n|-enditem|p1a: Munkidori|Salac Berry|[from] move: Knock Off|[of] p2a: Infernape\n|move|p1a: Munkidori|Psyshock|p2a: Infernape\n|-supereffective|p2a: Infernape\n|-damage|p2a: Infernape|0 fnt\n|faint|p2a: Infernape\n|\n|upkeep\n|\n|t:|1695171150\n|switch|p2a: Iron Valiant|Iron Valiant|1/100\n|turn|28\n|\n|t:|1695171159\n|switch|p1a: Ninetales|Ninetales-Alola, F|36/100 tox\n|-weather|Snow|[from] ability: Snow Warning|[of] p1a: Ninetales\n|move|p2a: Iron Valiant|Close Combat|p1a: Ninetales\n|-damage|p1a: Ninetales|0 fnt\n|-unboost|p2a: Iron Valiant|def|1\n|-unboost|p2a: Iron Valiant|spd|1\n|faint|p1a: Ninetales\n|\n|-weather|Snow|[upkeep]\n|upkeep\n|\n|t:|1695171163\n|switch|p1a: Kingambit|Kingambit, F|100/100\n|-activate|p1a: Kingambit|ability: Supreme Overlord\n|-start|p1a: Kingambit|fallen2|[silent]\n|turn|29\n|\n|t:|1695171175\n|-end|p2a: Iron Valiant|Quark Drive|[silent]\n|switch|p2a: Fezandipiti|Fezandipiti, M|100/100\n|move|p1a: Kingambit|Sucker Punch||[still]\n|-fail|p1a: Kingambit\n|\n|-weather|Snow|[upkeep]\n|upkeep\n|turn|30\n|\n|t:|1695171184\n|move|p2a: Fezandipiti|Calm Mind|p2a: Fezandipiti\n|-boost|p2a: Fezandipiti|spa|1\n|-boost|p2a: Fezandipiti|spd|1\n|move|p1a: Kingambit|Iron Head|p2a: Fezandipiti\n|-supereffective|p2a: Fezandipiti\n|-damage|p2a: Fezandipiti|23/100\n|\n|-weather|Snow|[upkeep]\n|-heal|p2a: Fezandipiti|29/100|[from] item: Leftovers\n|upkeep\n|turn|31\n|\n|t:|1695171193\n|move|p2a: Fezandipiti|Moonblast|p1a: Kingambit\n|-damage|p1a: Kingambit|68/100\n|move|p1a: Kingambit|Iron Head|p2a: Fezandipiti\n|-supereffective|p2a: Fezandipiti\n|-damage|p2a: Fezandipiti|0 fnt\n|faint|p2a: Fezandipiti\n|\n|-weather|Snow|[upkeep]\n|-heal|p1a: Kingambit|74/100|[from] item: Leftovers\n|upkeep\n|\n|t:|1695171204\n|switch|p2a: Amoonguss|Amoonguss, F|86/100\n|turn|32\n|\n|t:|1695171215\n|move|p1a: Kingambit|Swords Dance|p1a: Kingambit\n|-boost|p1a: Kingambit|atk|2\n|move|p2a: Amoonguss|Spore|p1a: Kingambit\n|-message|Sleep Clause Mod activated.\n|-hint|Sleep Clause Mod prevents players from putting more than one of their opponent's Pok\u00e9mon to sleep at a time\n|\n|-weather|none\n|-heal|p1a: Kingambit|80/100|[from] item: Leftovers\n|-heal|p2a: Amoonguss|92/100|[from] item: Leftovers\n|upkeep\n|turn|33\n|\n|t:|1695171224\n|move|p1a: Kingambit|Kowtow Cleave|p2a: Amoonguss\n|-damage|p2a: Amoonguss|0 fnt\n|faint|p2a: Amoonguss\n|\n|-heal|p1a: Kingambit|86/100|[from] item: Leftovers\n|upkeep\n|\n|t:|1695171231\n|switch|p2a: Iron Valiant|Iron Valiant|1/100\n|turn|34\n|\n|t:|1695171241\n|move|p1a: Kingambit|Sucker Punch||[still]\n|-fail|p1a: Kingambit\n|move|p2a: Iron Valiant|Calm Mind|p2a: Iron Valiant\n|-boost|p2a: Iron Valiant|spa|1\n|-boost|p2a: Iron Valiant|spd|1\n|\n|-heal|p1a: Kingambit|92/100|[from] item: Leftovers\n|upkeep\n|turn|35\n|\n|t:|1695171249\n|move|p1a: Kingambit|Sucker Punch|p2a: Iron Valiant\n|-resisted|p2a: Iron Valiant\n|-damage|p2a: Iron Valiant|0 fnt\n|faint|p2a: Iron Valiant\n|-end|p2a: Iron Valiant|Quark Drive|[silent]\n|\n|win|CNT JuanS13\n|raw|CNT JuanS13's rating: 1276 &rarr; <strong>1300</strong><br />(+24 for winning)\n|raw|MagikarpTacos's rating: 1267 &rarr; <strong>1243</strong><br />(-24 for losing)\n|l|\u2606CNT JuanS13\n|j|\u2606CNT JuanS13\n|player|p1|CNT JuanS13|iono\n|l|\u2606MagikarpTacos\n", "uploadtime": 1695171262, "views": 3, "p1id": "cntjuans13", "p2id": "magikarptacos", "formatid": "gen9ou", "rating": 1243, "private": 0, "password": ""}