{"id": "gen9ou-1947532778", "p1": "ilsaf", "p2": "tortinhaverde", "format": "gen9ou", "log": "|j|\u2606ilsaf\n|j|\u2606tortinhaverde\n|t:|1695169954\n|gametype|singles\n|player|p1|ilsaf|serena|1040\n|player|p2|tortinhaverde|hoopster|1045\n|teamsize|p1|6\n|teamsize|p2|6\n|gen|9\n|tier|[Gen 9] OU\n|rated|\n|rule|Sleep Clause Mod: Limit one foe put to sleep\n|rule|Species Clause: Limit one of each Pok\u00e9mon\n|rule|OHKO Clause: OHKO moves are banned\n|rule|Evasion Items Clause: Evasion items are banned\n|rule|Evasion Moves Clause: Evasion moves are banned\n|rule|Endless Battle Clause: Forcing endless battles is banned\n|rule|HP Percentage Mod: HP is shown in percentages\n|clearpoke\n|poke|p1|Gliscor, M|\n|poke|p1|Manaphy|\n|poke|p1|Mandibuzz, F|\n|poke|p1|Sinistcha-Masterpiece|\n|poke|p1|Mienshao, F|\n|poke|p1|Kingambit, F|\n|poke|p2|Dragapult, M|\n|poke|p2|Infernape, M|\n|poke|p2|Tyranitar, M|\n|poke|p2|Quaquaval, F|\n|poke|p2|Amoonguss, F|\n|poke|p2|Iron Treads|\n|teampreview\n|inactive|Battle timer is ON: inactive players will automatically lose when time's up. (requested by ilsaf)\n|\n|t:|1695169984\n|start\n|switch|p1a: Gliscord Mod|Gliscor, M, shiny|100/100\n|switch|p2a: Amoonguss|Amoonguss, F|100/100\n|turn|1\n|inactive|tortinhaverde has 120 seconds left.\n|\n|t:|1695170014\n|move|p1a: Gliscord Mod|Stealth Rock|p2a: Amoonguss\n|-sidestart|p2: tortinhaverde|move: Stealth Rock\n|move|p2a: Amoonguss|Spore|p1a: Gliscord Mod\n|-status|p1a: Gliscord Mod|slp|[from] move: Spore\n|\n|upkeep\n|turn|2\n|\n|t:|1695170022\n|switch|p1a: WhyDoesThisExist|Sinistcha-Masterpiece, shiny|100/100\n|move|p2a: Amoonguss|Sludge Bomb|p1a: WhyDoesThisExist\n|-damage|p1a: WhyDoesThisExist|68/100\n|\n|-heal|p1a: WhyDoesThisExist|74/100|[from] item: Leftovers\n|upkeep\n|turn|3\n|\n|t:|1695170031\n|move|p1a: WhyDoesThisExist|Calm Mind|p1a: WhyDoesThisExist\n|-boost|p1a: WhyDoesThisExist|spa|1\n|-boost|p1a: WhyDoesThisExist|spd|1\n|move|p2a: Amoonguss|Spore|p1a: WhyDoesThisExist\n|-immune|p1a: WhyDoesThisExist\n|\n|-heal|p1a: WhyDoesThisExist|81/100|[from] item: Leftovers\n|upkeep\n|turn|4\n|\n|t:|1695170042\n|move|p1a: WhyDoesThisExist|Calm Mind|p1a: WhyDoesThisExist\n|-boost|p1a: WhyDoesThisExist|spa|1\n|-boost|p1a: WhyDoesThisExist|spd|1\n|move|p2a: Amoonguss|Sludge Bomb|p1a: WhyDoesThisExist\n|-damage|p1a: WhyDoesThisExist|63/100\n|\n|-heal|p1a: WhyDoesThisExist|69/100|[from] item: Leftovers\n|upkeep\n|turn|5\n|\n|t:|1695170054\n|move|p1a: WhyDoesThisExist|Calm Mind|p1a: WhyDoesThisExist\n|-boost|p1a: WhyDoesThisExist|spa|1\n|-boost|p1a: WhyDoesThisExist|spd|1\n|move|p2a: Amoonguss|Sludge Bomb|p1a: WhyDoesThisExist\n|-damage|p1a: WhyDoesThisExist|56/100\n|\n|-heal|p1a: WhyDoesThisExist|62/100|[from] item: Leftovers\n|upkeep\n|turn|6\n|\n|t:|1695170065\n|switch|p2a: Tyranitar|Tyranitar, M|100/100\n|-damage|p2a: Tyranitar|88/100|[from] Stealth Rock\n|-weather|Sandstorm|[from] ability: Sand Stream|[of] p2a: Tyranitar\n|move|p1a: WhyDoesThisExist|Strength Sap|p2a: Tyranitar\n|-unboost|p2a: Tyranitar|atk|1\n|-heal|p1a: WhyDoesThisExist|100/100\n|\n|-weather|Sandstorm|[upkeep]\n|-damage|p1a: WhyDoesThisExist|94/100|[from] Sandstorm\n|-heal|p1a: WhyDoesThisExist|100/100|[from] item: Leftovers\n|upkeep\n|turn|7\n|\n|t:|1695170079\n|move|p1a: WhyDoesThisExist|Matcha Gotcha|p2a: Tyranitar\n|-supereffective|p2a: Tyranitar\n|-damage|p2a: Tyranitar|33/100\n|move|p2a: Tyranitar|Crunch|p1a: WhyDoesThisExist\n|-supereffective|p1a: WhyDoesThisExist\n|-damage|p1a: WhyDoesThisExist|53/100\n|\n|-weather|Sandstorm|[upkeep]\n|-damage|p1a: WhyDoesThisExist|47/100|[from] Sandstorm\n|-heal|p1a: WhyDoesThisExist|53/100|[from] item: Leftovers\n|upkeep\n|turn|8\n|\n|t:|1695170090\n|move|p1a: WhyDoesThisExist|Strength Sap|p2a: Tyranitar\n|-unboost|p2a: Tyranitar|atk|1\n|-heal|p1a: WhyDoesThisExist|100/100\n|move|p2a: Tyranitar|Crunch|p1a: WhyDoesThisExist\n|-supereffective|p1a: WhyDoesThisExist\n|-damage|p1a: WhyDoesThisExist|68/100\n|\n|-weather|Sandstorm|[upkeep]\n|-damage|p1a: WhyDoesThisExist|61/100|[from] Sandstorm\n|-heal|p1a: WhyDoesThisExist|68/100|[from] item: Leftovers\n|upkeep\n|turn|9\n|\n|t:|1695170105\n|move|p1a: WhyDoesThisExist|Matcha Gotcha|p2a: Tyranitar\n|-supereffective|p2a: Tyranitar\n|-damage|p2a: Tyranitar|0 fnt\n|-heal|p1a: WhyDoesThisExist|87/100|[from] drain|[of] p2a: Tyranitar\n|faint|p2a: Tyranitar\n|\n|-weather|Sandstorm|[upkeep]\n|-damage|p1a: WhyDoesThisExist|81/100|[from] Sandstorm\n|-heal|p1a: WhyDoesThisExist|87/100|[from] item: Leftovers\n|upkeep\n|inactive|tortinhaverde has 120 seconds left.\n|\n|t:|1695170123\n|switch|p2a: Infernape|Infernape, M|100/100\n|-damage|p2a: Infernape|88/100|[from] Stealth Rock\n|turn|10\n|inactive|tortinhaverde has 120 seconds left.\n|\n|t:|1695170131\n|move|p2a: Infernape|Fire Punch|p1a: WhyDoesThisExist\n|-supereffective|p1a: WhyDoesThisExist\n|-damage|p1a: WhyDoesThisExist|44/100\n|move|p1a: WhyDoesThisExist|Strength Sap|p2a: Infernape\n|-unboost|p2a: Infernape|atk|1\n|-heal|p1a: WhyDoesThisExist|100/100\n|\n|-weather|none\n|upkeep\n|turn|11\n|inactive|tortinhaverde has 120 seconds left.\n|\n|t:|1695170144\n|move|p2a: Infernape|Swords Dance|p2a: Infernape\n|-boost|p2a: Infernape|atk|2\n|move|p1a: WhyDoesThisExist|Shadow Ball|p2a: Infernape\n|-damage|p2a: Infernape|0 fnt\n|faint|p2a: Infernape\n|\n|upkeep\n|inactive|tortinhaverde has 120 seconds left.\n|c|\u2606ilsaf|I have heatproof btw\n|\n|t:|1695170157\n|switch|p2a: Dragapult|Dragapult, M|100/100\n|-damage|p2a: Dragapult|88/100|[from] Stealth Rock\n|turn|12\n|c|\u2606ilsaf|thats why fire punch did so little\n|inactive|tortinhaverde has 120 seconds left.\n|\n|t:|1695170165\n|move|p2a: Dragapult|Shadow Ball|p1a: WhyDoesThisExist\n|-supereffective|p1a: WhyDoesThisExist\n|-damage|p1a: WhyDoesThisExist|76/100\n|move|p1a: WhyDoesThisExist|Shadow Ball|p2a: Dragapult\n|-supereffective|p2a: Dragapult\n|-damage|p2a: Dragapult|0 fnt\n|faint|p2a: Dragapult\n|\n|-heal|p1a: WhyDoesThisExist|82/100|[from] item: Leftovers\n|upkeep\n|inactive|tortinhaverde has 120 seconds left.\n|\n|t:|1695170177\n|switch|p2a: Iron Treads|Iron Treads|100/100\n|-damage|p2a: Iron Treads|97/100|[from] Stealth Rock\n|turn|13\n|inactive|tortinhaverde has 120 seconds left.\n|\n|t:|1695170186\n|move|p2a: Iron Treads|Earthquake|p1a: WhyDoesThisExist\n|-resisted|p1a: WhyDoesThisExist\n|-damage|p1a: WhyDoesThisExist|63/100\n|move|p1a: WhyDoesThisExist|Strength Sap|p2a: Iron Treads\n|-unboost|p2a: Iron Treads|atk|1\n|-heal|p1a: WhyDoesThisExist|100/100\n|\n|-heal|p2a: Iron Treads|100/100|[from] item: Leftovers\n|upkeep\n|turn|14\n|inactive|tortinhaverde has 120 seconds left.\n|\n|t:|1695170199\n|move|p2a: Iron Treads|Heavy Slam|p1a: WhyDoesThisExist\n|-damage|p1a: WhyDoesThisExist|70/100\n|move|p1a: WhyDoesThisExist|Matcha Gotcha|p2a: Iron Treads\n|-damage|p2a: Iron Treads|0 fnt\n|-heal|p1a: WhyDoesThisExist|100/100|[from] drain|[of] p2a: Iron Treads\n|faint|p2a: Iron Treads\n|-end|p2a: Iron Treads|Quark Drive|[silent]\n|\n|upkeep\n|inactive|tortinhaverde has 120 seconds left.\n|\n|t:|1695170208\n|switch|p2a: Amoonguss|Amoonguss, F|100/100\n|-damage|p2a: Amoonguss|88/100|[from] Stealth Rock\n|turn|15\n|\n|t:|1695170213\n|move|p1a: WhyDoesThisExist|Shadow Ball|p2a: Amoonguss\n|-damage|p2a: Amoonguss|0 fnt\n|faint|p2a: Amoonguss\n|\n|upkeep\n|\n|t:|1695170220\n|switch|p2a: Quaquaval|Quaquaval, F|100/100\n|-damage|p2a: Quaquaval|94/100|[from] Stealth Rock\n|turn|16\n|\n|t:|1695170226\n|move|p2a: Quaquaval|Aqua Step|p1a: WhyDoesThisExist\n|-resisted|p1a: WhyDoesThisExist\n|-damage|p1a: WhyDoesThisExist|81/100\n|-boost|p2a: Quaquaval|spe|1\n|move|p1a: WhyDoesThisExist|Shadow Ball|p2a: Quaquaval\n|-damage|p2a: Quaquaval|0 fnt\n|faint|p2a: Quaquaval\n|\n|win|ilsaf\n|raw|ilsaf's rating: 1040 &rarr; <strong>1074</strong><br />(+34 for winning)\n|raw|tortinhaverde's rating: 1045 &rarr; <strong>1028</strong><br />(-17 for losing)\n|l|\u2606tortinhaverde\n|c|\u2606ilsaf|Gg\n", "uploadtime": 1695170236, "views": 4, "p1id": "ilsaf", "p2id": "tortinhaverde", "formatid": "gen9ou", "rating": 1028, "private": 0, "password": ""}