{"id": "gen9ou-1947481513", "p1": "GUANGDONG TlGERS", "p2": "wiff1220", "format": "gen9ou", "log": "|j|\u2606GUANGDONG TlGERS\n|j|\u2606wiff1220\n|t:|1695164868\n|gametype|singles\n|player|p1|GUANGDONG TlGERS|bruno-gen3|1490\n|player|p2|wiff1220|2|1485\n|teamsize|p1|6\n|teamsize|p2|6\n|gen|9\n|tier|[Gen 9] OU\n|rated|\n|rule|Sleep Clause Mod: Limit one foe put to sleep\n|rule|Species Clause: Limit one of each Pok\u00e9mon\n|rule|OHKO Clause: OHKO moves are banned\n|rule|Evasion Items Clause: Evasion items are banned\n|rule|Evasion Moves Clause: Evasion moves are banned\n|rule|Endless Battle Clause: Forcing endless battles is banned\n|rule|HP Percentage Mod: HP is shown in percentages\n|clearpoke\n|poke|p1|Torterra, M|\n|poke|p1|Ninetales-Alola, F|\n|poke|p1|Kommo-o, F|\n|poke|p1|Greninja-*, M|\n|poke|p1|Great Tusk|\n|poke|p1|Ogerpon-Hearthflame, F|\n|poke|p2|Kingambit, M|\n|poke|p2|Ogerpon-Wellspring, F|\n|poke|p2|Talonflame, F|\n|poke|p2|Dragapult, F|\n|poke|p2|Goodra-Hisui, F|\n|poke|p2|Great Tusk|\n|teampreview\n|\n|t:|1695164878\n|start\n|switch|p1a: Ninetales|Ninetales-Alola, F|100/100\n|switch|p2a: Goodra|Goodra-Hisui, F|100/100\n|-weather|Snow|[from] ability: Snow Warning|[of] p1a: Ninetales\n|turn|1\n|\n|t:|1695164891\n|switch|p1a: Great Tusk|Great Tusk|100/100\n|move|p2a: Goodra|Thunderbolt|p1a: Great Tusk\n|-immune|p1a: Great Tusk\n|\n|-weather|Snow|[upkeep]\n|upkeep\n|turn|2\n|\n|t:|1695164897\n|switch|p2a: Talonflame|Talonflame, F|100/100\n|move|p1a: Great Tusk|Knock Off|p2a: Talonflame\n|-damage|p2a: Talonflame|56/100\n|-status|p1a: Great Tusk|brn|[from] ability: Flame Body|[of] p2a: Talonflame\n|-enditem|p2a: Talonflame|Heavy-Duty Boots|[from] move: Knock Off|[of] p1a: Great Tusk\n|\n|-weather|Snow|[upkeep]\n|-damage|p1a: Great Tusk|94/100 brn|[from] brn\n|upkeep\n|turn|3\n|\n|t:|1695164910\n|switch|p2a: Great Tusk|Great Tusk|100/100\n|-end|p1a: Great Tusk|Protosynthesis|[silent]\n|switch|p1a: Ninetales|Ninetales-Alola, F|100/100\n|\n|-weather|Snow|[upkeep]\n|upkeep\n|turn|4\n|\n|t:|1695164917\n|-end|p2a: Great Tusk|Protosynthesis|[silent]\n|switch|p2a: Goodra|Goodra-Hisui, F|100/100\n|move|p1a: Ninetales|Aurora Veil|p1a: Ninetales\n|-sidestart|p1: GUANGDONG TlGERS|move: Aurora Veil\n|\n|-weather|Snow|[upkeep]\n|upkeep\n|turn|5\n|\n|t:|1695164938\n|switch|p1a: Ogerpon|Ogerpon-Hearthflame, F|100/100\n|-ability|p1a: Ogerpon|Mold Breaker\n|switch|p2a: Dragapult|Dragapult, F|100/100\n|\n|-weather|none\n|upkeep\n|turn|6\n|\n|t:|1695164944\n|move|p2a: Dragapult|Draco Meteor|p1a: Ogerpon\n|-damage|p1a: Ogerpon|0 fnt\n|-unboost|p2a: Dragapult|spa|2\n|faint|p1a: Ogerpon\n|\n|upkeep\n|\n|t:|1695164953\n|switch|p1a: Torterra|Torterra, M|100/100\n|turn|7\n|\n|t:|1695164956\n|switch|p2a: Goodra|Goodra-Hisui, F|100/100\n|move|p1a: Torterra|Shell Smash|p1a: Torterra\n|-unboost|p1a: Torterra|def|1\n|-unboost|p1a: Torterra|spd|1\n|-boost|p1a: Torterra|atk|2\n|-boost|p1a: Torterra|spa|2\n|-boost|p1a: Torterra|spe|2\n|-enditem|p1a: Torterra|White Herb\n|-clearnegativeboost|p1a: Torterra|[silent]\n|\n|upkeep\n|turn|8\n|\n|t:|1695164966\n|move|p1a: Torterra|Headlong Rush|p2a: Goodra\n|-supereffective|p2a: Goodra\n|-damage|p2a: Goodra|0 fnt\n|-unboost|p1a: Torterra|def|1\n|-unboost|p1a: Torterra|spd|1\n|faint|p2a: Goodra\n|\n|upkeep\n|\n|t:|1695164969\n|switch|p2a: Talonflame|Talonflame, F|56/100\n|turn|9\n|\n|t:|1695164991\n|-terastallize|p2a: Talonflame|Steel\n|move|p1a: Torterra|Stone Edge|p2a: Talonflame\n|-resisted|p2a: Talonflame\n|-damage|p2a: Talonflame|11/100\n|move|p2a: Talonflame|Flare Blitz|p1a: Torterra\n|-supereffective|p1a: Torterra\n|-damage|p1a: Torterra|45/100\n|-damage|p2a: Talonflame|0 fnt|[from] Recoil\n|faint|p2a: Talonflame\n|\n|upkeep\n|\n|t:|1695165004\n|switch|p2a: Great Tusk|Great Tusk|100/100\n|turn|10\n|\n|t:|1695165019\n|move|p1a: Torterra|Giga Drain|p2a: Great Tusk\n|-supereffective|p2a: Great Tusk\n|-crit|p2a: Great Tusk\n|-damage|p2a: Great Tusk|0 fnt\n|-heal|p1a: Torterra|100/100|[from] drain|[of] p2a: Great Tusk\n|faint|p2a: Great Tusk\n|-end|p2a: Great Tusk|Protosynthesis|[silent]\n|\n|upkeep\n|\n|t:|1695165029\n|switch|p2a: Kingambit|Kingambit, M|100/100\n|-activate|p2a: Kingambit|ability: Supreme Overlord\n|-start|p2a: Kingambit|fallen3|[silent]\n|turn|11\n|\n|t:|1695165034\n|move|p2a: Kingambit|Sucker Punch|p1a: Torterra\n|-damage|p1a: Torterra|61/100\n|move|p1a: Torterra|Headlong Rush|p2a: Kingambit\n|-supereffective|p2a: Kingambit\n|-damage|p2a: Kingambit|0 fnt\n|-unboost|p1a: Torterra|def|1\n|-unboost|p1a: Torterra|spd|1\n|faint|p2a: Kingambit\n|-end|p2a: Kingambit|fallen3|[silent]\n|\n|-sideend|p1: GUANGDONG TlGERS|move: Aurora Veil\n|upkeep\n|\n|t:|1695165036\n|switch|p2a: Ogerpon|Ogerpon-Wellspring, F|100/100\n|turn|12\n|\n|t:|1695165053\n|move|p1a: Torterra|Giga Drain|p2a: Ogerpon\n|-damage|p2a: Ogerpon|56/100\n|-heal|p1a: Torterra|82/100|[from] drain|[of] p2a: Ogerpon\n|move|p2a: Ogerpon|U-turn|p1a: Torterra\n|-supereffective|p1a: Torterra\n|-damage|p1a: Torterra|0 fnt\n|faint|p1a: Torterra\n|\n|t:|1695165055\n|switch|p2a: Dragapult|Dragapult, F|100/100|[from] U-turn\n|\n|upkeep\n|\n|t:|1695165059\n|switch|p1a: Ninetales|Ninetales-Alola, F|100/100\n|-weather|Snow|[from] ability: Snow Warning|[of] p1a: Ninetales\n|turn|13\n|\n|t:|1695165065\n|switch|p1a: Great Tusk|Great Tusk|94/100 brn\n|move|p2a: Dragapult|Shadow Ball|p1a: Great Tusk\n|-damage|p1a: Great Tusk|21/100 brn\n|\n|-weather|Snow|[upkeep]\n|-damage|p1a: Great Tusk|15/100 brn|[from] brn\n|upkeep\n|turn|14\n|\n|t:|1695165070\n|move|p2a: Dragapult|Shadow Ball|p1a: Great Tusk\n|-damage|p1a: Great Tusk|0 fnt\n|faint|p1a: Great Tusk\n|-end|p1a: Great Tusk|Protosynthesis|[silent]\n|\n|-weather|Snow|[upkeep]\n|upkeep\n|\n|t:|1695165072\n|switch|p1a: Kommo-o|Kommo-o, F|100/100\n|turn|15\n|\n|t:|1695165075\n|switch|p2a: Ogerpon|Ogerpon-Wellspring, F|56/100\n|move|p1a: Kommo-o|Substitute|p1a: Kommo-o\n|-start|p1a: Kommo-o|Substitute\n|-damage|p1a: Kommo-o|75/100\n|\n|-weather|Snow|[upkeep]\n|upkeep\n|turn|16\n|\n|t:|1695165081\n|move|p2a: Ogerpon|Ivy Cudgel|p1a: Kommo-o\n|-resisted|p1a: Kommo-o\n|-end|p1a: Kommo-o|Substitute\n|move|p1a: Kommo-o|Belly Drum|p1a: Kommo-o\n|-damage|p1a: Kommo-o|25/100\n|-setboost|p1a: Kommo-o|atk|6|[from] move: Belly Drum\n|-enditem|p1a: Kommo-o|Salac Berry|[eat]\n|-boost|p1a: Kommo-o|spe|1|[from] item: Salac Berry\n|\n|-weather|Snow|[upkeep]\n|upkeep\n|turn|17\n|\n|t:|1695165089\n|move|p1a: Kommo-o|Fire Punch|p2a: Ogerpon\n|-damage|p2a: Ogerpon|0 fnt\n|faint|p2a: Ogerpon\n|\n|-weather|none\n|upkeep\n|\n|t:|1695165090\n|switch|p2a: Dragapult|Dragapult, F|100/100\n|turn|18\n|\n|t:|1695165096\n|move|p1a: Kommo-o|Fire Punch|p2a: Dragapult\n|-resisted|p2a: Dragapult\n|-damage|p2a: Dragapult|41/100\n|move|p2a: Dragapult|Shadow Ball|p1a: Kommo-o\n|-immune|p1a: Kommo-o|[from] ability: Bulletproof\n|\n|upkeep\n|turn|19\n|-message|wiff1220 forfeited.\n|\n|win|GUANGDONG TlGERS\n|raw|GUANGDONG TlGERS's rating: 1490 &rarr; <strong>1510</strong><br />(+20 for winning)\n|raw|wiff1220's rating: 1485 &rarr; <strong>1465</strong><br />(-20 for losing)\n|l|\u2606wiff1220\n", "uploadtime": 1695165109, "views": 2, "p1id": "guangdongtlgers", "p2id": "wiff1220", "formatid": "gen9ou", "rating": 1465, "private": 0, "password": ""}