{"id": "gen9ou-1947506534", "p1": "JeffIsGay69420", "p2": "nyancatninja", "format": "gen9ou", "log": "|j|\u2606JeffIsGay69420\n|j|\u2606nyancatninja\n|t:|1695167356\n|gametype|singles\n|player|p1|JeffIsGay69420|waitress-gen4|1417\n|player|p2|nyancatninja|oak|1508\n|teamsize|p1|6\n|teamsize|p2|6\n|gen|9\n|tier|[Gen 9] OU\n|rated|\n|rule|Sleep Clause Mod: Limit one foe put to sleep\n|rule|Species Clause: Limit one of each Pok\u00e9mon\n|rule|OHKO Clause: OHKO moves are banned\n|rule|Evasion Items Clause: Evasion items are banned\n|rule|Evasion Moves Clause: Evasion moves are banned\n|rule|Endless Battle Clause: Forcing endless battles is banned\n|rule|HP Percentage Mod: HP is shown in percentages\n|clearpoke\n|poke|p1|Zamazenta-*|\n|poke|p1|Clodsire, M|\n|poke|p1|Gliscor, F|\n|poke|p1|Clefable, F|\n|poke|p1|Heatran, M|\n|poke|p1|Mandibuzz, F|\n|poke|p2|Iron Moth|\n|poke|p2|Ursaluna-Bloodmoon, M|\n|poke|p2|Great Tusk|\n|poke|p2|Kingambit, M|\n|poke|p2|Dragonite, F|\n|poke|p2|Iron Valiant|\n|teampreview\n|inactive|Battle timer is ON: inactive players will automatically lose when time's up. (requested by JeffIsGay69420)\n|\n|t:|1695167392\n|start\n|switch|p1a: Gliscor|Gliscor, F, shiny|100/100\n|switch|p2a: Great Tusk|Great Tusk|100/100\n|turn|1\n|\n|t:|1695167409\n|move|p1a: Gliscor|Protect|p1a: Gliscor\n|-singleturn|p1a: Gliscor|Protect\n|move|p2a: Great Tusk|Knock Off|p1a: Gliscor\n|-activate|p1a: Gliscor|move: Protect\n|\n|-status|p1a: Gliscor|tox|[from] item: Toxic Orb\n|upkeep\n|turn|2\n|\n|t:|1695167417\n|-end|p2a: Great Tusk|Protosynthesis|[silent]\n|switch|p2a: Kingambit|Kingambit, M|100/100\n|-item|p2a: Kingambit|Air Balloon\n|move|p1a: Gliscor|Knock Off|p2a: Kingambit\n|-resisted|p2a: Kingambit\n|-damage|p2a: Kingambit|92/100\n|-enditem|p2a: Kingambit|Air Balloon\n|\n|upkeep\n|turn|3\n|\n|t:|1695167434\n|move|p1a: Gliscor|Earthquake|p2a: Kingambit\n|-supereffective|p2a: Kingambit\n|-damage|p2a: Kingambit|41/100\n|move|p2a: Kingambit|Kowtow Cleave|p1a: Gliscor\n|-damage|p1a: Gliscor|61/100 tox\n|\n|-heal|p1a: Gliscor|74/100 tox|[from] ability: Poison Heal\n|upkeep\n|turn|4\n|\n|t:|1695167442\n|-end|p2a: Kingambit|fallenundefined|[silent]\n|switch|p2a: Ursaluna|Ursaluna-Bloodmoon, M|100/100\n|move|p1a: Gliscor|Earthquake|p2a: Ursaluna\n|-damage|p2a: Ursaluna|76/100\n|\n|-heal|p2a: Ursaluna|82/100|[from] item: Leftovers\n|-heal|p1a: Gliscor|86/100 tox|[from] ability: Poison Heal\n|upkeep\n|turn|5\n|\n|t:|1695167450\n|switch|p1a: Heatran|Heatran, M|100/100\n|move|p2a: Ursaluna|Calm Mind|p2a: Ursaluna\n|-boost|p2a: Ursaluna|spa|1\n|-boost|p2a: Ursaluna|spd|1\n|\n|-heal|p2a: Ursaluna|88/100|[from] item: Leftovers\n|upkeep\n|turn|6\n|\n|t:|1695167456\n|move|p1a: Heatran|Taunt|p2a: Ursaluna\n|-start|p2a: Ursaluna|move: Taunt\n|move|p2a: Ursaluna|Earth Power|p1a: Heatran\n|-supereffective|p1a: Heatran\n|-damage|p1a: Heatran|0 fnt\n|faint|p1a: Heatran\n|\n|-heal|p2a: Ursaluna|94/100|[from] item: Leftovers\n|upkeep\n|\n|t:|1695167467\n|switch|p1a: Mandibuzz|Mandibuzz, F|100/100\n|turn|7\n|\n|t:|1695167472\n|move|p1a: Mandibuzz|Toxic|p2a: Ursaluna|[miss]\n|-miss|p1a: Mandibuzz|p2a: Ursaluna\n|move|p2a: Ursaluna|Blood Moon|p1a: Mandibuzz\n|-crit|p1a: Mandibuzz\n|-damage|p1a: Mandibuzz|0 fnt\n|faint|p1a: Mandibuzz\n|\n|-heal|p2a: Ursaluna|99/100|[from] item: Leftovers\n|upkeep\n|\n|t:|1695167478\n|switch|p1a: Zamazenta|Zamazenta, shiny|100/100\n|-ability|p1a: Zamazenta|Dauntless Shield|boost\n|-boost|p1a: Zamazenta|def|1\n|turn|8\n|\n|t:|1695167493\n|switch|p2a: Iron Moth|Iron Moth|100/100\n|-enditem|p2a: Iron Moth|Booster Energy\n|-activate|p2a: Iron Moth|ability: Quark Drive|[fromitem]\n|-start|p2a: Iron Moth|quarkdrivespe\n|move|p1a: Zamazenta|Body Press|p2a: Iron Moth\n|-resisted|p2a: Iron Moth\n|-damage|p2a: Iron Moth|67/100\n|\n|upkeep\n|turn|9\n|\n|t:|1695167500\n|switch|p1a: Clodsire|Clodsire, M|100/100\n|move|p2a: Iron Moth|Dazzling Gleam|p1a: Clodsire\n|-resisted|p1a: Clodsire\n|-damage|p1a: Clodsire|94/100\n|\n|-heal|p1a: Clodsire|99/100|[from] item: Leftovers\n|upkeep\n|turn|10\n|\n|t:|1695167513\n|-end|p2a: Iron Moth|Quark Drive|[silent]\n|switch|p2a: Ursaluna|Ursaluna-Bloodmoon, M|99/100\n|move|p1a: Clodsire|Toxic|p2a: Ursaluna\n|-status|p2a: Ursaluna|tox\n|\n|-heal|p2a: Ursaluna|100/100 tox|[from] item: Leftovers\n|-heal|p1a: Clodsire|100/100|[from] item: Leftovers\n|-damage|p2a: Ursaluna|94/100 tox|[from] psn\n|upkeep\n|turn|11\n|c|\u2606nyancatninja|lol\n|c|\u2606nyancatninja|stall is rare these days\n|c|\u2606nyancatninja|u must love it\n|\n|t:|1695167528\n|move|p2a: Ursaluna|Calm Mind|p2a: Ursaluna\n|-boost|p2a: Ursaluna|spa|1\n|-boost|p2a: Ursaluna|spd|1\n|move|p1a: Clodsire|Spikes|p2a: Ursaluna\n|-sidestart|p2: nyancatninja|Spikes\n|\n|-heal|p2a: Ursaluna|100/100 tox|[from] item: Leftovers\n|-damage|p2a: Ursaluna|88/100 tox|[from] psn\n|upkeep\n|turn|12\n|\n|t:|1695167532\n|move|p2a: Ursaluna|Earth Power|p1a: Clodsire\n|-supereffective|p1a: Clodsire\n|-damage|p1a: Clodsire|18/100\n|move|p1a: Clodsire|Spikes|p2a: Ursaluna\n|-sidestart|p2: nyancatninja|Spikes\n|\n|-heal|p2a: Ursaluna|94/100 tox|[from] item: Leftovers\n|-heal|p1a: Clodsire|24/100|[from] item: Leftovers\n|-damage|p2a: Ursaluna|76/100 tox|[from] psn\n|upkeep\n|turn|13\n|\n|t:|1695167535\n|switch|p1a: Gliscor|Gliscor, F, shiny|86/100 tox\n|move|p2a: Ursaluna|Earth Power|p1a: Gliscor\n|-immune|p1a: Gliscor\n|\n|-heal|p2a: Ursaluna|82/100 tox|[from] item: Leftovers\n|-heal|p1a: Gliscor|99/100 tox|[from] ability: Poison Heal\n|-damage|p2a: Ursaluna|57/100 tox|[from] psn\n|upkeep\n|turn|14\n|\n|t:|1695167538\n|move|p1a: Gliscor|Protect|p1a: Gliscor\n|-singleturn|p1a: Gliscor|Protect\n|move|p2a: Ursaluna|Calm Mind|p2a: Ursaluna\n|-boost|p2a: Ursaluna|spa|1\n|-boost|p2a: Ursaluna|spd|1\n|\n|-heal|p2a: Ursaluna|64/100 tox|[from] item: Leftovers\n|-heal|p1a: Gliscor|100/100 tox|[from] ability: Poison Heal\n|-damage|p2a: Ursaluna|33/100 tox|[from] psn\n|upkeep\n|turn|15\n|\n|t:|1695167543\n|switch|p1a: Clodsire|Clodsire, M|24/100\n|move|p2a: Ursaluna|Blood Moon|p1a: Clodsire\n|-damage|p1a: Clodsire|0 fnt\n|faint|p1a: Clodsire\n|\n|-heal|p2a: Ursaluna|39/100 tox|[from] item: Leftovers\n|-damage|p2a: Ursaluna|2/100 tox|[from] psn\n|upkeep\n|\n|t:|1695167545\n|switch|p1a: Gliscor|Gliscor, F, shiny|100/100 tox\n|turn|16\n|\n|t:|1695167552\n|move|p1a: Gliscor|Protect|p1a: Gliscor\n|-singleturn|p1a: Gliscor|Protect\n|move|p2a: Ursaluna|Calm Mind|p2a: Ursaluna\n|-boost|p2a: Ursaluna|spa|1\n|-boost|p2a: Ursaluna|spd|1\n|\n|-heal|p2a: Ursaluna|8/100 tox|[from] item: Leftovers\n|-damage|p2a: Ursaluna|0 fnt|[from] psn\n|faint|p2a: Ursaluna\n|upkeep\n|\n|t:|1695167554\n|switch|p2a: Great Tusk|Great Tusk|100/100\n|turn|17\n|\n|t:|1695167563\n|move|p2a: Great Tusk|Rapid Spin|p1a: Gliscor\n|-damage|p1a: Gliscor|89/100 tox\n|-boost|p2a: Great Tusk|spe|1\n|-sideend|p2: nyancatninja|Spikes|[from] move: Rapid Spin|[of] p2a: Great Tusk\n|move|p1a: Gliscor|Knock Off|p2a: Great Tusk\n|-resisted|p2a: Great Tusk\n|-damage|p2a: Great Tusk|95/100\n|-enditem|p2a: Great Tusk|Heavy-Duty Boots|[from] move: Knock Off|[of] p1a: Gliscor\n|\n|-heal|p1a: Gliscor|100/100 tox|[from] ability: Poison Heal\n|upkeep\n|turn|18\n|\n|t:|1695167568\n|move|p2a: Great Tusk|Stealth Rock|p1a: Gliscor\n|-sidestart|p1: JeffIsGay69420|move: Stealth Rock\n|move|p1a: Gliscor|Stealth Rock|p2a: Great Tusk\n|-sidestart|p2: nyancatninja|move: Stealth Rock\n|\n|upkeep\n|turn|19\n|\n|t:|1695167571\n|move|p2a: Great Tusk|Rapid Spin|p1a: Gliscor\n|-damage|p1a: Gliscor|88/100 tox\n|-boost|p2a: Great Tusk|spe|1\n|-sideend|p2: nyancatninja|Stealth Rock|[from] move: Rapid Spin|[of] p2a: Great Tusk\n|move|p1a: Gliscor|Earthquake|p2a: Great Tusk\n|-damage|p2a: Great Tusk|74/100\n|\n|-heal|p1a: Gliscor|100/100 tox|[from] ability: Poison Heal\n|upkeep\n|turn|20\n|\n|t:|1695167586\n|-end|p2a: Great Tusk|Protosynthesis|[silent]\n|switch|p2a: Iron Moth|Iron Moth|67/100\n|move|p1a: Gliscor|Earthquake|p2a: Iron Moth\n|-supereffective|p2a: Iron Moth\n|-damage|p2a: Iron Moth|0 fnt\n|faint|p2a: Iron Moth\n|-end|p2a: Iron Moth|Quark Drive|[silent]\n|\n|upkeep\n|\n|t:|1695167588\n|switch|p2a: Iron Valiant|Iron Valiant|100/100\n|-enditem|p2a: Iron Valiant|Booster Energy\n|-activate|p2a: Iron Valiant|ability: Quark Drive|[fromitem]\n|-start|p2a: Iron Valiant|quarkdrivespe\n|turn|21\n|\n|t:|1695167596\n|move|p2a: Iron Valiant|Calm Mind|p2a: Iron Valiant\n|-boost|p2a: Iron Valiant|spa|1\n|-boost|p2a: Iron Valiant|spd|1\n|move|p1a: Gliscor|Earthquake|p2a: Iron Valiant\n|-damage|p2a: Iron Valiant|56/100\n|\n|upkeep\n|turn|22\n|\n|t:|1695167598\n|move|p2a: Iron Valiant|Moonblast|p1a: Gliscor\n|-damage|p1a: Gliscor|17/100 tox\n|-unboost|p1a: Gliscor|spa|1\n|move|p1a: Gliscor|Earthquake|p2a: Iron Valiant\n|-damage|p2a: Iron Valiant|16/100\n|\n|-heal|p1a: Gliscor|29/100 tox|[from] ability: Poison Heal\n|upkeep\n|turn|23\n|\n|t:|1695167601\n|move|p2a: Iron Valiant|Moonblast|p1a: Gliscor\n|-damage|p1a: Gliscor|0 fnt\n|faint|p1a: Gliscor\n|\n|upkeep\n|\n|t:|1695167609\n|switch|p1a: Clefable|Clefable, F|100/100\n|turn|24\n|\n|t:|1695167617\n|move|p2a: Iron Valiant|Moonblast|p1a: Clefable\n|-damage|p1a: Clefable|33/100\n|-unboost|p1a: Clefable|spa|1\n|move|p1a: Clefable|Calm Mind|p1a: Clefable\n|-boost|p1a: Clefable|spa|1\n|-boost|p1a: Clefable|spd|1\n|\n|-heal|p1a: Clefable|39/100|[from] item: Leftovers\n|upkeep\n|turn|25\n|\n|t:|1695167628\n|-terastallize|p1a: Clefable|Steel\n|move|p2a: Iron Valiant|Encore|p1a: Clefable\n|-start|p1a: Clefable|Encore\n|move|p1a: Clefable|Calm Mind|p1a: Clefable\n|-boost|p1a: Clefable|spa|1\n|-boost|p1a: Clefable|spd|1\n|\n|-heal|p1a: Clefable|45/100|[from] item: Leftovers\n|upkeep\n|turn|26\n|\n|t:|1695167633\n|-end|p2a: Iron Valiant|Quark Drive|[silent]\n|switch|p2a: Great Tusk|Great Tusk|74/100\n|move|p1a: Clefable|Calm Mind|p1a: Clefable\n|-boost|p1a: Clefable|spa|1\n|-boost|p1a: Clefable|spd|1\n|\n|-heal|p1a: Clefable|51/100|[from] item: Leftovers\n|upkeep\n|turn|27\n|\n|t:|1695167636\n|move|p2a: Great Tusk|Earthquake|p1a: Clefable\n|-supereffective|p1a: Clefable\n|-damage|p1a: Clefable|0 fnt\n|faint|p1a: Clefable\n|\n|upkeep\n|\n|t:|1695167637\n|switch|p1a: Zamazenta|Zamazenta, shiny|100/100\n|-damage|p1a: Zamazenta|94/100|[from] Stealth Rock\n|turn|28\n|\n|t:|1695167642\n|move|p1a: Zamazenta|Iron Defense|p1a: Zamazenta\n|-boost|p1a: Zamazenta|def|2\n|move|p2a: Great Tusk|Earthquake|p1a: Zamazenta\n|-damage|p1a: Zamazenta|78/100\n|\n|-heal|p1a: Zamazenta|84/100|[from] item: Leftovers\n|upkeep\n|turn|29\n|\n|t:|1695167645\n|move|p1a: Zamazenta|Iron Defense|p1a: Zamazenta\n|-boost|p1a: Zamazenta|def|2\n|move|p2a: Great Tusk|Earthquake|p1a: Zamazenta\n|-damage|p1a: Zamazenta|74/100\n|\n|-heal|p1a: Zamazenta|80/100|[from] item: Leftovers\n|upkeep\n|turn|30\n|\n|t:|1695167648\n|move|p1a: Zamazenta|Substitute|p1a: Zamazenta\n|-start|p1a: Zamazenta|Substitute\n|-damage|p1a: Zamazenta|55/100\n|move|p2a: Great Tusk|Earthquake|p1a: Zamazenta\n|-activate|p1a: Zamazenta|move: Substitute|[damage]\n|\n|-heal|p1a: Zamazenta|61/100|[from] item: Leftovers\n|upkeep\n|turn|31\n|\n|t:|1695167652\n|move|p1a: Zamazenta|Iron Defense|p1a: Zamazenta\n|-boost|p1a: Zamazenta|def|2\n|move|p2a: Great Tusk|Earthquake|p1a: Zamazenta\n|-activate|p1a: Zamazenta|move: Substitute|[damage]\n|\n|-heal|p1a: Zamazenta|67/100|[from] item: Leftovers\n|upkeep\n|turn|32\n|\n|t:|1695167654\n|move|p1a: Zamazenta|Body Press|p2a: Great Tusk\n|-damage|p2a: Great Tusk|0 fnt\n|faint|p2a: Great Tusk\n|-end|p2a: Great Tusk|Protosynthesis|[silent]\n|\n|-heal|p1a: Zamazenta|73/100|[from] item: Leftovers\n|upkeep\n|\n|t:|1695167661\n|switch|p2a: Dragonite|Dragonite, F|100/100\n|turn|33\n|\n|t:|1695167665\n|move|p1a: Zamazenta|Body Press|p2a: Dragonite\n|-resisted|p2a: Dragonite\n|-damage|p2a: Dragonite|68/100\n|move|p2a: Dragonite|Earthquake|p1a: Zamazenta\n|-activate|p1a: Zamazenta|move: Substitute|[damage]\n|\n|-heal|p1a: Zamazenta|80/100|[from] item: Leftovers\n|upkeep\n|turn|34\n|\n|t:|1695167671\n|move|p1a: Zamazenta|Body Press|p2a: Dragonite\n|-resisted|p2a: Dragonite\n|-damage|p2a: Dragonite|0 fnt\n|faint|p2a: Dragonite\n|\n|-heal|p1a: Zamazenta|86/100|[from] item: Leftovers\n|upkeep\n|\n|t:|1695167673\n|switch|p2a: Kingambit|Kingambit, M|41/100\n|-activate|p2a: Kingambit|ability: Supreme Overlord\n|-start|p2a: Kingambit|fallen4|[silent]\n|turn|35\n|\n|t:|1695167676\n|move|p2a: Kingambit|Sucker Punch|p1a: Zamazenta\n|-resisted|p1a: Zamazenta\n|-end|p1a: Zamazenta|Substitute\n|move|p1a: Zamazenta|Body Press|p2a: Kingambit\n|-supereffective|p2a: Kingambit\n|-damage|p2a: Kingambit|0 fnt\n|faint|p2a: Kingambit\n|-end|p2a: Kingambit|fallen4|[silent]\n|\n|-heal|p1a: Zamazenta|92/100|[from] item: Leftovers\n|upkeep\n|\n|t:|1695167679\n|switch|p2a: Iron Valiant|Iron Valiant|16/100\n|turn|36\n|\n|t:|1695167684\n|move|p1a: Zamazenta|Body Press|p2a: Iron Valiant\n|-resisted|p2a: Iron Valiant\n|-damage|p2a: Iron Valiant|0 fnt\n|faint|p2a: Iron Valiant\n|-end|p2a: Iron Valiant|Quark Drive|[silent]\n|\n|win|JeffIsGay69420\n|raw|JeffIsGay69420's rating: 1417 &rarr; <strong>1442</strong><br />(+25 for winning)\n|raw|nyancatninja's rating: 1508 &rarr; <strong>1483</strong><br />(-25 for losing)\n|c|\u2606nyancatninja|wow\n|l|\u2606nyancatninja\n", "uploadtime": 1695167707, "views": 1, "p1id": "jeffisgay69420", "p2id": "nyancatninja", "formatid": "gen9ou", "rating": 1442, "private": 0, "password": ""}