{"id": "gen9ou-1947518696", "p1": "snurke", "p2": "beer_fan", "format": "gen9ou", "log": "|j|\u2606snurke\n|j|\u2606beer_fan\n|t:|1695168559\n|gametype|singles\n|player|p1|snurke|sisandbro|1501\n|player|p2|beer_fan|shadowtriad|1543\n|teamsize|p1|6\n|teamsize|p2|6\n|gen|9\n|tier|[Gen 9] OU\n|rated|\n|rule|Sleep Clause Mod: Limit one foe put to sleep\n|rule|Species Clause: Limit one of each Pok\u00e9mon\n|rule|OHKO Clause: OHKO moves are banned\n|rule|Evasion Items Clause: Evasion items are banned\n|rule|Evasion Moves Clause: Evasion moves are banned\n|rule|Endless Battle Clause: Forcing endless battles is banned\n|rule|HP Percentage Mod: HP is shown in percentages\n|clearpoke\n|poke|p1|Torterra, F|\n|poke|p1|Ninetales-Alola, F|\n|poke|p1|Corviknight, F|\n|poke|p1|Manaphy|\n|poke|p1|Ursaluna-Bloodmoon, M|\n|poke|p1|Garganacl, F|\n|poke|p2|Ogerpon-Cornerstone, F|\n|poke|p2|Tyranitar, M|\n|poke|p2|Iron Valiant|\n|poke|p2|Kingambit, F|\n|poke|p2|Zapdos|\n|poke|p2|Dragapult, F|\n|teampreview\n|inactive|Battle timer is ON: inactive players will automatically lose when time's up. (requested by beer_fan)\n|\n|t:|1695168575\n|start\n|switch|p1a: Garganacl|Garganacl, F, shiny|100/100\n|switch|p2a: Zapdos|Zapdos|100/100\n|turn|1\n|\n|t:|1695168590\n|move|p2a: Zapdos|Volt Switch|p1a: Garganacl\n|-damage|p1a: Garganacl|65/100\n|\n|t:|1695168601\n|switch|p2a: Tyranitar|Tyranitar, M|100/100|[from] Volt Switch\n|-weather|Sandstorm|[from] ability: Sand Stream|[of] p2a: Tyranitar\n|move|p1a: Garganacl|Stealth Rock|p2a: Tyranitar\n|-sidestart|p2: beer_fan|move: Stealth Rock\n|\n|-weather|Sandstorm|[upkeep]\n|-heal|p1a: Garganacl|71/100|[from] item: Leftovers\n|upkeep\n|turn|2\n|\n|t:|1695168622\n|move|p2a: Tyranitar|Knock Off|p1a: Garganacl\n|-damage|p1a: Garganacl|48/100\n|-enditem|p1a: Garganacl|Leftovers|[from] move: Knock Off|[of] p2a: Tyranitar\n|move|p1a: Garganacl|Salt Cure|p2a: Tyranitar\n|-damage|p2a: Tyranitar|90/100\n|-start|p2a: Tyranitar|Salt Cure\n|\n|-weather|Sandstorm|[upkeep]\n|-heal|p2a: Tyranitar|96/100|[from] item: Leftovers\n|-damage|p2a: Tyranitar|84/100|[from] Salt Cure\n|upkeep\n|turn|3\n|\n|t:|1695168638\n|move|p2a: Tyranitar|Stealth Rock|p1a: Garganacl\n|-sidestart|p1: snurke|move: Stealth Rock\n|move|p1a: Garganacl|Recover|p1a: Garganacl\n|-heal|p1a: Garganacl|98/100\n|\n|-weather|Sandstorm|[upkeep]\n|-heal|p2a: Tyranitar|90/100|[from] item: Leftovers\n|-damage|p2a: Tyranitar|78/100|[from] Salt Cure\n|upkeep\n|turn|4\n|\n|t:|1695168645\n|switch|p2a: Iron Valiant|Iron Valiant|100/100\n|-enditem|p2a: Iron Valiant|Booster Energy\n|-activate|p2a: Iron Valiant|ability: Quark Drive|[fromitem]\n|-start|p2a: Iron Valiant|quarkdrivespe\n|-damage|p2a: Iron Valiant|94/100|[from] Stealth Rock\n|switch|p1a: Corviknight|Corviknight, F, shiny|100/100\n|-damage|p1a: Corviknight|88/100|[from] Stealth Rock\n|-ability|p1a: Corviknight|Pressure\n|\n|-weather|Sandstorm|[upkeep]\n|-damage|p2a: Iron Valiant|88/100|[from] Sandstorm\n|-heal|p1a: Corviknight|94/100|[from] item: Leftovers\n|upkeep\n|turn|5\n|\n|t:|1695168667\n|-end|p2a: Iron Valiant|Quark Drive|[silent]\n|switch|p2a: Zapdos|Zapdos|100/100\n|move|p1a: Corviknight|Defog|p2a: Zapdos\n|-unboost|p2a: Zapdos|evasion|1\n|-sideend|p2: beer_fan|Stealth Rock|[from] move: Defog|[of] p1a: Corviknight\n|-sideend|p1: snurke|Stealth Rock|[from] move: Defog|[of] p1a: Corviknight\n|\n|-weather|none\n|-heal|p1a: Corviknight|100/100|[from] item: Leftovers\n|upkeep\n|turn|6\n|\n|t:|1695168676\n|switch|p1a: Ursaluna|Ursaluna-Bloodmoon, M|100/100\n|move|p2a: Zapdos|Thunder Wave|p1a: Ursaluna\n|-immune|p1a: Ursaluna\n|\n|upkeep\n|turn|7\n|\n|t:|1695168682\n|switch|p1a: Garganacl|Garganacl, F, shiny|98/100\n|move|p2a: Zapdos|Hurricane|p1a: Garganacl\n|-resisted|p1a: Garganacl\n|-damage|p1a: Garganacl|69/100\n|\n|upkeep\n|turn|8\n|\n|t:|1695168685\n|move|p2a: Zapdos|Volt Switch|p1a: Garganacl\n|-damage|p1a: Garganacl|32/100\n|\n|t:|1695168689\n|switch|p2a: Iron Valiant|Iron Valiant|88/100|[from] Volt Switch\n|move|p1a: Garganacl|Stealth Rock|p2a: Iron Valiant\n|-sidestart|p2: beer_fan|move: Stealth Rock\n|\n|upkeep\n|turn|9\n|\n|t:|1695168697\n|switch|p1a: Corviknight|Corviknight, F, shiny|100/100\n|-ability|p1a: Corviknight|Pressure\n|move|p2a: Iron Valiant|Close Combat|p1a: Corviknight\n|-damage|p1a: Corviknight|55/100\n|-unboost|p2a: Iron Valiant|def|1\n|-unboost|p2a: Iron Valiant|spd|1\n|\n|-heal|p1a: Corviknight|61/100|[from] item: Leftovers\n|upkeep\n|turn|10\n|\n|t:|1695168709\n|-end|p2a: Iron Valiant|Quark Drive|[silent]\n|switch|p2a: Zapdos|Zapdos|100/100\n|move|p1a: Corviknight|U-turn|p2a: Zapdos\n|-resisted|p2a: Zapdos\n|-damage|p2a: Zapdos|93/100\n|\n|t:|1695168711\n|switch|p1a: Ninetales|Ninetales-Alola, F, shiny|100/100|[from] U-turn\n|-weather|Snow|[from] ability: Snow Warning|[of] p1a: Ninetales\n|\n|-weather|Snow|[upkeep]\n|upkeep\n|turn|11\n|\n|t:|1695168718\n|switch|p2a: Tyranitar|Tyranitar, M|78/100\n|-damage|p2a: Tyranitar|65/100|[from] Stealth Rock\n|-weather|Sandstorm|[from] ability: Sand Stream|[of] p2a: Tyranitar\n|move|p1a: Ninetales|Aurora Veil||[still]\n|-fail|p1a: Ninetales\n|\n|-weather|Sandstorm|[upkeep]\n|-damage|p1a: Ninetales|94/100|[from] Sandstorm\n|-heal|p2a: Tyranitar|72/100|[from] item: Leftovers\n|upkeep\n|turn|12\n|\n|t:|1695168730\n|switch|p1a: Garganacl|Garganacl, F, shiny|32/100\n|move|p2a: Tyranitar|Knock Off|p1a: Garganacl\n|-damage|p1a: Garganacl|13/100\n|\n|-weather|Sandstorm|[upkeep]\n|-heal|p2a: Tyranitar|78/100|[from] item: Leftovers\n|upkeep\n|turn|13\n|\n|t:|1695168737\n|move|p2a: Tyranitar|Earthquake|p1a: Garganacl\n|-supereffective|p1a: Garganacl\n|-damage|p1a: Garganacl|0 fnt\n|faint|p1a: Garganacl\n|\n|-weather|Sandstorm|[upkeep]\n|-heal|p2a: Tyranitar|84/100|[from] item: Leftovers\n|upkeep\n|\n|t:|1695168748\n|switch|p1a: Ninetales|Ninetales-Alola, F, shiny|94/100\n|-weather|Snow|[from] ability: Snow Warning|[of] p1a: Ninetales\n|turn|14\n|\n|t:|1695168753\n|move|p1a: Ninetales|Aurora Veil|p1a: Ninetales\n|-sidestart|p1: snurke|move: Aurora Veil\n|move|p2a: Tyranitar|Stone Edge|p1a: Ninetales\n|-supereffective|p1a: Ninetales\n|-damage|p1a: Ninetales|53/100\n|\n|-weather|Snow|[upkeep]\n|-heal|p2a: Tyranitar|90/100|[from] item: Leftovers\n|upkeep\n|turn|15\n|\n|t:|1695168759\n|switch|p1a: Torterra|Torterra, F, shiny|100/100\n|move|p2a: Tyranitar|Knock Off|p1a: Torterra\n|-damage|p1a: Torterra|76/100\n|-enditem|p1a: Torterra|Life Orb|[from] move: Knock Off|[of] p2a: Tyranitar\n|\n|-weather|Snow|[upkeep]\n|-heal|p2a: Tyranitar|96/100|[from] item: Leftovers\n|upkeep\n|turn|16\n|\n|t:|1695168771\n|switch|p2a: Zapdos|Zapdos|93/100\n|move|p1a: Torterra|Shell Smash|p1a: Torterra\n|-unboost|p1a: Torterra|def|1\n|-unboost|p1a: Torterra|spd|1\n|-boost|p1a: Torterra|atk|2\n|-boost|p1a: Torterra|spa|2\n|-boost|p1a: Torterra|spe|2\n|\n|-weather|Snow|[upkeep]\n|upkeep\n|turn|17\n|\n|t:|1695168774\n|-terastallize|p1a: Torterra|Ice\n|move|p1a: Torterra|Tera Blast|p2a: Zapdos\n|-supereffective|p2a: Zapdos\n|-damage|p2a: Zapdos|0 fnt\n|faint|p2a: Zapdos\n|\n|-weather|Snow|[upkeep]\n|upkeep\n|\n|t:|1695168786\n|switch|p2a: Tyranitar|Tyranitar, M|96/100\n|-damage|p2a: Tyranitar|84/100|[from] Stealth Rock\n|-weather|Sandstorm|[from] ability: Sand Stream|[of] p2a: Tyranitar\n|turn|18\n|\n|t:|1695168790\n|move|p1a: Torterra|Headlong Rush|p2a: Tyranitar\n|-supereffective|p2a: Tyranitar\n|-damage|p2a: Tyranitar|0 fnt\n|-unboost|p1a: Torterra|def|1\n|-unboost|p1a: Torterra|spd|1\n|faint|p2a: Tyranitar\n|\n|-weather|Sandstorm|[upkeep]\n|-damage|p1a: Torterra|70/100|[from] Sandstorm\n|upkeep\n|\n|t:|1695168806\n|switch|p2a: Dragapult|Dragapult, F|100/100\n|-damage|p2a: Dragapult|88/100|[from] Stealth Rock\n|turn|19\n|\n|t:|1695168811\n|move|p1a: Torterra|Tera Blast|p2a: Dragapult\n|-supereffective|p2a: Dragapult\n|-crit|p2a: Dragapult\n|-damage|p2a: Dragapult|0 fnt\n|faint|p2a: Dragapult\n|\n|-weather|Sandstorm|[upkeep]\n|-damage|p1a: Torterra|64/100|[from] Sandstorm\n|upkeep\n|\n|t:|1695168820\n|switch|p2a: Iron Valiant|Iron Valiant|88/100\n|-damage|p2a: Iron Valiant|82/100|[from] Stealth Rock\n|turn|20\n|inactive|snurke has 120 seconds left.\n|\n|t:|1695168851\n|move|p1a: Torterra|Giga Drain|p2a: Iron Valiant\n|-damage|p2a: Iron Valiant|0 fnt\n|-heal|p1a: Torterra|99/100|[from] drain|[of] p2a: Iron Valiant\n|faint|p2a: Iron Valiant\n|-end|p2a: Iron Valiant|Quark Drive|[silent]\n|\n|-weather|Sandstorm|[upkeep]\n|-damage|p1a: Torterra|94/100|[from] Sandstorm\n|upkeep\n|\n|t:|1695168859\n|switch|p2a: Ogerpon|Ogerpon-Cornerstone, F|100/100\n|-damage|p2a: Ogerpon|88/100|[from] Stealth Rock\n|turn|21\n|\n|t:|1695168866\n|move|p1a: Torterra|Tera Blast|p2a: Ogerpon\n|-supereffective|p2a: Ogerpon\n|-damage|p2a: Ogerpon|0 fnt\n|faint|p2a: Ogerpon\n|\n|-weather|Sandstorm|[upkeep]\n|-damage|p1a: Torterra|88/100|[from] Sandstorm\n|-sideend|p1: snurke|move: Aurora Veil\n|upkeep\n|\n|t:|1695168870\n|switch|p2a: Kingambit|Kingambit, F|100/100\n|-damage|p2a: Kingambit|94/100|[from] Stealth Rock\n|-activate|p2a: Kingambit|ability: Supreme Overlord\n|-start|p2a: Kingambit|fallen5|[silent]\n|turn|22\n|\n|t:|1695168877\n|move|p2a: Kingambit|Sucker Punch|p1a: Torterra\n|-damage|p1a: Torterra|0 fnt\n|faint|p1a: Torterra\n|\n|-weather|none\n|-heal|p2a: Kingambit|100/100|[from] item: Leftovers\n|upkeep\n|\n|t:|1695168881\n|switch|p1a: Ursaluna|Ursaluna-Bloodmoon, M|100/100\n|turn|23\n|\n|t:|1695168886\n|-terastallize|p2a: Kingambit|Fairy\n|move|p2a: Kingambit|Low Kick|p1a: Ursaluna\n|-supereffective|p1a: Ursaluna\n|-damage|p1a: Ursaluna|3/100\n|move|p1a: Ursaluna|Earth Power|p2a: Kingambit\n|-damage|p2a: Kingambit|42/100\n|\n|-heal|p2a: Kingambit|48/100|[from] item: Leftovers\n|-heal|p1a: Ursaluna|9/100|[from] item: Leftovers\n|upkeep\n|turn|24\n|\n|t:|1695168897\n|move|p2a: Kingambit|Sucker Punch|p1a: Ursaluna\n|-damage|p1a: Ursaluna|0 fnt\n|faint|p1a: Ursaluna\n|\n|-heal|p2a: Kingambit|54/100|[from] item: Leftovers\n|upkeep\n|\n|t:|1695168902\n|switch|p1a: Ninetales|Ninetales-Alola, F, shiny|53/100\n|-weather|Snow|[from] ability: Snow Warning|[of] p1a: Ninetales\n|turn|25\n|\n|t:|1695168907\n|move|p1a: Ninetales|Aurora Veil|p1a: Ninetales\n|-sidestart|p1: snurke|move: Aurora Veil\n|move|p2a: Kingambit|Kowtow Cleave|p1a: Ninetales\n|-resisted|p1a: Ninetales\n|-damage|p1a: Ninetales|38/100\n|\n|-weather|Snow|[upkeep]\n|-heal|p2a: Kingambit|61/100|[from] item: Leftovers\n|upkeep\n|turn|26\n|\n|t:|1695168913\n|move|p1a: Ninetales|Blizzard|p2a: Kingambit\n|-damage|p2a: Kingambit|21/100\n|move|p2a: Kingambit|Swords Dance|p2a: Kingambit\n|-boost|p2a: Kingambit|atk|2\n|\n|-weather|Snow|[upkeep]\n|-heal|p2a: Kingambit|27/100|[from] item: Leftovers\n|upkeep\n|turn|27\n|\n|t:|1695168918\n|move|p2a: Kingambit|Sucker Punch||[still]\n|-fail|p2a: Kingambit\n|move|p1a: Ninetales|Encore|p2a: Kingambit\n|-start|p2a: Kingambit|Encore\n|\n|-weather|Snow|[upkeep]\n|-heal|p2a: Kingambit|33/100|[from] item: Leftovers\n|upkeep\n|turn|28\n|\n|t:|1695168923\n|switch|p1a: Manaphy|Manaphy, shiny|100/100\n|move|p2a: Kingambit|Sucker Punch||[still]\n|-fail|p2a: Kingambit\n|\n|-weather|Snow|[upkeep]\n|-heal|p2a: Kingambit|39/100|[from] item: Leftovers\n|upkeep\n|turn|29\n|\n|t:|1695168927\n|move|p2a: Kingambit|Sucker Punch||[still]\n|-fail|p2a: Kingambit\n|move|p1a: Manaphy|Acid Armor|p1a: Manaphy\n|-boost|p1a: Manaphy|def|2\n|\n|-weather|none\n|-heal|p2a: Kingambit|45/100|[from] item: Leftovers\n|upkeep\n|turn|30\n|\n|t:|1695168932\n|move|p2a: Kingambit|Sucker Punch||[still]\n|-fail|p2a: Kingambit\n|move|p1a: Manaphy|Acid Armor|p1a: Manaphy\n|-boost|p1a: Manaphy|def|2\n|\n|-heal|p2a: Kingambit|52/100|[from] item: Leftovers\n|-end|p2a: Kingambit|Encore\n|upkeep\n|turn|31\n|\n|t:|1695168941\n|move|p1a: Manaphy|Scald|p2a: Kingambit\n|-damage|p2a: Kingambit|21/100\n|-status|p2a: Kingambit|brn\n|move|p2a: Kingambit|Kowtow Cleave|p1a: Manaphy\n|-damage|p1a: Manaphy|91/100\n|\n|-heal|p1a: Manaphy|97/100|[from] item: Leftovers\n|-heal|p2a: Kingambit|27/100 brn|[from] item: Leftovers\n|-damage|p2a: Kingambit|21/100 brn|[from] brn\n|upkeep\n|turn|32\n|-message|beer_fan forfeited.\n|\n|win|snurke\n|raw|snurke's rating: 1501 &rarr; <strong>1523</strong><br />(+22 for winning)\n|raw|beer_fan's rating: 1543 &rarr; <strong>1521</strong><br />(-22 for losing)\n|l|\u2606beer_fan\n", "uploadtime": 1695168952, "views": 2, "p1id": "snurke", "p2id": "beerfan", "formatid": "gen9ou", "rating": 1521, "private": 0, "password": ""}