{"id": "gen9ou-1947485698", "p1": "StallKing420", "p2": "4war4e", "format": "gen9ou", "log": "|j|\u2606StallKing420\n|j|\u26064war4e\n|t:|1695165282\n|gametype|singles\n|player|p1|StallKing420|swimmerf-gen4dp|1369\n|player|p2|4war4e|1|1443\n|teamsize|p1|6\n|teamsize|p2|6\n|gen|9\n|tier|[Gen 9] OU\n|rated|\n|rule|Sleep Clause Mod: Limit one foe put to sleep\n|rule|Species Clause: Limit one of each Pok\u00e9mon\n|rule|OHKO Clause: OHKO moves are banned\n|rule|Evasion Items Clause: Evasion items are banned\n|rule|Evasion Moves Clause: Evasion moves are banned\n|rule|Endless Battle Clause: Forcing endless battles is banned\n|rule|HP Percentage Mod: HP is shown in percentages\n|clearpoke\n|poke|p1|Toxapex, M|\n|poke|p1|Gliscor, M|\n|poke|p1|Clefable, M|\n|poke|p1|Dondozo, M|\n|poke|p1|Tornadus-Therian, M|\n|poke|p1|Blissey, F|\n|poke|p2|Mew|\n|poke|p2|Ursaluna-Bloodmoon, M|\n|poke|p2|Ogerpon-Hearthflame, F|\n|poke|p2|Walking Wake|\n|poke|p2|Ninetales, M|\n|poke|p2|Great Tusk|\n|teampreview\n|\n|t:|1695165299\n|start\n|switch|p1a: Toxapex|Toxapex, M|100/100\n|switch|p2a: Mew|Mew|100/100\n|turn|1\n|inactive|Battle timer is ON: inactive players will automatically lose when time's up. (requested by 4war4e)\n|\n|t:|1695165303\n|move|p2a: Mew|Taunt|p1a: Toxapex\n|-start|p1a: Toxapex|move: Taunt\n|cant|p1a: Toxapex|move: Taunt|Toxic\n|\n|upkeep\n|turn|2\n|\n|t:|1695165308\n|switch|p1a: Blissey|Blissey, F|100/100\n|move|p2a: Mew|Fire Spin|p1a: Blissey|[miss]\n|-miss|p2a: Mew|p1a: Blissey\n|\n|upkeep\n|turn|3\n|\n|t:|1695165312\n|move|p2a: Mew|Fire Spin|p1a: Blissey\n|-damage|p1a: Blissey|98/100\n|-activate|p1a: Blissey|move: Fire Spin|[of] p2a: Mew\n|move|p1a: Blissey|Seismic Toss|p2a: Mew\n|-damage|p2a: Mew|76/100\n|\n|-heal|p2a: Mew|82/100|[from] item: Leftovers\n|-damage|p1a: Blissey|86/100|[from] move: Fire Spin|[partiallytrapped]\n|upkeep\n|turn|4\n|\n|t:|1695165314\n|move|p2a: Mew|Imprison|p2a: Mew\n|-start|p2a: Mew|move: Imprison\n|move|p1a: Blissey|Seismic Toss|p2a: Mew\n|-damage|p2a: Mew|57/100\n|\n|-heal|p2a: Mew|63/100|[from] item: Leftovers\n|-damage|p1a: Blissey|73/100|[from] move: Fire Spin|[partiallytrapped]\n|upkeep\n|turn|5\n|\n|t:|1695165318\n|move|p2a: Mew|Transform|p1a: Blissey\n|-transform|p2a: Mew|p1a: Blissey\n|cant|p1a: Blissey|move: Imprison|Seismic Toss\n|\n|-heal|p2a: Mew|70/100|[from] item: Leftovers\n|-damage|p1a: Blissey|61/100|[from] move: Fire Spin|[partiallytrapped]\n|upkeep\n|turn|6\n|\n|t:|1695165322\n|-activate|p1a: Blissey|move: Struggle\n|move|p1a: Blissey|Struggle|p2a: Mew\n|-damage|p2a: Mew|66/100\n|-damage|p1a: Blissey|36/100|[from] recoil\n|move|p2a: Mew|Seismic Toss|p1a: Blissey\n|-damage|p1a: Blissey|22/100\n|\n|-heal|p2a: Mew|72/100|[from] item: Leftovers\n|-damage|p1a: Blissey|9/100|[from] move: Fire Spin|[partiallytrapped]\n|upkeep\n|turn|7\n|\n|t:|1695165323\n|-activate|p1a: Blissey|move: Struggle\n|move|p1a: Blissey|Struggle|p2a: Mew\n|-damage|p2a: Mew|68/100\n|-damage|p1a: Blissey|0 fnt|[from] recoil\n|faint|p1a: Blissey\n|move|p2a: Mew|Soft-Boiled|p2a: Mew\n|-heal|p2a: Mew|100/100\n|\n|upkeep\n|\n|t:|1695165329\n|switch|p1a: Gliscor|Gliscor, M|100/100\n|turn|8\n|\n|t:|1695165333\n|switch|p2a: Ninetales|Ninetales, M|100/100\n|-weather|SunnyDay|[from] ability: Drought|[of] p2a: Ninetales\n|move|p1a: Gliscor|Spikes|p2a: Ninetales\n|-sidestart|p2: 4war4e|Spikes\n|\n|-weather|SunnyDay|[upkeep]\n|-status|p1a: Gliscor|tox|[from] item: Toxic Orb\n|upkeep\n|turn|9\n|\n|t:|1695165337\n|switch|p1a: Toxapex|Toxapex, M|100/100\n|move|p2a: Ninetales|Encore||[still]\n|-fail|p2a: Ninetales\n|\n|-weather|SunnyDay|[upkeep]\n|upkeep\n|turn|10\n|\n|t:|1695165340\n|switch|p2a: Ursaluna|Ursaluna-Bloodmoon, M|100/100\n|-damage|p2a: Ursaluna|88/100|[from] Spikes\n|move|p1a: Toxapex|Toxic|p2a: Ursaluna\n|-status|p2a: Ursaluna|tox\n|\n|-weather|SunnyDay|[upkeep]\n|-damage|p2a: Ursaluna|82/100 tox|[from] psn\n|upkeep\n|turn|11\n|\n|t:|1695165348\n|move|p2a: Ursaluna|Blood Moon|p1a: Toxapex\n|-damage|p1a: Toxapex|49/100\n|move|p1a: Toxapex|Infestation|p2a: Ursaluna\n|-damage|p2a: Ursaluna|79/100 tox\n|-activate|p2a: Ursaluna|move: Infestation|[of] p1a: Toxapex\n|\n|-weather|SunnyDay|[upkeep]\n|-damage|p2a: Ursaluna|67/100 tox|[from] psn\n|-damage|p2a: Ursaluna|55/100 tox|[from] move: Infestation|[partiallytrapped]\n|upkeep\n|turn|12\n|\n|t:|1695165351\n|move|p2a: Ursaluna|Calm Mind|p2a: Ursaluna\n|-boost|p2a: Ursaluna|spa|1\n|-boost|p2a: Ursaluna|spd|1\n|move|p1a: Toxapex|Recover|p1a: Toxapex\n|-heal|p1a: Toxapex|99/100\n|\n|-weather|SunnyDay|[upkeep]\n|-damage|p2a: Ursaluna|37/100 tox|[from] psn\n|-damage|p2a: Ursaluna|24/100 tox|[from] move: Infestation|[partiallytrapped]\n|upkeep\n|-enditem|p2a: Ursaluna|Aguav Berry|[eat]\n|-heal|p2a: Ursaluna|57/100 tox|[from] item: Aguav Berry\n|turn|13\n|\n|t:|1695165354\n|move|p2a: Ursaluna|Earth Power|p1a: Toxapex\n|-supereffective|p1a: Toxapex\n|-damage|p1a: Toxapex|0 fnt\n|faint|p1a: Toxapex\n|\n|-weather|SunnyDay|[upkeep]\n|-damage|p2a: Ursaluna|33/100 tox|[from] psn\n|-end|p2a: Ursaluna|Infestation|[partiallytrapped]|[silent]\n|upkeep\n|\n|t:|1695165359\n|switch|p1a: Clefable|Clefable, M|100/100\n|turn|14\n|\n|t:|1695165362\n|-terastallize|p1a: Clefable|Ghost\n|move|p1a: Clefable|Stealth Rock|p2a: Ursaluna\n|-sidestart|p2: 4war4e|move: Stealth Rock\n|move|p2a: Ursaluna|Blood Moon|p1a: Clefable\n|-damage|p1a: Clefable|0 fnt\n|faint|p1a: Clefable\n|\n|-weather|SunnyDay|[upkeep]\n|-damage|p2a: Ursaluna|3/100 tox|[from] psn\n|upkeep\n|-message|StallKing420 forfeited.\n|\n|win|4war4e\n|raw|StallKing420's rating: 1369 &rarr; <strong>1353</strong><br />(-16 for losing)\n|raw|4war4e's rating: 1443 &rarr; <strong>1459</strong><br />(+16 for winning)\n|l|\u2606StallKing420\n", "uploadtime": 1695165371, "views": 3, "p1id": "stallking420", "p2id": "4war4e", "formatid": "gen9ou", "rating": 1353, "private": 0, "password": ""}