{"id": "gen9ou-1947570584", "p1": "cuckoochicken", "p2": "OGERBITCH", "format": "gen9ou", "log": "|j|\u2606cuckoochicken\n|j|\u2606OGERBITCH\n|t:|1695173604\n|gametype|singles\n|player|p1|cuckoochicken|ninjaboy|1104\n|player|p2|OGERBITCH|sina|1067\n|teamsize|p1|6\n|teamsize|p2|6\n|gen|9\n|tier|[Gen 9] OU\n|rated|\n|rule|Sleep Clause Mod: Limit one foe put to sleep\n|rule|Species Clause: Limit one of each Pok\u00e9mon\n|rule|OHKO Clause: OHKO moves are banned\n|rule|Evasion Items Clause: Evasion items are banned\n|rule|Evasion Moves Clause: Evasion moves are banned\n|rule|Endless Battle Clause: Forcing endless battles is banned\n|rule|HP Percentage Mod: HP is shown in percentages\n|clearpoke\n|poke|p1|Ogerpon-Wellspring, F|\n|poke|p1|Ting-Lu|\n|poke|p1|Fezandipiti, M|\n|poke|p1|Zapdos|\n|poke|p1|Jirachi|\n|poke|p1|Walking Wake|\n|poke|p2|Ogerpon-Cornerstone, F|\n|poke|p2|Tyranitar, F|\n|poke|p2|Lycanroc, F|\n|poke|p2|Cinderace, M|\n|poke|p2|Greninja-*, M|\n|poke|p2|Maushold|\n|teampreview\n|inactive|Battle timer is ON: inactive players will automatically lose when time's up. (requested by OGERBITCH)\n|inactive|cuckoochicken also wants the timer to be on.\n|j| Shucklepilled\n|\n|t:|1695173615\n|start\n|switch|p1a: Ogerpon|Ogerpon-Wellspring, F|100/100\n|switch|p2a: Ogerpon|Ogerpon-Cornerstone, F|100/100\n|turn|1\n|\n|t:|1695173637\n|move|p2a: Ogerpon|Ivy Cudgel|p1a: Ogerpon\n|-damage|p1a: Ogerpon|17/100\n|move|p1a: Ogerpon|Ivy Cudgel|p2a: Ogerpon\n|-crit|p2a: Ogerpon\n|-ability|p2a: Ogerpon|Sturdy\n|-damage|p2a: Ogerpon|1/100\n|\n|upkeep\n|turn|2\n|c|\u2606OGERBITCH|holy hell!\n|c|\u2606cuckoochicken|So called free thinkers when ogerpon\n|c| Shucklepilled|run trailblaze on this tbh\n|inactive|cuckoochicken has 120 seconds left.\n|c| Shucklepilled|you just win oger dittos\n|c|\u2606OGERBITCH|ohhh\n|c|\u2606OGERBITCH|wait\n|c|\u2606OGERBITCH|showdex doesnt count cornerstone mask boosts\n|c|\u2606OGERBITCH|thats why\n|c| Shucklepilled|what did you do\n|c|\u2606OGERBITCH|i was confused why it did so much\n|inactive|cuckoochicken has 90 seconds left.\n|c| Shucklepilled|common showdex L\n|c|\u2606OGERBITCH|agreed\n|c| Shucklepilled|this is why I just eyeball shit\n|\n|t:|1695173711\n|switch|p1a: Fezandipiti|Fezandipiti, M|100/100\n|move|p2a: Ogerpon|Horn Leech|p1a: Fezandipiti\n|-resisted|p1a: Fezandipiti\n|-damage|p1a: Fezandipiti|83/100\n|-heal|p2a: Ogerpon|12/100|[from] drain|[of] p1a: Fezandipiti\n|\n|upkeep\n|turn|3\n|c|\u2606OGERBITCH|the fezezr\n|c| Shucklepilled|\"yea that probably kills\" then it doesnt\n|\n|t:|1695173731\n|switch|p2a: Tyranitar|Tyranitar, F|100/100\n|-weather|Sandstorm|[from] ability: Sand Stream|[of] p2a: Tyranitar\n|move|p1a: Fezandipiti|U-turn|p2a: Tyranitar\n|-supereffective|p2a: Tyranitar\n|-damage|p2a: Tyranitar|78/100\n|c|\u2606OGERBITCH|great idea\n|\n|t:|1695173740\n|switch|p1a: Ogerpon|Ogerpon-Wellspring, F|17/100|[from] U-turn\n|\n|-weather|Sandstorm|[upkeep]\n|-damage|p1a: Ogerpon|11/100|[from] Sandstorm\n|upkeep\n|turn|4\n|c|\u2606OGERBITCH|ew\n|\n|t:|1695173749\n|move|p1a: Ogerpon|Horn Leech|p2a: Tyranitar\n|-supereffective|p2a: Tyranitar\n|-damage|p2a: Tyranitar|8/100\n|-heal|p1a: Ogerpon|58/100|[from] drain|[of] p2a: Tyranitar\n|move|p2a: Tyranitar|Power Gem|p1a: Ogerpon\n|-damage|p1a: Ogerpon|12/100\n|\n|-weather|Sandstorm|[upkeep]\n|-damage|p1a: Ogerpon|6/100|[from] Sandstorm\n|upkeep\n|turn|5\n|c|\u2606OGERBITCH|gottem\n|\n|t:|1695173763\n|switch|p2a: Cinderace|Cinderace, M|100/100\n|move|p1a: Ogerpon|Ivy Cudgel|p2a: Cinderace\n|-supereffective|p2a: Cinderace\n|-damage|p2a: Cinderace|0 fnt\n|faint|p2a: Cinderace\n|\n|-weather|Sandstorm|[upkeep]\n|-damage|p1a: Ogerpon|0 fnt|[from] Sandstorm\n|faint|p1a: Ogerpon\n|upkeep\n|c|\u2606OGERBITCH|(why did that do zero)\n|c| Shucklepilled|if ogerpon opened a grocery store it would be Krogerpon\n|c|\u2606cuckoochicken|Sorry lol\n|\n|t:|1695173783\n|switch|p2a: Lycanroc|Lycanroc, F|100/100\n|switch|p1a: Ting-Lu|Ting-Lu|100/100\n|-ability|p1a: Ting-Lu|Vessel of Ruin\n|turn|6\n|c|\u2606OGERBITCH|please die a painful death Shucklepilled\n|\n|t:|1695173792\n|switch|p2a: Greninja|Greninja, M|100/100\n|move|p1a: Ting-Lu|Spikes|p2a: Greninja\n|-sidestart|p2: OGERBITCH|Spikes\n|\n|-weather|Sandstorm|[upkeep]\n|-damage|p2a: Greninja|95/100|[from] Sandstorm\n|upkeep\n|turn|7\n|c| Shucklepilled|if ogerpon played chess it would be an ogerpawn\n|inactive|cuckoochicken has 90 seconds left.\n|c|\u2606OGERBITCH|please\n|c|\u2606OGERBITCH|i beg\n|\n|t:|1695173804\n|switch|p1a: Fezandipiti|Fezandipiti, M|83/100\n|move|p2a: Greninja|Ice Beam|p1a: Fezandipiti\n|-damage|p1a: Fezandipiti|67/100\n|-damage|p2a: Greninja|85/100|[from] item: Life Orb\n|\n|-weather|none\n|upkeep\n|turn|8\n|inactive|cuckoochicken has 90 seconds left.\n|c|\u2606OGERBITCH|how did that do TWO PERCENT\n|\n|t:|1695173823\n|switch|p2a: Lycanroc|Lycanroc, F|100/100\n|-damage|p2a: Lycanroc|88/100|[from] Spikes\n|move|p1a: Fezandipiti|Play Rough|p2a: Lycanroc|[miss]\n|-miss|p1a: Fezandipiti|p2a: Lycanroc\n|\n|upkeep\n|turn|9\n|inactive|cuckoochicken has 90 seconds left.\n|\n|t:|1695173832\n|move|p2a: Lycanroc|Swords Dance|p2a: Lycanroc\n|-boost|p2a: Lycanroc|atk|2\n|move|p1a: Fezandipiti|U-turn|p2a: Lycanroc\n|-damage|p2a: Lycanroc|64/100\n|-status|p2a: Lycanroc|tox|[from] ability: Toxic Chain|[of] p1a: Fezandipiti\n|inactive|cuckoochicken has 90 seconds left.\n|c|\u2606OGERBITCH|darn\n|\n|t:|1695173839\n|switch|p1a: Ting-Lu|Ting-Lu|100/100|[from] U-turn\n|-ability|p1a: Ting-Lu|Vessel of Ruin\n|\n|-damage|p2a: Lycanroc|58/100 tox|[from] psn\n|upkeep\n|turn|10\n|\n|t:|1695173843\n|move|p2a: Lycanroc|Close Combat|p1a: Ting-Lu\n|-supereffective|p1a: Ting-Lu\n|-damage|p1a: Ting-Lu|0 fnt\n|-unboost|p2a: Lycanroc|def|1\n|-unboost|p2a: Lycanroc|spd|1\n|faint|p1a: Ting-Lu\n|-damage|p2a: Lycanroc|48/100 tox|[from] item: Life Orb\n|\n|-damage|p2a: Lycanroc|36/100 tox|[from] psn\n|upkeep\n|c|\u2606cuckoochicken|Woah banded?\n|c|\u2606OGERBITCH|no\n|c|\u2606OGERBITCH|bro i SDed\n|inactive|cuckoochicken has 90 seconds left.\n|c| Shucklepilled|if ogerpon had a website where they wrote about their daily lives shed be bloggerpon\n|c|\u2606OGERBITCH|i showed orb\n|c|\u2606OGERBITCH|im definitely not band\n|c|\u2606cuckoochicken|Oh i already forogt about sd\n|c|\u2606OGERBITCH|lol\n|c|\u2606OGERBITCH|got that goldfish brain\n|inactive|cuckoochicken has 60 seconds left.\n|\n|t:|1695173894\n|switch|p1a: Jirachi|Jirachi|100/100\n|turn|11\n|c| Shucklepilled|if ogerpon studied space she'd be atrologerpon\n|inactive|cuckoochicken has 60 seconds left.\n|c|\u2606OGERBITCH|end\n|\n|t:|1695173906\n|move|p2a: Lycanroc|Close Combat|p1a: Jirachi\n|-damage|p1a: Jirachi|5/100\n|-unboost|p2a: Lycanroc|def|1\n|-unboost|p2a: Lycanroc|spd|1\n|-damage|p2a: Lycanroc|26/100 tox|[from] item: Life Orb\n|move|p1a: Jirachi|Iron Head|p2a: Lycanroc\n|-supereffective|p2a: Lycanroc\n|-damage|p2a: Lycanroc|0 fnt\n|faint|p2a: Lycanroc\n|\n|-heal|p1a: Jirachi|11/100|[from] item: Leftovers\n|upkeep\n|\n|t:|1695173909\n|switch|p2a: Maushold|Maushold|100/100\n|-damage|p2a: Maushold|88/100|[from] Spikes\n|turn|12\n|inactive|cuckoochicken has 60 seconds left.\n|\n|t:|1695173920\n|move|p2a: Maushold|Tidy Up|p2a: Maushold\n|-sideend|p2: OGERBITCH|Spikes\n|-activate|p2a: Maushold|move: Tidy Up\n|-boost|p2a: Maushold|atk|1\n|-boost|p2a: Maushold|spe|1\n|move|p1a: Jirachi|Thunder Wave|p2a: Maushold\n|-status|p2a: Maushold|par\n|\n|-heal|p1a: Jirachi|17/100|[from] item: Leftovers\n|upkeep\n|turn|13\n|c| Shucklepilled|if lycanroc was a youtuber they'd be lycansubscribe\n|\n|t:|1695173929\n|move|p1a: Jirachi|Iron Head|p2a: Maushold\n|-damage|p2a: Maushold|40/100 par\n|cant|p2a: Maushold|flinch\n|\n|-heal|p1a: Jirachi|24/100|[from] item: Leftovers\n|upkeep\n|turn|14\n|\n|t:|1695173933\n|move|p1a: Jirachi|Iron Head|p2a: Maushold\n|-damage|p2a: Maushold|0 fnt\n|faint|p2a: Maushold\n|\n|-heal|p1a: Jirachi|30/100|[from] item: Leftovers\n|upkeep\n|c|\u2606OGERBITCH|i dont like you\n|\n|t:|1695173944\n|switch|p2a: Ogerpon|Ogerpon-Cornerstone, F|12/100\n|turn|15\n|\n|t:|1695173948\n|move|p2a: Ogerpon|Stomping Tantrum|p1a: Jirachi\n|-supereffective|p1a: Jirachi\n|-damage|p1a: Jirachi|0 fnt\n|faint|p1a: Jirachi\n|\n|upkeep\n|inactive|cuckoochicken has 90 seconds left.\n|\n|t:|1695173955\n|switch|p1a: Walking Wake|Walking Wake|100/100\n|turn|16\n|c|\u2606OGERBITCH|idk why i didnt just win with maushold\n|\n|t:|1695173961\n|switch|p2a: Tyranitar|Tyranitar, F|8/100\n|-weather|Sandstorm|[from] ability: Sand Stream|[of] p2a: Tyranitar\n|move|p1a: Walking Wake|Draco Meteor|p2a: Tyranitar\n|-damage|p2a: Tyranitar|0 fnt\n|-unboost|p1a: Walking Wake|spa|2\n|faint|p2a: Tyranitar\n|\n|-weather|Sandstorm|[upkeep]\n|-damage|p1a: Walking Wake|94/100|[from] Sandstorm\n|upkeep\n|\n|t:|1695173966\n|switch|p2a: Greninja|Greninja, M|85/100\n|turn|17\n|\n|t:|1695173969\n|-end|p1a: Walking Wake|Protosynthesis|[silent]\n|switch|p1a: Fezandipiti|Fezandipiti, M|67/100\n|move|p2a: Greninja|Ice Beam|p1a: Fezandipiti\n|-damage|p1a: Fezandipiti|52/100\n|-damage|p2a: Greninja|75/100|[from] item: Life Orb\n|\n|-weather|Sandstorm|[upkeep]\n|-damage|p2a: Greninja|69/100|[from] Sandstorm\n|-damage|p1a: Fezandipiti|45/100|[from] Sandstorm\n|upkeep\n|turn|18\n|\n|t:|1695173976\n|move|p2a: Greninja|Hydro Pump|p1a: Fezandipiti\n|-damage|p1a: Fezandipiti|16/100\n|-damage|p2a: Greninja|59/100|[from] item: Life Orb\n|move|p1a: Fezandipiti|Dual Wingbeat|p2a: Greninja\n|-damage|p2a: Greninja|44/100\n|-status|p2a: Greninja|tox|[from] ability: Toxic Chain|[of] p1a: Fezandipiti\n|-damage|p2a: Greninja|29/100 tox\n|-hitcount|p2a: Greninja|2\n|\n|-weather|Sandstorm|[upkeep]\n|-damage|p2a: Greninja|23/100 tox|[from] Sandstorm\n|-damage|p1a: Fezandipiti|10/100|[from] Sandstorm\n|-damage|p2a: Greninja|17/100 tox|[from] psn\n|upkeep\n|turn|19\n|c|\u2606OGERBITCH|holy zero\n|inactive|cuckoochicken has 120 seconds left.\n|c|\u2606OGERBITCH|you are NOT scarf.\n|c| Shucklepilled|this thing has the assaultest vest of all time\n|\n|t:|1695173991\n|move|p2a: Greninja|Hydro Pump|p1a: Fezandipiti|[miss]\n|-miss|p2a: Greninja|p1a: Fezandipiti\n|move|p1a: Fezandipiti|U-turn|p2a: Greninja\n|-supereffective|p2a: Greninja\n|-damage|p2a: Greninja|0 fnt\n|faint|p2a: Greninja\n|c|\u2606OGERBITCH|you are NOT scarf wake.\n|\n|t:|1695173996\n|switch|p1a: Walking Wake|Walking Wake|94/100|[from] U-turn\n|\n|-weather|Sandstorm|[upkeep]\n|-damage|p1a: Walking Wake|88/100|[from] Sandstorm\n|upkeep\n|c|\u2606OGERBITCH|i REFUSE\n|\n|t:|1695174001\n|switch|p2a: Ogerpon|Ogerpon-Cornerstone, F|12/100\n|turn|20\n|c|\u2606cuckoochicken|Fun game bro\n|inactive|cuckoochicken has 120 seconds left.\n|c|\u2606cuckoochicken|I am scarf wake\n|\n|t:|1695174017\n|-terastallize|p2a: Ogerpon|Rock\n|detailschange|p2a: Ogerpon|Ogerpon-Cornerstone-Tera, F, tera:Rock\n|-ability|p2a: Ogerpon|Embody Aspect (Cornerstone)|boost\n|-boost|p2a: Ogerpon|def|1\n|move|p1a: Walking Wake|Scald|p2a: Ogerpon\n|-supereffective|p2a: Ogerpon\n|-damage|p2a: Ogerpon|0 fnt\n|faint|p2a: Ogerpon\n|\n|win|cuckoochicken\n|raw|cuckoochicken's rating: 1104 &rarr; <strong>1126</strong><br />(+22 for winning)\n|raw|OGERBITCH's rating: 1067 &rarr; <strong>1049</strong><br />(-18 for losing)\n", "uploadtime": 1695173786, "views": 3, "p1id": "cuckoochicken", "p2id": "ogerbitch", "formatid": "gen9ou", "rating": 1049, "private": 0, "password": ""}