{"id": "gen9ou-1947539237", "p1": "Aggs123", "p2": "Wxdwxdwxd", "format": "gen9ou", "log": "|j|\u203dAggs123\n|j|\u203dWxdwxdwxd\n|t:|1695170586\n|gametype|singles\n|player|p1|Aggs123|doctor-gen8|1629\n|player|p2|Wxdwxdwxd|ethan|1667\n|teamsize|p1|6\n|teamsize|p2|6\n|gen|9\n|tier|[Gen 9] OU\n|rated|\n|rule|Sleep Clause Mod: Limit one foe put to sleep\n|rule|Species Clause: Limit one of each Pok\u00e9mon\n|rule|OHKO Clause: OHKO moves are banned\n|rule|Evasion Items Clause: Evasion items are banned\n|rule|Evasion Moves Clause: Evasion moves are banned\n|rule|Endless Battle Clause: Forcing endless battles is banned\n|rule|HP Percentage Mod: HP is shown in percentages\n|clearpoke\n|poke|p1|Kommo-o, F|\n|poke|p1|Great Tusk|\n|poke|p1|Roaring Moon|\n|poke|p1|Rotom-Wash|\n|poke|p1|Slowking-Galar, M|\n|poke|p1|Gholdengo|\n|poke|p2|Great Tusk|\n|poke|p2|Samurott-Hisui, F|\n|poke|p2|Ogerpon, F|\n|poke|p2|Iron Valiant|\n|poke|p2|Iron Moth|\n|poke|p2|Kingambit, M|\n|teampreview\n|inactive|Battle timer is ON: inactive players will automatically lose when time's up. (requested by Aggs123)\n|\n|t:|1695170609\n|start\n|switch|p1a: Roaring Moon|Roaring Moon|100/100\n|switch|p2a: Ogerpon|Ogerpon, F|100/100\n|turn|1\n|\n|t:|1695170629\n|switch|p2a: Samurott|Samurott-Hisui, F, shiny|100/100\n|move|p1a: Roaring Moon|U-turn|p2a: Samurott\n|-supereffective|p2a: Samurott\n|-damage|p2a: Samurott|3/100\n|inactive|Aggs123 has 120 seconds left.\n|\n|t:|1695170661\n|-end|p1a: Roaring Moon|Protosynthesis|[silent]\n|switch|p1a: Kommo-o|Kommo-o, F|100/100|[from] U-turn\n|\n|upkeep\n|turn|2\n|\n|t:|1695170672\n|switch|p2a: Iron Moth|Iron Moth|100/100\n|-enditem|p2a: Iron Moth|Booster Energy\n|-activate|p2a: Iron Moth|ability: Quark Drive|[fromitem]\n|-start|p2a: Iron Moth|quarkdrivespe\n|move|p1a: Kommo-o|Clangorous Soul|p1a: Kommo-o\n|-boost|p1a: Kommo-o|atk|1\n|-boost|p1a: Kommo-o|def|1\n|-boost|p1a: Kommo-o|spa|1\n|-boost|p1a: Kommo-o|spd|1\n|-boost|p1a: Kommo-o|spe|1\n|-damage|p1a: Kommo-o|68/100\n|\n|-heal|p1a: Kommo-o|74/100|[from] item: Leftovers\n|upkeep\n|turn|3\n|inactive|Aggs123 has 120 seconds left.\n|\n|t:|1695170701\n|move|p2a: Iron Moth|Substitute|p2a: Iron Moth\n|-start|p2a: Iron Moth|Substitute\n|-damage|p2a: Iron Moth|76/100\n|move|p1a: Kommo-o|Clanging Scales|p2a: Iron Moth\n|-damage|p2a: Iron Moth|0 fnt\n|faint|p2a: Iron Moth\n|-end|p2a: Iron Moth|Quark Drive|[silent]\n|-unboost|p1a: Kommo-o|def|1\n|\n|-heal|p1a: Kommo-o|80/100|[from] item: Leftovers\n|upkeep\n|\n|t:|1695170708\n|switch|p2a: Iron Valiant|Iron Valiant|100/100\n|-enditem|p2a: Iron Valiant|Booster Energy\n|-activate|p2a: Iron Valiant|ability: Quark Drive|[fromitem]\n|-start|p2a: Iron Valiant|quarkdrivespe\n|turn|4\n|\n|t:|1695170720\n|-terastallize|p1a: Kommo-o|Fire\n|move|p2a: Iron Valiant|Moonblast|p1a: Kommo-o\n|-resisted|p1a: Kommo-o\n|-damage|p1a: Kommo-o|66/100\n|move|p1a: Kommo-o|Clangorous Soul|p1a: Kommo-o\n|-boost|p1a: Kommo-o|atk|1\n|-boost|p1a: Kommo-o|def|1\n|-boost|p1a: Kommo-o|spa|1\n|-boost|p1a: Kommo-o|spd|1\n|-boost|p1a: Kommo-o|spe|1\n|-damage|p1a: Kommo-o|33/100\n|\n|-heal|p1a: Kommo-o|40/100|[from] item: Leftovers\n|upkeep\n|turn|5\n|inactive|Aggs123 has 120 seconds left.\n|\n|t:|1695170727\n|move|p1a: Kommo-o|Flamethrower|p2a: Iron Valiant\n|-damage|p2a: Iron Valiant|0 fnt\n|faint|p2a: Iron Valiant\n|-end|p2a: Iron Valiant|Quark Drive|[silent]\n|\n|-heal|p1a: Kommo-o|46/100|[from] item: Leftovers\n|upkeep\n|\n|t:|1695170730\n|switch|p2a: Samurott|Samurott-Hisui, F, shiny|3/100\n|turn|6\n|\n|t:|1695170733\n|move|p2a: Samurott|Sucker Punch|p1a: Kommo-o\n|-crit|p1a: Kommo-o\n|-damage|p1a: Kommo-o|0 fnt\n|faint|p1a: Kommo-o\n|\n|upkeep\n|\n|t:|1695170737\n|switch|p1a: Gholdengo|Gholdengo|100/100\n|turn|7\n|\n|t:|1695170740\n|switch|p1a: Rotom|Rotom-Wash|100/100\n|move|p2a: Samurott|Sucker Punch||[still]\n|-fail|p2a: Samurott\n|\n|upkeep\n|turn|8\n|\n|t:|1695170745\n|move|p2a: Samurott|Ceaseless Edge|p1a: Rotom\n|-damage|p1a: Rotom|61/100\n|-sidestart|p1: Aggs123|Spikes\n|move|p1a: Rotom|Volt Switch|p2a: Samurott\n|-supereffective|p2a: Samurott\n|-damage|p2a: Samurott|0 fnt\n|faint|p2a: Samurott\n|\n|t:|1695170755\n|switch|p1a: Roaring Moon|Roaring Moon|100/100|[from] Volt Switch\n|-damage|p1a: Roaring Moon|88/100|[from] Spikes\n|\n|upkeep\n|\n|t:|1695170760\n|switch|p2a: Great Tusk|Great Tusk|100/100\n|-enditem|p2a: Great Tusk|Booster Energy\n|-activate|p2a: Great Tusk|ability: Protosynthesis|[fromitem]\n|-start|p2a: Great Tusk|protosynthesisspe\n|turn|9\n|\n|t:|1695170765\n|-end|p1a: Roaring Moon|Protosynthesis|[silent]\n|switch|p1a: Rotom|Rotom-Wash|61/100\n|move|p2a: Great Tusk|Bulk Up|p2a: Great Tusk\n|-boost|p2a: Great Tusk|atk|1\n|-boost|p2a: Great Tusk|def|1\n|\n|-heal|p1a: Rotom|67/100|[from] item: Leftovers\n|upkeep\n|turn|10\n|\n|t:|1695170770\n|move|p2a: Great Tusk|Head Smash|p1a: Rotom|[miss]\n|-miss|p2a: Great Tusk|p1a: Rotom\n|move|p1a: Rotom|Hydro Pump|p2a: Great Tusk\n|-supereffective|p2a: Great Tusk\n|-damage|p2a: Great Tusk|0 fnt\n|faint|p2a: Great Tusk\n|-end|p2a: Great Tusk|Protosynthesis|[silent]\n|\n|-heal|p1a: Rotom|73/100|[from] item: Leftovers\n|upkeep\n|\n|t:|1695170773\n|switch|p2a: Ogerpon|Ogerpon, F|100/100\n|turn|11\n|\n|t:|1695170776\n|move|p1a: Rotom|Protect|p1a: Rotom\n|-singleturn|p1a: Rotom|Protect\n|move|p2a: Ogerpon|Swords Dance|p2a: Ogerpon\n|-boost|p2a: Ogerpon|atk|2\n|\n|-heal|p1a: Rotom|79/100|[from] item: Leftovers\n|upkeep\n|turn|12\n|\n|t:|1695170782\n|move|p2a: Ogerpon|Encore|p1a: Rotom\n|-start|p1a: Rotom|Encore\n|move|p1a: Rotom|Protect||[still]\n|-fail|p1a: Rotom\n|\n|-heal|p1a: Rotom|86/100|[from] item: Leftovers\n|upkeep\n|turn|13\n|\n|t:|1695170786\n|switch|p1a: Slowking|Slowking-Galar, M|100/100\n|move|p2a: Ogerpon|Swords Dance|p2a: Ogerpon\n|-boost|p2a: Ogerpon|atk|2\n|\n|upkeep\n|turn|14\n|\n|t:|1695170791\n|move|p2a: Ogerpon|Knock Off|p1a: Slowking\n|-supereffective|p1a: Slowking\n|-damage|p1a: Slowking|0 fnt\n|-enditem|p1a: Slowking|Heavy-Duty Boots|[from] move: Knock Off|[of] p2a: Ogerpon\n|faint|p1a: Slowking\n|\n|upkeep\n|\n|t:|1695170796\n|switch|p1a: Roaring Moon|Roaring Moon|88/100\n|-damage|p1a: Roaring Moon|76/100|[from] Spikes\n|turn|15\n|\n|t:|1695170800\n|-terastallize|p2a: Ogerpon|Grass\n|detailschange|p2a: Ogerpon|Ogerpon-Teal-Tera, F, tera:Grass\n|-ability|p2a: Ogerpon|Embody Aspect (Teal)|boost\n|-boost|p2a: Ogerpon|spe|1\n|move|p2a: Ogerpon|Ivy Cudgel|p1a: Roaring Moon\n|-resisted|p1a: Roaring Moon\n|-damage|p1a: Roaring Moon|0 fnt\n|faint|p1a: Roaring Moon\n|-end|p1a: Roaring Moon|Protosynthesis|[silent]\n|\n|upkeep\n|-message|Aggs123 forfeited.\n|\n|win|Wxdwxdwxd\n|raw|Aggs123's rating: 1629 &rarr; <strong>1611</strong><br />(-18 for losing)\n|raw|Wxdwxdwxd's rating: 1667 &rarr; <strong>1685</strong><br />(+18 for winning)\n|l|\u203dAggs123\n", "uploadtime": 1695170813, "views": 6, "p1id": "aggs123", "p2id": "wxdwxdwxd", "formatid": "gen9ou", "rating": 1611, "private": 0, "password": ""}