{"id": "gen9ou-1947528519", "p1": "Stuffity", "p2": "freeusehate", "format": "gen9ou", "log": "|j|\u2606Stuffity\n|j|\u2606freeusehate\n|t:|1695169531\n|gametype|singles\n|player|p1|Stuffity|101|1307\n|player|p2|freeusehate|plasmagruntf|1235\n|teamsize|p1|6\n|teamsize|p2|6\n|gen|9\n|tier|[Gen 9] OU\n|rated|\n|rule|Sleep Clause Mod: Limit one foe put to sleep\n|rule|Species Clause: Limit one of each Pok\u00e9mon\n|rule|OHKO Clause: OHKO moves are banned\n|rule|Evasion Items Clause: Evasion items are banned\n|rule|Evasion Moves Clause: Evasion moves are banned\n|rule|Endless Battle Clause: Forcing endless battles is banned\n|rule|HP Percentage Mod: HP is shown in percentages\n|clearpoke\n|poke|p1|Scream Tail|\n|poke|p1|Scizor, F|\n|poke|p1|Lokix, M|\n|poke|p1|Hydreigon, F|\n|poke|p1|Zoroark-Hisui, F|\n|poke|p1|Iron Treads|\n|poke|p2|Hatterene, F|\n|poke|p2|Fezandipiti, M|\n|poke|p2|Crawdaunt, F|\n|poke|p2|Ribombee, M|\n|poke|p2|Mienshao, M|\n|poke|p2|Gliscor, M|\n|teampreview\n|inactive|Battle timer is ON: inactive players will automatically lose when time's up. (requested by freeusehate)\n|\n|t:|1695169560\n|start\n|switch|p1a: Iron Treads|Iron Treads|100/100\n|switch|p2a: Ribombee|Ribombee, M|100/100\n|turn|1\n|\n|t:|1695169568\n|move|p2a: Ribombee|Stun Spore|p1a: Iron Treads\n|-status|p1a: Iron Treads|par\n|move|p1a: Iron Treads|U-turn|p2a: Ribombee\n|-resisted|p2a: Ribombee\n|-damage|p2a: Ribombee|86/100\n|\n|t:|1695169575\n|switch|p1a: Scizor|Scizor, F|100/100|[from] U-turn\n|\n|upkeep\n|turn|2\n|\n|t:|1695169583\n|-terastallize|p1a: Scizor|Steel\n|move|p1a: Scizor|Bullet Punch|p2a: Ribombee\n|-supereffective|p2a: Ribombee\n|-damage|p2a: Ribombee|0 fnt\n|faint|p2a: Ribombee\n|\n|upkeep\n|\n|t:|1695169604\n|switch|p2a: Gliscor|Gliscor, M|100/100\n|turn|3\n|\n|t:|1695169612\n|switch|p1a: Hydreigon|Hydreigon, F|100/100\n|move|p2a: Gliscor|Knock Off|p1a: Hydreigon\n|-resisted|p1a: Hydreigon\n|-damage|p1a: Hydreigon|89/100\n|-enditem|p1a: Hydreigon|Leftovers|[from] move: Knock Off|[of] p2a: Gliscor\n|\n|-status|p2a: Gliscor|tox|[from] item: Toxic Orb\n|upkeep\n|turn|4\n|\n|t:|1695169617\n|move|p1a: Hydreigon|Nasty Plot|p1a: Hydreigon\n|-boost|p1a: Hydreigon|spa|2\n|move|p2a: Gliscor|Toxic|p1a: Hydreigon\n|-status|p1a: Hydreigon|tox\n|\n|-damage|p1a: Hydreigon|83/100 tox|[from] psn\n|upkeep\n|turn|5\n|\n|t:|1695169627\n|move|p1a: Hydreigon|Dark Pulse|p2a: Gliscor\n|-damage|p2a: Gliscor|0 fnt\n|faint|p2a: Gliscor\n|\n|-damage|p1a: Hydreigon|70/100 tox|[from] psn\n|upkeep\n|\n|t:|1695169632\n|switch|p2a: Mienshao|Mienshao, M|100/100\n|turn|6\n|\n|t:|1695169640\n|move|p2a: Mienshao|Fake Out|p1a: Hydreigon\n|-damage|p1a: Hydreigon|54/100 tox\n|cant|p1a: Hydreigon|flinch\n|\n|-damage|p1a: Hydreigon|36/100 tox|[from] psn\n|upkeep\n|turn|7\n|\n|t:|1695169644\n|move|p2a: Mienshao|U-turn|p1a: Hydreigon\n|-supereffective|p1a: Hydreigon\n|-damage|p1a: Hydreigon|0 fnt\n|faint|p1a: Hydreigon\n|\n|t:|1695169666\n|switch|p2a: Fezandipiti|Fezandipiti, M|100/100|[from] U-turn\n|\n|upkeep\n|\n|t:|1695169674\n|switch|p1a: Scizor|Scizor, F, tera:Steel|100/100\n|turn|8\n|\n|t:|1695169697\n|switch|p2a: Crawdaunt|Crawdaunt, F|100/100\n|move|p1a: Scizor|Bullet Punch|p2a: Crawdaunt\n|-resisted|p2a: Crawdaunt\n|-crit|p2a: Crawdaunt\n|-damage|p2a: Crawdaunt|27/100\n|\n|upkeep\n|turn|9\n|\n|t:|1695169704\n|move|p1a: Scizor|Bullet Punch|p2a: Crawdaunt\n|-resisted|p2a: Crawdaunt\n|-damage|p2a: Crawdaunt|0 fnt\n|faint|p2a: Crawdaunt\n|\n|upkeep\n|\n|t:|1695169707\n|switch|p2a: Mienshao|Mienshao, M|100/100\n|turn|10\n|\n|t:|1695169710\n|move|p1a: Scizor|Bullet Punch|p2a: Mienshao\n|-damage|p2a: Mienshao|0 fnt\n|faint|p2a: Mienshao\n|\n|upkeep\n|\n|t:|1695169716\n|switch|p2a: Hatterene|Hatterene, F|100/100\n|turn|11\n|\n|t:|1695169719\n|-terastallize|p2a: Hatterene|Fire\n|move|p1a: Scizor|Bullet Punch|p2a: Hatterene\n|-resisted|p2a: Hatterene\n|-damage|p2a: Hatterene|64/100\n|move|p2a: Hatterene|Mystical Fire|p1a: Scizor\n|-supereffective|p1a: Scizor\n|-damage|p1a: Scizor|0 fnt\n|faint|p1a: Scizor\n|\n|-heal|p2a: Hatterene|70/100|[from] item: Leftovers\n|upkeep\n|\n|t:|1695169726\n|switch|p1a: Iron Treads|Iron Treads|100/100\n|turn|12\n|\n|t:|1695169731\n|move|p1a: Iron Treads|Earthquake|p2a: Hatterene\n|-supereffective|p2a: Hatterene\n|-damage|p2a: Hatterene|0 fnt\n|faint|p2a: Hatterene\n|\n|upkeep\n|\n|t:|1695169733\n|switch|p2a: Fezandipiti|Fezandipiti, M|100/100\n|turn|13\n|\n|t:|1695169736\n|move|p2a: Fezandipiti|Dual Wingbeat|p1a: Iron Treads\n|-resisted|p1a: Iron Treads\n|-damage|p1a: Iron Treads|96/100\n|-resisted|p1a: Iron Treads\n|-damage|p1a: Iron Treads|91/100\n|-hitcount|p1a: Iron Treads|2\n|move|p1a: Iron Treads|Earthquake|p2a: Fezandipiti\n|-supereffective|p2a: Fezandipiti\n|-damage|p2a: Fezandipiti|4/100\n|\n|-heal|p2a: Fezandipiti|10/100|[from] item: Leftovers\n|-heal|p1a: Iron Treads|98/100|[from] item: Leftovers\n|upkeep\n|turn|14\n|\n|t:|1695169740\n|move|p2a: Fezandipiti|Dual Wingbeat|p1a: Iron Treads\n|-resisted|p1a: Iron Treads\n|-damage|p1a: Iron Treads|93/100\n|-resisted|p1a: Iron Treads\n|-damage|p1a: Iron Treads|88/100\n|-hitcount|p1a: Iron Treads|2\n|move|p1a: Iron Treads|Knock Off|p2a: Fezandipiti\n|-resisted|p2a: Fezandipiti\n|-damage|p2a: Fezandipiti|0 fnt\n|-enditem|p2a: Fezandipiti|Leftovers|[from] move: Knock Off|[of] p1a: Iron Treads\n|faint|p2a: Fezandipiti\n|\n|win|Stuffity\n|raw|Stuffity's rating: 1307 &rarr; <strong>1323</strong><br />(+16 for winning)\n|raw|freeusehate's rating: 1235 &rarr; <strong>1215</strong><br />(-20 for losing)\n|l|\u2606freeusehate\n", "uploadtime": 1695169750, "views": 2, "p1id": "stuffity", "p2id": "freeusehate", "formatid": "gen9ou", "rating": 1215, "private": 0, "password": ""}