{"id": "gen9ou-1947520186", "p1": "LOONAversalStudios", "p2": "cadiwolf", "format": "gen9ou", "log": "|j|\u2606LOONAversalStudios\n|j|\u2606cadiwolf\n|t:|1695168704\n|gametype|singles\n|player|p1|LOONAversalStudios|fantina|1065\n|player|p2|cadiwolf|bruno|1000\n|teamsize|p1|6\n|teamsize|p2|6\n|gen|9\n|tier|[Gen 9] OU\n|rated|\n|rule|Sleep Clause Mod: Limit one foe put to sleep\n|rule|Species Clause: Limit one of each Pok\u00e9mon\n|rule|OHKO Clause: OHKO moves are banned\n|rule|Evasion Items Clause: Evasion items are banned\n|rule|Evasion Moves Clause: Evasion moves are banned\n|rule|Endless Battle Clause: Forcing endless battles is banned\n|rule|HP Percentage Mod: HP is shown in percentages\n|clearpoke\n|poke|p1|Pelipper, F|\n|poke|p1|Manaphy|\n|poke|p1|Rillaboom, F|\n|poke|p1|Corviknight, F|\n|poke|p1|Kilowattrel, M|\n|poke|p1|Ogerpon, F|\n|poke|p2|Krookodile, F|\n|poke|p2|Toxicroak, F|\n|poke|p2|Dragapult, M|\n|poke|p2|Pelipper, M|\n|poke|p2|Rotom-Heat|\n|poke|p2|Breloom, M|\n|teampreview\n|\n|t:|1695168716\n|start\n|switch|p1a: Kilowattrel|Kilowattrel, M|100/100\n|switch|p2a: Pelipper|Pelipper, M|100/100\n|-weather|RainDance|[from] ability: Drizzle|[of] p2a: Pelipper\n|turn|1\n|\n|t:|1695168724\n|move|p1a: Kilowattrel|Weather Ball|p2a: Pelipper\n|-resisted|p2a: Pelipper\n|-crit|p2a: Pelipper\n|-damage|p2a: Pelipper|5/100\n|move|p2a: Pelipper|Tailwind|p2a: Pelipper\n|-sidestart|p2: cadiwolf|move: Tailwind\n|\n|-weather|RainDance|[upkeep]\n|-heal|p2a: Pelipper|12/100|[from] item: Leftovers\n|upkeep\n|turn|2\n|\n|t:|1695168756\n|switch|p1a: Rillaboom|Rillaboom, F|100/100\n|-fieldstart|move: Grassy Terrain|[from] ability: Grassy Surge|[of] p1a: Rillaboom\n|move|p2a: Pelipper|Surf|p1a: Rillaboom\n|-resisted|p1a: Rillaboom\n|-damage|p1a: Rillaboom|65/100\n|\n|-weather|RainDance|[upkeep]\n|-heal|p2a: Pelipper|18/100|[from] item: Leftovers\n|-heal|p1a: Rillaboom|72/100|[from] Grassy Terrain\n|-heal|p1a: Rillaboom|78/100|[from] item: Leftovers\n|upkeep\n|turn|3\n|\n|t:|1695168769\n|move|p1a: Rillaboom|Grassy Glide|p2a: Pelipper\n|-damage|p2a: Pelipper|0 fnt\n|faint|p2a: Pelipper\n|\n|-weather|RainDance|[upkeep]\n|-heal|p1a: Rillaboom|84/100|[from] Grassy Terrain\n|-heal|p1a: Rillaboom|90/100|[from] item: Leftovers\n|upkeep\n|\n|t:|1695168794\n|switch|p2a: Toxicroak|Toxicroak, F|100/100\n|turn|4\n|inactive|Battle timer is ON: inactive players will automatically lose when time's up. (requested by cadiwolf)\n|\n|t:|1695168813\n|switch|p1a: Corviknight|Corviknight, F|100/100\n|-ability|p1a: Corviknight|Pressure\n|move|p2a: Toxicroak|Drain Punch|p1a: Corviknight\n|-damage|p1a: Corviknight|76/100\n|-damage|p2a: Toxicroak|84/100|[from] item: Rocky Helmet|[of] p1a: Corviknight\n|\n|-weather|RainDance|[upkeep]\n|-heal|p2a: Toxicroak|96/100|[from] ability: Dry Skin\n|-heal|p2a: Toxicroak|100/100|[from] Grassy Terrain\n|-sideend|p2: cadiwolf|move: Tailwind\n|upkeep\n|turn|5\n|\n|t:|1695168834\n|switch|p2a: Rotom|Rotom-Heat|100/100\n|move|p1a: Corviknight|U-turn|p2a: Rotom\n|-resisted|p2a: Rotom\n|-damage|p2a: Rotom|94/100\n|\n|t:|1695168837\n|switch|p1a: Manaphy|Manaphy|100/100|[from] U-turn\n|\n|-weather|none\n|upkeep\n|turn|6\n|\n|t:|1695168849\n|switch|p1a: Corviknight|Corviknight, F|76/100\n|-ability|p1a: Corviknight|Pressure\n|move|p2a: Rotom|Protect||[still]\n|-fail|p2a: Rotom\n|\n|-fieldend|move: Grassy Terrain\n|upkeep\n|turn|7\n|\n|t:|1695168877\n|switch|p1a: Kilowattrel|Kilowattrel, M|100/100\n|move|p2a: Rotom|Overheat|p1a: Kilowattrel\n|-damage|p1a: Kilowattrel|0 fnt\n|-unboost|p2a: Rotom|spa|2\n|faint|p1a: Kilowattrel\n|-damage|p2a: Rotom|84/100|[from] item: Life Orb\n|\n|upkeep\n|\n|t:|1695168881\n|switch|p1a: Pelipper|Pelipper, F|100/100\n|-weather|RainDance|[from] ability: Drizzle|[of] p1a: Pelipper\n|turn|8\n|\n|t:|1695168894\n|-terastallize|p2a: Rotom|Electric\n|move|p2a: Rotom|Volt Switch|p1a: Pelipper\n|-supereffective|p1a: Pelipper\n|-damage|p1a: Pelipper|0 fnt\n|faint|p1a: Pelipper\n|-damage|p2a: Rotom|75/100|[from] item: Life Orb\n|\n|t:|1695168902\n|switch|p2a: Breloom|Breloom, M|100/100|[from] Volt Switch\n|\n|-weather|RainDance|[upkeep]\n|-status|p2a: Breloom|tox|[from] item: Toxic Orb\n|upkeep\n|\n|t:|1695168909\n|switch|p1a: Rillaboom|Rillaboom, F|90/100\n|-fieldstart|move: Grassy Terrain|[from] ability: Grassy Surge|[of] p1a: Rillaboom\n|turn|9\n|\n|t:|1695168917\n|move|p1a: Rillaboom|Drain Punch|p2a: Breloom\n|-damage|p2a: Breloom|64/100 tox\n|-heal|p1a: Rillaboom|100/100|[from] drain|[of] p2a: Breloom\n|move|p2a: Breloom|Substitute|p2a: Breloom\n|-start|p2a: Breloom|Substitute\n|-damage|p2a: Breloom|39/100 tox\n|\n|-weather|RainDance|[upkeep]\n|-heal|p2a: Breloom|45/100 tox|[from] Grassy Terrain\n|-heal|p2a: Breloom|58/100 tox|[from] ability: Poison Heal\n|upkeep\n|turn|10\n|\n|t:|1695168929\n|move|p1a: Rillaboom|Drain Punch|p2a: Breloom\n|-end|p2a: Breloom|Substitute\n|move|p2a: Breloom|Drain Punch|p1a: Rillaboom\n|-crit|p1a: Rillaboom\n|-damage|p1a: Rillaboom|52/100\n|-heal|p2a: Breloom|88/100 tox|[from] drain|[of] p1a: Rillaboom\n|\n|-weather|RainDance|[upkeep]\n|-heal|p1a: Rillaboom|58/100|[from] Grassy Terrain\n|-heal|p1a: Rillaboom|64/100|[from] item: Leftovers\n|-heal|p2a: Breloom|95/100 tox|[from] Grassy Terrain\n|-heal|p2a: Breloom|100/100 tox|[from] ability: Poison Heal\n|upkeep\n|turn|11\n|\n|t:|1695168943\n|move|p1a: Rillaboom|Swords Dance|p1a: Rillaboom\n|-boost|p1a: Rillaboom|atk|2\n|move|p2a: Breloom|Drain Punch|p1a: Rillaboom\n|-damage|p1a: Rillaboom|35/100\n|\n|-weather|RainDance|[upkeep]\n|-heal|p1a: Rillaboom|41/100|[from] Grassy Terrain\n|-heal|p1a: Rillaboom|48/100|[from] item: Leftovers\n|upkeep\n|turn|12\n|\n|t:|1695168966\n|switch|p2a: Rotom|Rotom-Heat, tera:Electric|75/100\n|move|p1a: Rillaboom|Drain Punch|p2a: Rotom\n|-damage|p2a: Rotom|18/100\n|-heal|p1a: Rillaboom|69/100|[from] drain|[of] p2a: Rotom\n|\n|-weather|RainDance|[upkeep]\n|-heal|p1a: Rillaboom|76/100|[from] Grassy Terrain\n|-heal|p1a: Rillaboom|82/100|[from] item: Leftovers\n|upkeep\n|turn|13\n|\n|t:|1695168977\n|move|p1a: Rillaboom|Grassy Glide|p2a: Rotom\n|-damage|p2a: Rotom|0 fnt\n|faint|p2a: Rotom\n|\n|-weather|RainDance|[upkeep]\n|-heal|p1a: Rillaboom|88/100|[from] Grassy Terrain\n|-heal|p1a: Rillaboom|94/100|[from] item: Leftovers\n|-fieldend|move: Grassy Terrain\n|upkeep\n|inactive|cadiwolf has 120 seconds left.\n|\n|t:|1695168994\n|switch|p2a: Dragapult|Dragapult, M|100/100\n|turn|14\n|\n|t:|1695169000\n|move|p2a: Dragapult|Dragon Pulse|p1a: Rillaboom\n|-damage|p1a: Rillaboom|66/100\n|move|p1a: Rillaboom|Knock Off|p2a: Dragapult\n|-supereffective|p2a: Dragapult\n|-enditem|p2a: Dragapult|Focus Sash\n|-damage|p2a: Dragapult|1/100\n|\n|-weather|RainDance|[upkeep]\n|-heal|p1a: Rillaboom|73/100|[from] item: Leftovers\n|upkeep\n|turn|15\n|\n|t:|1695169009\n|switch|p1a: Corviknight|Corviknight, F|76/100\n|-ability|p1a: Corviknight|Pressure\n|move|p2a: Dragapult|Shadow Ball|p1a: Corviknight\n|-damage|p1a: Corviknight|52/100\n|\n|-weather|none\n|upkeep\n|turn|16\n|\n|t:|1695169023\n|move|p2a: Dragapult|Thunderbolt|p1a: Corviknight\n|-supereffective|p1a: Corviknight\n|-damage|p1a: Corviknight|18/100\n|move|p1a: Corviknight|U-turn|p2a: Dragapult\n|-resisted|p2a: Dragapult\n|-damage|p2a: Dragapult|0 fnt\n|faint|p2a: Dragapult\n|\n|t:|1695169026\n|switch|p1a: Rillaboom|Rillaboom, F|73/100|[from] U-turn\n|-fieldstart|move: Grassy Terrain|[from] ability: Grassy Surge|[of] p1a: Rillaboom\n|\n|-heal|p1a: Rillaboom|79/100|[from] Grassy Terrain\n|-heal|p1a: Rillaboom|85/100|[from] item: Leftovers\n|upkeep\n|\n|t:|1695169038\n|switch|p2a: Toxicroak|Toxicroak, F|100/100\n|turn|17\n|\n|t:|1695169043\n|move|p2a: Toxicroak|Gunk Shot|p1a: Rillaboom\n|-supereffective|p1a: Rillaboom\n|-damage|p1a: Rillaboom|0 fnt\n|faint|p1a: Rillaboom\n|\n|upkeep\n|\n|t:|1695169046\n|switch|p1a: Ogerpon|Ogerpon, F|100/100\n|turn|18\n|\n|t:|1695169052\n|-terastallize|p1a: Ogerpon|Grass\n|detailschange|p1a: Ogerpon|Ogerpon-Teal-Tera, F, tera:Grass\n|-ability|p1a: Ogerpon|Embody Aspect (Teal)|boost\n|-boost|p1a: Ogerpon|spe|1\n|move|p1a: Ogerpon|Wood Hammer|p2a: Toxicroak\n|-resisted|p2a: Toxicroak\n|-damage|p2a: Toxicroak|0 fnt\n|faint|p2a: Toxicroak\n|-damage|p1a: Ogerpon|67/100|[from] Recoil\n|\n|-heal|p1a: Ogerpon|73/100|[from] Grassy Terrain\n|upkeep\n|\n|t:|1695169064\n|switch|p2a: Breloom|Breloom, M|100/100 tox\n|turn|19\n|\n|t:|1695169069\n|move|p1a: Ogerpon|Wood Hammer|p2a: Breloom\n|-resisted|p2a: Breloom\n|-crit|p2a: Breloom\n|-damage|p2a: Breloom|0 fnt\n|faint|p2a: Breloom\n|-damage|p1a: Ogerpon|38/100|[from] Recoil\n|\n|-heal|p1a: Ogerpon|44/100|[from] Grassy Terrain\n|upkeep\n|-message|cadiwolf forfeited.\n|\n|win|LOONAversalStudios\n|raw|LOONAversalStudios's rating: 1065 &rarr; <strong>1090</strong><br />(+25 for winning)\n|raw|cadiwolf's rating: 1000 &rarr; <strong>1000</strong><br />(+0 for losing)\n|l|\u2606cadiwolf\n", "uploadtime": 1695169104, "views": 3, "p1id": "loonaversalstudios", "p2id": "cadiwolf", "formatid": "gen9ou", "rating": 1000, "private": 0, "password": ""}