{"id": "gen9ou-1947532290", "p1": "tonyrayyy", "p2": "Michele Long", "format": "gen9ou", "log": "|j|\u2606tonyrayyy\n|j|\u2606Michele Long\n|t:|1695169906\n|gametype|singles\n|player|p1|tonyrayyy|cynthia-gen4|1506\n|player|p2|Michele Long|dragontamer|1476\n|teamsize|p1|6\n|teamsize|p2|6\n|gen|9\n|tier|[Gen 9] OU\n|rated|\n|rule|Sleep Clause Mod: Limit one foe put to sleep\n|rule|Species Clause: Limit one of each Pok\u00e9mon\n|rule|OHKO Clause: OHKO moves are banned\n|rule|Evasion Items Clause: Evasion items are banned\n|rule|Evasion Moves Clause: Evasion moves are banned\n|rule|Endless Battle Clause: Forcing endless battles is banned\n|rule|HP Percentage Mod: HP is shown in percentages\n|clearpoke\n|poke|p1|Zapdos|\n|poke|p1|Great Tusk|\n|poke|p1|Gholdengo|\n|poke|p1|Clodsire, M|\n|poke|p1|Hatterene, F|\n|poke|p1|Kingambit, M|\n|poke|p2|Crawdaunt, F|\n|poke|p2|Great Tusk|\n|poke|p2|Fezandipiti, M|\n|poke|p2|Gliscor, F|\n|poke|p2|Ogerpon-Hearthflame, F|\n|poke|p2|Iron Moth|\n|teampreview\n|inactive|Battle timer is ON: inactive players will automatically lose when time's up. (requested by Michele Long)\n|\n|t:|1695169929\n|start\n|switch|p1a: Zapdos|Zapdos|100/100\n|switch|p2a: Daunting Task|Crawdaunt, F|100/100\n|turn|1\n|\n|t:|1695169935\n|switch|p2a: Elmer's|Gliscor, F|100/100\n|move|p1a: Zapdos|Volt Switch|p2a: Elmer's\n|-immune|p2a: Elmer's\n|\n|-status|p2a: Elmer's|tox|[from] item: Toxic Orb\n|upkeep\n|turn|2\n|\n|t:|1695169945\n|switch|p1a: Hatterene|Hatterene, F|100/100\n|move|p2a: Elmer's|Knock Off|p1a: Hatterene\n|-damage|p1a: Hatterene|82/100\n|-enditem|p1a: Hatterene|Leftovers|[from] move: Knock Off|[of] p2a: Elmer's\n|\n|upkeep\n|turn|3\n|\n|t:|1695169954\n|move|p2a: Elmer's|Swords Dance|p2a: Elmer's\n|-boost|p2a: Elmer's|atk|2\n|move|p1a: Hatterene|Draining Kiss|p2a: Elmer's\n|-damage|p2a: Elmer's|79/100 tox\n|-heal|p1a: Hatterene|99/100|[from] drain|[of] p2a: Elmer's\n|\n|-heal|p2a: Elmer's|91/100 tox|[from] ability: Poison Heal\n|upkeep\n|turn|4\n|\n|t:|1695169962\n|switch|p1a: Zapdos|Zapdos|100/100\n|move|p2a: Elmer's|Earthquake|p1a: Zapdos\n|-immune|p1a: Zapdos\n|\n|-heal|p2a: Elmer's|100/100 tox|[from] ability: Poison Heal\n|upkeep\n|turn|5\n|\n|t:|1695169970\n|move|p2a: Elmer's|Knock Off|p1a: Zapdos\n|-damage|p1a: Zapdos|71/100\n|-enditem|p1a: Zapdos|Heavy-Duty Boots|[from] move: Knock Off|[of] p2a: Elmer's\n|move|p1a: Zapdos|Hurricane|p2a: Elmer's|[miss]\n|-miss|p1a: Zapdos|p2a: Elmer's\n|\n|upkeep\n|turn|6\n|\n|t:|1695169980\n|move|p2a: Elmer's|Protect|p2a: Elmer's\n|-singleturn|p2a: Elmer's|Protect\n|move|p1a: Zapdos|Hurricane|p2a: Elmer's\n|-activate|p2a: Elmer's|move: Protect\n|\n|upkeep\n|turn|7\n|\n|t:|1695169985\n|move|p2a: Elmer's|Swords Dance|p2a: Elmer's\n|-boost|p2a: Elmer's|atk|2\n|move|p1a: Zapdos|Hurricane|p2a: Elmer's|[miss]\n|-miss|p1a: Zapdos|p2a: Elmer's\n|\n|upkeep\n|turn|8\n|\n|t:|1695169991\n|move|p2a: Elmer's|Protect|p2a: Elmer's\n|-singleturn|p2a: Elmer's|Protect\n|move|p1a: Zapdos|Hurricane|p2a: Elmer's\n|-activate|p2a: Elmer's|move: Protect\n|\n|upkeep\n|turn|9\n|\n|t:|1695169996\n|move|p2a: Elmer's|Swords Dance|p2a: Elmer's\n|-boost|p2a: Elmer's|atk|2\n|move|p1a: Zapdos|Hurricane|p2a: Elmer's\n|-damage|p2a: Elmer's|57/100 tox\n|\n|-heal|p2a: Elmer's|69/100 tox|[from] ability: Poison Heal\n|upkeep\n|turn|10\n|\n|t:|1695170005\n|move|p2a: Elmer's|Protect|p2a: Elmer's\n|-singleturn|p2a: Elmer's|Protect\n|move|p1a: Zapdos|Roost|p1a: Zapdos\n|-heal|p1a: Zapdos|100/100\n|-singleturn|p1a: Zapdos|move: Roost\n|\n|-heal|p2a: Elmer's|81/100 tox|[from] ability: Poison Heal\n|upkeep\n|turn|11\n|\n|t:|1695170012\n|move|p2a: Elmer's|Knock Off|p1a: Zapdos\n|-damage|p1a: Zapdos|61/100\n|move|p1a: Zapdos|Hurricane|p2a: Elmer's\n|-damage|p2a: Elmer's|38/100 tox\n|-start|p2a: Elmer's|confusion\n|\n|-heal|p2a: Elmer's|51/100 tox|[from] ability: Poison Heal\n|upkeep\n|turn|12\n|\n|t:|1695170023\n|-activate|p2a: Elmer's|confusion\n|move|p2a: Elmer's|Protect|p2a: Elmer's\n|-singleturn|p2a: Elmer's|Protect\n|move|p1a: Zapdos|Hurricane|p2a: Elmer's\n|-activate|p2a: Elmer's|move: Protect\n|\n|-heal|p2a: Elmer's|63/100 tox|[from] ability: Poison Heal\n|upkeep\n|turn|13\n|\n|t:|1695170036\n|switch|p2a: Ca-Caw|Fezandipiti, M|100/100\n|move|p1a: Zapdos|Hurricane|p2a: Ca-Caw\n|-damage|p2a: Ca-Caw|73/100\n|\n|-heal|p2a: Ca-Caw|79/100|[from] item: Leftovers\n|upkeep\n|turn|14\n|\n|t:|1695170044\n|switch|p1a: Clodsire|Clodsire, M|100/100\n|move|p2a: Ca-Caw|Beat Up|p1a: Clodsire\n|-damage|p1a: Clodsire|97/100\n|-damage|p1a: Clodsire|94/100\n|-damage|p1a: Clodsire|90/100\n|-damage|p1a: Clodsire|87/100\n|-damage|p1a: Clodsire|84/100\n|-hitcount|p1a: Clodsire|5\n|\n|-heal|p2a: Ca-Caw|85/100|[from] item: Leftovers\n|-heal|p1a: Clodsire|90/100|[from] item: Leftovers\n|upkeep\n|turn|15\n|\n|t:|1695170056\n|move|p2a: Ca-Caw|U-turn|p1a: Clodsire\n|-resisted|p1a: Clodsire\n|-damage|p1a: Clodsire|83/100\n|\n|t:|1695170064\n|switch|p2a: Not A Phan|Great Tusk|100/100|[from] U-turn\n|move|p1a: Clodsire|Stealth Rock|p2a: Not A Phan\n|-sidestart|p2: Michele Long|move: Stealth Rock\n|\n|-heal|p1a: Clodsire|89/100|[from] item: Leftovers\n|upkeep\n|turn|16\n|\n|t:|1695170070\n|switch|p1a: Hatterene|Hatterene, F|99/100\n|move|p2a: Not A Phan|Knock Off|p1a: Hatterene\n|-damage|p1a: Hatterene|86/100\n|\n|upkeep\n|turn|17\n|\n|t:|1695170086\n|-end|p2a: Not A Phan|Protosynthesis|[silent]\n|switch|p2a: Ca-Caw|Fezandipiti, M|85/100\n|-damage|p2a: Ca-Caw|73/100|[from] Stealth Rock\n|move|p1a: Hatterene|Draining Kiss|p2a: Ca-Caw\n|-resisted|p2a: Ca-Caw\n|-damage|p2a: Ca-Caw|67/100\n|-heal|p1a: Hatterene|91/100|[from] drain|[of] p2a: Ca-Caw\n|\n|-heal|p2a: Ca-Caw|73/100|[from] item: Leftovers\n|upkeep\n|turn|18\n|\n|t:|1695170096\n|switch|p1a: Clodsire|Clodsire, M|89/100\n|move|p2a: Ca-Caw|Beat Up|p1a: Clodsire\n|-damage|p1a: Clodsire|86/100\n|-damage|p1a: Clodsire|82/100\n|-damage|p1a: Clodsire|79/100\n|-damage|p1a: Clodsire|75/100\n|-damage|p1a: Clodsire|72/100\n|-hitcount|p1a: Clodsire|5\n|\n|-heal|p2a: Ca-Caw|79/100|[from] item: Leftovers\n|-heal|p1a: Clodsire|79/100|[from] item: Leftovers\n|upkeep\n|turn|19\n|\n|t:|1695170108\n|move|p2a: Ca-Caw|U-turn|p1a: Clodsire\n|-resisted|p1a: Clodsire\n|-damage|p1a: Clodsire|71/100\n|\n|t:|1695170110\n|switch|p2a: Elmer's|Gliscor, F|63/100 tox|[from] U-turn\n|-damage|p2a: Elmer's|51/100 tox|[from] Stealth Rock\n|move|p1a: Clodsire|Toxic|p2a: Elmer's\n|-fail|p2a: Elmer's|tox\n|\n|-heal|p1a: Clodsire|78/100|[from] item: Leftovers\n|-heal|p2a: Elmer's|63/100 tox|[from] ability: Poison Heal\n|upkeep\n|turn|20\n|\n|t:|1695170120\n|switch|p1a: Zapdos|Zapdos|61/100\n|move|p2a: Elmer's|Swords Dance|p2a: Elmer's\n|-boost|p2a: Elmer's|atk|2\n|\n|-heal|p2a: Elmer's|75/100 tox|[from] ability: Poison Heal\n|upkeep\n|turn|21\n|\n|t:|1695170129\n|move|p2a: Elmer's|Protect|p2a: Elmer's\n|-singleturn|p2a: Elmer's|Protect\n|move|p1a: Zapdos|Roost|p1a: Zapdos\n|-heal|p1a: Zapdos|100/100\n|-singleturn|p1a: Zapdos|move: Roost\n|\n|-heal|p2a: Elmer's|87/100 tox|[from] ability: Poison Heal\n|upkeep\n|turn|22\n|\n|t:|1695170136\n|switch|p2a: Ca-Caw|Fezandipiti, M|79/100\n|-damage|p2a: Ca-Caw|67/100|[from] Stealth Rock\n|move|p1a: Zapdos|Hurricane|p2a: Ca-Caw\n|-damage|p2a: Ca-Caw|41/100\n|\n|-heal|p2a: Ca-Caw|47/100|[from] item: Leftovers\n|upkeep\n|turn|23\n|\n|t:|1695170145\n|switch|p1a: Clodsire|Clodsire, M|78/100\n|move|p2a: Ca-Caw|Roost|p2a: Ca-Caw\n|-heal|p2a: Ca-Caw|97/100\n|-singleturn|p2a: Ca-Caw|move: Roost\n|\n|-heal|p2a: Ca-Caw|100/100|[from] item: Leftovers\n|-heal|p1a: Clodsire|84/100|[from] item: Leftovers\n|upkeep\n|turn|24\n|\n|t:|1695170153\n|switch|p1a: Zapdos|Zapdos|100/100\n|move|p2a: Ca-Caw|U-turn|p1a: Zapdos\n|-resisted|p1a: Zapdos\n|-damage|p1a: Zapdos|96/100\n|\n|t:|1695170166\n|switch|p2a: Elmer's|Gliscor, F|87/100 tox|[from] U-turn\n|-damage|p2a: Elmer's|75/100 tox|[from] Stealth Rock\n|\n|-heal|p2a: Elmer's|87/100 tox|[from] ability: Poison Heal\n|upkeep\n|turn|25\n|\n|t:|1695170176\n|switch|p2a: Ca-Caw|Fezandipiti, M|100/100\n|-damage|p2a: Ca-Caw|88/100|[from] Stealth Rock\n|move|p1a: Zapdos|Heat Wave|p2a: Ca-Caw\n|-damage|p2a: Ca-Caw|74/100\n|\n|-heal|p2a: Ca-Caw|80/100|[from] item: Leftovers\n|upkeep\n|turn|26\n|\n|t:|1695170188\n|move|p1a: Zapdos|Volt Switch|p2a: Ca-Caw\n|-damage|p2a: Ca-Caw|64/100\n|\n|t:|1695170191\n|switch|p1a: Clodsire|Clodsire, M|84/100|[from] Volt Switch\n|move|p2a: Ca-Caw|U-turn|p1a: Clodsire\n|-resisted|p1a: Clodsire\n|-damage|p1a: Clodsire|76/100\n|\n|t:|1695170196\n|switch|p2a: Not A Phan|Great Tusk|100/100|[from] U-turn\n|-damage|p2a: Not A Phan|98/100|[from] Stealth Rock\n|\n|-heal|p2a: Not A Phan|100/100|[from] item: Leftovers\n|-heal|p1a: Clodsire|83/100|[from] item: Leftovers\n|upkeep\n|turn|27\n|\n|t:|1695170204\n|-terastallize|p1a: Clodsire|Water\n|move|p2a: Not A Phan|Rapid Spin|p1a: Clodsire\n|-damage|p1a: Clodsire|66/100\n|-boost|p2a: Not A Phan|spe|1\n|-sideend|p2: Michele Long|Stealth Rock|[from] move: Rapid Spin|[of] p2a: Not A Phan\n|move|p1a: Clodsire|Toxic|p2a: Not A Phan\n|-status|p2a: Not A Phan|tox\n|\n|-heal|p1a: Clodsire|72/100|[from] item: Leftovers\n|-damage|p2a: Not A Phan|94/100 tox|[from] psn\n|upkeep\n|turn|28\n|\n|t:|1695170219\n|-end|p2a: Not A Phan|Protosynthesis|[silent]\n|switch|p2a: Elmer's|Gliscor, F|87/100 tox\n|switch|p1a: Hatterene|Hatterene, F|91/100\n|\n|-heal|p2a: Elmer's|99/100 tox|[from] ability: Poison Heal\n|upkeep\n|turn|29\n|\n|t:|1695170229\n|move|p2a: Elmer's|Swords Dance|p2a: Elmer's\n|-boost|p2a: Elmer's|atk|2\n|move|p1a: Hatterene|Calm Mind|p1a: Hatterene\n|-boost|p1a: Hatterene|spa|1\n|-boost|p1a: Hatterene|spd|1\n|\n|-heal|p2a: Elmer's|100/100 tox|[from] ability: Poison Heal\n|upkeep\n|turn|30\n|\n|t:|1695170236\n|switch|p1a: Zapdos|Zapdos|96/100\n|move|p2a: Elmer's|Earthquake|p1a: Zapdos\n|-immune|p1a: Zapdos\n|\n|upkeep\n|turn|31\n|\n|t:|1695170245\n|move|p2a: Elmer's|Swords Dance|p2a: Elmer's\n|-boost|p2a: Elmer's|atk|2\n|move|p1a: Zapdos|Heat Wave|p2a: Elmer's\n|-damage|p2a: Elmer's|78/100 tox\n|\n|-heal|p2a: Elmer's|90/100 tox|[from] ability: Poison Heal\n|upkeep\n|turn|32\n|\n|t:|1695170255\n|switch|p2a: Ca-Caw|Fezandipiti, M|64/100\n|move|p1a: Zapdos|Heat Wave|p2a: Ca-Caw\n|-damage|p2a: Ca-Caw|49/100\n|\n|-heal|p2a: Ca-Caw|55/100|[from] item: Leftovers\n|upkeep\n|turn|33\n|\n|t:|1695170262\n|move|p1a: Zapdos|Volt Switch|p2a: Ca-Caw\n|-damage|p2a: Ca-Caw|38/100\n|\n|t:|1695170269\n|switch|p1a: Gholdengo|Gholdengo|100/100|[from] Volt Switch\n|move|p2a: Ca-Caw|Roost|p2a: Ca-Caw\n|-heal|p2a: Ca-Caw|88/100\n|-singleturn|p2a: Ca-Caw|move: Roost\n|\n|-heal|p2a: Ca-Caw|94/100|[from] item: Leftovers\n|upkeep\n|turn|34\n|\n|t:|1695170281\n|move|p1a: Gholdengo|Make It Rain|p2a: Ca-Caw\n|-supereffective|p2a: Ca-Caw\n|-damage|p2a: Ca-Caw|24/100\n|-unboost|p1a: Gholdengo|spa|1\n|move|p2a: Ca-Caw|Beat Up|p1a: Gholdengo\n|-supereffective|p1a: Gholdengo\n|-damage|p1a: Gholdengo|94/100\n|-supereffective|p1a: Gholdengo\n|-damage|p1a: Gholdengo|86/100\n|-supereffective|p1a: Gholdengo\n|-damage|p1a: Gholdengo|78/100\n|-supereffective|p1a: Gholdengo\n|-crit|p1a: Gholdengo\n|-damage|p1a: Gholdengo|69/100\n|-hitcount|p1a: Gholdengo|4\n|\n|-heal|p2a: Ca-Caw|30/100|[from] item: Leftovers\n|upkeep\n|turn|35\n|\n|t:|1695170305\n|switch|p2a: Elmer's|Gliscor, F|90/100 tox\n|move|p1a: Gholdengo|Make It Rain|p2a: Elmer's\n|-damage|p2a: Elmer's|52/100 tox\n|-unboost|p1a: Gholdengo|spa|1\n|\n|-heal|p2a: Elmer's|64/100 tox|[from] ability: Poison Heal\n|upkeep\n|turn|36\n|\n|t:|1695170315\n|switch|p1a: Zapdos|Zapdos|96/100\n|move|p2a: Elmer's|Knock Off|p1a: Zapdos\n|-damage|p1a: Zapdos|86/100\n|\n|-heal|p2a: Elmer's|77/100 tox|[from] ability: Poison Heal\n|upkeep\n|turn|37\n|\n|t:|1695170323\n|move|p2a: Elmer's|Protect|p2a: Elmer's\n|-singleturn|p2a: Elmer's|Protect\n|move|p1a: Zapdos|Heat Wave|p2a: Elmer's\n|-activate|p2a: Elmer's|move: Protect\n|\n|-heal|p2a: Elmer's|89/100 tox|[from] ability: Poison Heal\n|upkeep\n|turn|38\n|\n|t:|1695170336\n|move|p2a: Elmer's|Swords Dance|p2a: Elmer's\n|-boost|p2a: Elmer's|atk|2\n|move|p1a: Zapdos|Hurricane|p2a: Elmer's\n|-damage|p2a: Elmer's|47/100 tox\n|\n|-heal|p2a: Elmer's|59/100 tox|[from] ability: Poison Heal\n|upkeep\n|turn|39\n|\n|t:|1695170345\n|move|p2a: Elmer's|Knock Off|p1a: Zapdos\n|-damage|p1a: Zapdos|67/100\n|move|p1a: Zapdos|Hurricane|p2a: Elmer's|[miss]\n|-miss|p1a: Zapdos|p2a: Elmer's\n|\n|-heal|p2a: Elmer's|71/100 tox|[from] ability: Poison Heal\n|upkeep\n|turn|40\n|\n|t:|1695170355\n|move|p2a: Elmer's|Protect|p2a: Elmer's\n|-singleturn|p2a: Elmer's|Protect\n|move|p1a: Zapdos|Hurricane|p2a: Elmer's\n|-activate|p2a: Elmer's|move: Protect\n|\n|-heal|p2a: Elmer's|84/100 tox|[from] ability: Poison Heal\n|upkeep\n|turn|41\n|\n|t:|1695170371\n|move|p2a: Elmer's|Swords Dance|p2a: Elmer's\n|-boost|p2a: Elmer's|atk|2\n|move|p1a: Zapdos|Hurricane|p2a: Elmer's\n|-damage|p2a: Elmer's|42/100 tox\n|\n|-heal|p2a: Elmer's|54/100 tox|[from] ability: Poison Heal\n|upkeep\n|turn|42\n|\n|t:|1695170382\n|switch|p1a: Gholdengo|Gholdengo|69/100\n|move|p2a: Elmer's|Knock Off|p1a: Gholdengo\n|-supereffective|p1a: Gholdengo\n|-damage|p1a: Gholdengo|0 fnt\n|-enditem|p1a: Gholdengo|Choice Scarf|[from] move: Knock Off|[of] p2a: Elmer's\n|faint|p1a: Gholdengo\n|\n|-heal|p2a: Elmer's|66/100 tox|[from] ability: Poison Heal\n|upkeep\n|-message|tonyrayyy forfeited.\n|\n|win|Michele Long\n|raw|tonyrayyy's rating: 1506 &rarr; <strong>1484</strong><br />(-22 for losing)\n|raw|Michele Long's rating: 1476 &rarr; <strong>1498</strong><br />(+22 for winning)\n|l|\u2606tonyrayyy\n", "uploadtime": 1695170391, "views": 1, "p1id": "tonyrayyy", "p2id": "michelelong", "formatid": "gen9ou", "rating": 1484, "private": 0, "password": ""}