{"id": "gen9ou-1947505400", "p1": "houston corleone", "p2": "OinkertSmalz", "format": "gen9ou", "log": "|j|\u2606houston corleone\n|j|\u2606OinkertSmalz\n|t:|1695167245\n|gametype|singles\n|player|p1|houston corleone|clay|1160\n|player|p2|OinkertSmalz|guzma|1160\n|teamsize|p1|6\n|teamsize|p2|6\n|gen|9\n|tier|[Gen 9] OU\n|rated|\n|rule|Sleep Clause Mod: Limit one foe put to sleep\n|rule|Species Clause: Limit one of each Pok\u00e9mon\n|rule|OHKO Clause: OHKO moves are banned\n|rule|Evasion Items Clause: Evasion items are banned\n|rule|Evasion Moves Clause: Evasion moves are banned\n|rule|Endless Battle Clause: Forcing endless battles is banned\n|rule|HP Percentage Mod: HP is shown in percentages\n|clearpoke\n|poke|p1|Ogerpon-Cornerstone, F|\n|poke|p1|Walking Wake|\n|poke|p1|Arcanine-Hisui, M|\n|poke|p1|Clefable, F|\n|poke|p1|Jirachi|\n|poke|p1|Gliscor, F|\n|poke|p2|Zoroark-Hisui, M|\n|poke|p2|Great Tusk|\n|poke|p2|Weavile, M|\n|poke|p2|Arcanine-Hisui, M|\n|poke|p2|Walking Wake|\n|poke|p2|Conkeldurr, M|\n|teampreview\n|inactive|Battle timer is ON: inactive players will automatically lose when time's up. (requested by OinkertSmalz)\n|\n|t:|1695167263\n|start\n|switch|p1a: Ogerpon|Ogerpon-Cornerstone, F|100/100\n|switch|p2a: Walking Wake|Walking Wake|100/100\n|turn|1\n|\n|t:|1695167270\n|move|p2a: Walking Wake|Protect|p2a: Walking Wake\n|-singleturn|p2a: Walking Wake|Protect\n|move|p1a: Ogerpon|Taunt|p2a: Walking Wake\n|-activate|p2a: Walking Wake|move: Protect\n|\n|upkeep\n|turn|2\n|\n|t:|1695167281\n|move|p1a: Ogerpon|Taunt|p2a: Walking Wake\n|-start|p2a: Walking Wake|move: Taunt\n|move|p2a: Walking Wake|Flip Turn|p1a: Ogerpon\n|-damage|p1a: Ogerpon|78/100\n|\n|t:|1695167288\n|-end|p2a: Walking Wake|Protosynthesis|[silent]\n|switch|p2a: Long fists|Conkeldurr, M|100/100|[from] Flip Turn\n|\n|upkeep\n|turn|3\n|\n|t:|1695167297\n|switch|p1a: Gliscor|Gliscor, F|100/100\n|move|p2a: Long fists|Mach Punch|p1a: Gliscor\n|-resisted|p1a: Gliscor\n|-damage|p1a: Gliscor|85/100\n|\n|-status|p1a: Gliscor|tox|[from] item: Toxic Orb\n|upkeep\n|turn|4\n|\n|t:|1695167315\n|switch|p1a: Arcanine|Arcanine-Hisui, M|100/100\n|move|p2a: Long fists|Ice Punch|p1a: Arcanine\n|-resisted|p1a: Arcanine\n|-damage|p1a: Arcanine|77/100\n|\n|upkeep\n|turn|5\n|\n|t:|1695167329\n|switch|p1a: Clefable|Clefable, F|100/100\n|move|p2a: Long fists|Mach Punch|p1a: Clefable\n|-resisted|p1a: Clefable\n|-crit|p1a: Clefable\n|-damage|p1a: Clefable|82/100\n|\n|upkeep\n|turn|6\n|\n|t:|1695167337\n|move|p1a: Clefable|Thunder Wave|p2a: Long fists\n|-status|p2a: Long fists|par\n|move|p2a: Long fists|Thunder Punch|p1a: Clefable\n|-damage|p1a: Clefable|55/100\n|\n|upkeep\n|turn|7\n|\n|t:|1695167343\n|move|p1a: Clefable|Moonlight|p1a: Clefable\n|-heal|p1a: Clefable|100/100\n|move|p2a: Long fists|Thunder Punch|p1a: Clefable\n|-damage|p1a: Clefable|73/100\n|-status|p1a: Clefable|par\n|\n|upkeep\n|turn|8\n|\n|t:|1695167349\n|switch|p2a: Not-Pao|Weavile, M|100/100\n|move|p1a: Clefable|Thunder Wave|p2a: Not-Pao\n|-status|p2a: Not-Pao|par\n|\n|upkeep\n|turn|9\n|\n|t:|1695167363\n|switch|p1a: Arcanine|Arcanine-Hisui, M|77/100\n|move|p2a: Not-Pao|Sludge Bomb|p1a: Arcanine\n|-resisted|p1a: Arcanine\n|-damage|p1a: Arcanine|54/100\n|\n|upkeep\n|turn|10\n|\n|t:|1695167379\n|switch|p2a: Fancy Shoes|Great Tusk|100/100\n|move|p1a: Arcanine|Head Smash|p2a: Fancy Shoes\n|-resisted|p2a: Fancy Shoes\n|-damage|p2a: Fancy Shoes|88/100\n|\n|upkeep\n|turn|11\n|\n|t:|1695167384\n|switch|p1a: Walking Wake|Walking Wake|100/100\n|move|p2a: Fancy Shoes|Knock Off|p1a: Walking Wake\n|-damage|p1a: Walking Wake|62/100\n|-enditem|p1a: Walking Wake|Choice Scarf|[from] move: Knock Off|[of] p2a: Fancy Shoes\n|\n|upkeep\n|turn|12\n|\n|t:|1695167397\n|-end|p2a: Fancy Shoes|Protosynthesis|[silent]\n|switch|p2a: Not-Pao|Weavile, M|100/100 par\n|move|p1a: Walking Wake|Draco Meteor|p2a: Not-Pao\n|-enditem|p2a: Not-Pao|Focus Sash\n|-damage|p2a: Not-Pao|1/100 par\n|-unboost|p1a: Walking Wake|spa|2\n|replace|p2a: ppPooPooMan|Zoroark-Hisui, M, shiny\n|-end|p2a: ppPooPooMan|Illusion\n|\n|upkeep\n|turn|13\n|\n|t:|1695167417\n|move|p1a: Walking Wake|Scald|p2a: ppPooPooMan\n|-damage|p2a: ppPooPooMan|0 fnt\n|faint|p2a: ppPooPooMan\n|\n|upkeep\n|\n|t:|1695167427\n|switch|p2a: Not-Pao|Weavile, M|100/100\n|-ability|p2a: Not-Pao|Pressure\n|turn|14\n|\n|t:|1695167440\n|move|p2a: Not-Pao|Knock Off|p1a: Walking Wake\n|-damage|p1a: Walking Wake|30/100\n|move|p1a: Walking Wake|Draco Meteor|p2a: Not-Pao\n|-crit|p2a: Not-Pao\n|-damage|p2a: Not-Pao|0 fnt\n|-unboost|p1a: Walking Wake|spa|2\n|faint|p2a: Not-Pao\n|\n|upkeep\n|\n|t:|1695167450\n|switch|p2a: Doing OU|Arcanine-Hisui, M|100/100\n|turn|15\n|\n|t:|1695167458\n|-end|p1a: Walking Wake|Protosynthesis|[silent]\n|switch|p1a: Ogerpon|Ogerpon-Cornerstone, F|78/100\n|move|p2a: Doing OU|Extreme Speed|p1a: Ogerpon\n|-resisted|p1a: Ogerpon\n|-damage|p1a: Ogerpon|53/100\n|\n|upkeep\n|turn|16\n|\n|t:|1695167464\n|switch|p2a: Fancy Shoes|Great Tusk|88/100\n|move|p1a: Ogerpon|Spikes|p2a: Fancy Shoes\n|-sidestart|p2: OinkertSmalz|Spikes\n|\n|upkeep\n|turn|17\n|\n|t:|1695167469\n|-terastallize|p2a: Fancy Shoes|Grass\n|move|p1a: Ogerpon|Wood Hammer|p2a: Fancy Shoes\n|-resisted|p2a: Fancy Shoes\n|-damage|p2a: Fancy Shoes|62/100\n|-damage|p1a: Ogerpon|42/100|[from] Recoil\n|move|p2a: Fancy Shoes|Rapid Spin|p1a: Ogerpon\n|-resisted|p1a: Ogerpon\n|-damage|p1a: Ogerpon|31/100\n|-boost|p2a: Fancy Shoes|spe|1\n|-sideend|p2: OinkertSmalz|Spikes|[from] move: Rapid Spin|[of] p2a: Fancy Shoes\n|\n|upkeep\n|turn|18\n|\n|t:|1695167484\n|switch|p1a: Clefable|Clefable, F|73/100 par\n|move|p2a: Fancy Shoes|Knock Off|p1a: Clefable\n|-resisted|p1a: Clefable\n|-damage|p1a: Clefable|60/100 par\n|-enditem|p1a: Clefable|Heavy-Duty Boots|[from] move: Knock Off|[of] p2a: Fancy Shoes\n|\n|upkeep\n|turn|19\n|\n|t:|1695167492\n|move|p2a: Fancy Shoes|Earthquake|p1a: Clefable\n|-damage|p1a: Clefable|22/100 par\n|move|p1a: Clefable|Moonlight|p1a: Clefable\n|-heal|p1a: Clefable|72/100 par\n|\n|upkeep\n|turn|20\n|\n|t:|1695167496\n|move|p2a: Fancy Shoes|Earthquake|p1a: Clefable\n|-damage|p1a: Clefable|30/100 par\n|move|p1a: Clefable|Thunder Wave|p2a: Fancy Shoes\n|-status|p2a: Fancy Shoes|par\n|\n|upkeep\n|turn|21\n|\n|t:|1695167504\n|switch|p1a: Jirachi|Jirachi|100/100\n|-item|p1a: Jirachi|Air Balloon\n|move|p2a: Fancy Shoes|Earthquake|p1a: Jirachi\n|-immune|p1a: Jirachi\n|\n|upkeep\n|turn|22\n|\n|t:|1695167511\n|move|p1a: Jirachi|Encore|p2a: Fancy Shoes\n|-start|p2a: Fancy Shoes|Encore\n|move|p2a: Fancy Shoes|Earthquake|p1a: Jirachi\n|-immune|p1a: Jirachi\n|\n|upkeep\n|turn|23\n|\n|t:|1695167517\n|-end|p2a: Fancy Shoes|Protosynthesis|[silent]\n|switch|p2a: Doing OU|Arcanine-Hisui, M|100/100\n|move|p1a: Jirachi|Doom Desire|p2a: Doing OU\n|-start|p1a: Jirachi|Doom Desire\n|\n|upkeep\n|turn|24\n|inactive|OinkertSmalz has 120 seconds left.\n|\n|t:|1695167553\n|switch|p1a: Clefable|Clefable, F|30/100 par\n|move|p2a: Doing OU|Wild Charge|p1a: Clefable\n|-damage|p1a: Clefable|0 fnt\n|faint|p1a: Clefable\n|\n|upkeep\n|inactive|houston corleone has 120 seconds left.\n|inactive|houston corleone has 90 seconds left.\n|\n|t:|1695167602\n|switch|p1a: Arcanine|Arcanine-Hisui, M|54/100\n|turn|25\n|inactive|OinkertSmalz has 120 seconds left.\n|\n|t:|1695167614\n|switch|p2a: Walking Wake|Walking Wake|100/100\n|move|p1a: Arcanine|Head Smash|p2a: Walking Wake\n|-damage|p2a: Walking Wake|29/100\n|\n|-end|p2a: Walking Wake|move: Doom Desire\n|-resisted|p2a: Walking Wake\n|-damage|p2a: Walking Wake|0 fnt\n|faint|p2a: Walking Wake\n|-end|p2a: Walking Wake|Protosynthesis|[silent]\n|upkeep\n|inactive|OinkertSmalz has 120 seconds left.\n|\n|t:|1695167631\n|switch|p2a: Long fists|Conkeldurr, M|100/100 par\n|turn|26\n|\n|t:|1695167641\n|switch|p1a: Jirachi|Jirachi|100/100\n|-item|p1a: Jirachi|Air Balloon\n|cant|p2a: Long fists|par\n|\n|upkeep\n|turn|27\n|inactive|OinkertSmalz has 120 seconds left.\n|\n|t:|1695167646\n|cant|p2a: Long fists|par\n|move|p1a: Jirachi|Stealth Rock|p2a: Long fists\n|-sidestart|p2: OinkertSmalz|move: Stealth Rock\n|\n|upkeep\n|turn|28\n|\n|t:|1695167648\n|move|p2a: Long fists|Mach Punch|p1a: Jirachi\n|-damage|p1a: Jirachi|77/100\n|-enditem|p1a: Jirachi|Air Balloon\n|move|p1a: Jirachi|Doom Desire|p2a: Long fists\n|-start|p1a: Jirachi|Doom Desire\n|\n|upkeep\n|turn|29\n|\n|t:|1695167655\n|move|p1a: Jirachi|Encore|p2a: Long fists\n|-start|p2a: Long fists|Encore\n|move|p2a: Long fists|Mach Punch|p1a: Jirachi\n|-damage|p1a: Jirachi|54/100\n|\n|upkeep\n|turn|30\n|\n|t:|1695167664\n|move|p2a: Long fists|Mach Punch|p1a: Jirachi\n|-damage|p1a: Jirachi|31/100\n|move|p1a: Jirachi|U-turn|p2a: Long fists\n|-resisted|p2a: Long fists\n|-damage|p2a: Long fists|94/100 par\n|\n|t:|1695167667\n|switch|p1a: Gliscor|Gliscor, F|85/100 tox|[from] U-turn\n|\n|-end|p2a: Long fists|move: Doom Desire\n|-damage|p2a: Long fists|46/100 par\n|-heal|p1a: Gliscor|98/100 tox|[from] ability: Poison Heal\n|upkeep\n|turn|31\n|\n|t:|1695167672\n|move|p2a: Long fists|Mach Punch|p1a: Gliscor\n|-resisted|p1a: Gliscor\n|-damage|p1a: Gliscor|84/100 tox\n|move|p1a: Gliscor|Swords Dance|p1a: Gliscor\n|-boost|p1a: Gliscor|atk|2\n|\n|-heal|p1a: Gliscor|97/100 tox|[from] ability: Poison Heal\n|-end|p2a: Long fists|Encore\n|upkeep\n|turn|32\n|\n|t:|1695167682\n|move|p1a: Gliscor|Earthquake|p2a: Long fists\n|-damage|p2a: Long fists|0 fnt\n|faint|p2a: Long fists\n|\n|-heal|p1a: Gliscor|100/100 tox|[from] ability: Poison Heal\n|upkeep\n|\n|t:|1695167697\n|switch|p2a: Fancy Shoes|Great Tusk, tera:Grass|62/100 par\n|turn|33\n|\n|t:|1695167701\n|-terastallize|p1a: Gliscor|Normal\n|move|p1a: Gliscor|Facade|p2a: Fancy Shoes\n|-damage|p2a: Fancy Shoes|0 fnt\n|faint|p2a: Fancy Shoes\n|-end|p2a: Fancy Shoes|Protosynthesis|[silent]\n|\n|upkeep\n|\n|t:|1695167705\n|switch|p2a: Doing OU|Arcanine-Hisui, M|100/100\n|-damage|p2a: Doing OU|76/100|[from] Stealth Rock\n|turn|34\n|\n|t:|1695167707\n|move|p2a: Doing OU|Extreme Speed|p1a: Gliscor\n|-damage|p1a: Gliscor|61/100 tox\n|move|p1a: Gliscor|Earthquake|p2a: Doing OU\n|-supereffective|p2a: Doing OU\n|-damage|p2a: Doing OU|0 fnt\n|faint|p2a: Doing OU\n|\n|win|houston corleone\n|raw|houston corleone's rating: 1160 &rarr; <strong>1185</strong><br />(+25 for winning)\n|raw|OinkertSmalz's rating: 1160 &rarr; <strong>1135</strong><br />(-25 for losing)\n|l|\u2606OinkertSmalz\n|l|\u2606houston corleone\n|j|\u2606houston corleone\n|player|p1|houston corleone|clay\n", "uploadtime": 1695167711, "views": 1, "p1id": "houstoncorleone", "p2id": "oinkertsmalz", "formatid": "gen9ou", "rating": 1135, "private": 0, "password": ""}