{"id": "gen9ou-1947498001", "p1": "BackW1thM1lk", "p2": "Air flow 884", "format": "gen9ou", "log": "|j|\u2606BackW1thM1lk\n|j|\u2606Air flow 884\n|t:|1695166508\n|gametype|singles\n|player|p1|BackW1thM1lk|ghetsis|1211\n|player|p2|Air flow 884|iris|1141\n|teamsize|p1|6\n|teamsize|p2|6\n|gen|9\n|tier|[Gen 9] OU\n|rated|\n|rule|Sleep Clause Mod: Limit one foe put to sleep\n|rule|Species Clause: Limit one of each Pok\u00e9mon\n|rule|OHKO Clause: OHKO moves are banned\n|rule|Evasion Items Clause: Evasion items are banned\n|rule|Evasion Moves Clause: Evasion moves are banned\n|rule|Endless Battle Clause: Forcing endless battles is banned\n|rule|HP Percentage Mod: HP is shown in percentages\n|clearpoke\n|poke|p1|Ogerpon-Hearthflame, F|\n|poke|p1|Azumarill, F|\n|poke|p1|Iron Valiant|\n|poke|p1|Indeedee-F, F|\n|poke|p1|Kleavor, F|\n|poke|p1|Dragonite, F|\n|poke|p2|Goodra-Hisui, F|\n|poke|p2|Enamorus, F|\n|poke|p2|Zoroark-Hisui, F|\n|poke|p2|Ursaluna, M|\n|poke|p2|Volcanion|\n|poke|p2|Jolteon, M|\n|teampreview\n|\n|t:|1695166572\n|start\n|switch|p1a: Iron Valiant|Iron Valiant|100/100\n|switch|p2a: Her cloud|Goodra-Hisui, F|100/100\n|-enditem|p1a: Iron Valiant|Booster Energy\n|-activate|p1a: Iron Valiant|ability: Quark Drive|[fromitem]\n|-start|p1a: Iron Valiant|quarkdrivespe\n|turn|1\n|\n|t:|1695166586\n|move|p1a: Iron Valiant|Knock Off|p2a: Her cloud\n|-supereffective|p2a: Her cloud\n|-damage|p2a: Her cloud|0 fnt\n|replace|p2a: Hitokiri|Zoroark-Hisui, F, shiny\n|-end|p2a: Hitokiri|Illusion\n|-enditem|p2a: Hitokiri|Life Orb|[from] move: Knock Off|[of] p1a: Iron Valiant\n|faint|p2a: Hitokiri\n|\n|upkeep\n|\n|t:|1695166601\n|switch|p2a: Her tail|Enamorus, F, shiny|100/100\n|turn|2\n|\n|t:|1695166612\n|move|p1a: Iron Valiant|Knock Off|p2a: Her tail\n|-resisted|p2a: Her tail\n|-damage|p2a: Her tail|75/100\n|-enditem|p2a: Her tail|Assault Vest|[from] move: Knock Off|[of] p1a: Iron Valiant\n|move|p2a: Her tail|Moonblast|p1a: Iron Valiant\n|-supereffective|p1a: Iron Valiant\n|-damage|p1a: Iron Valiant|0 fnt\n|faint|p1a: Iron Valiant\n|-end|p1a: Iron Valiant|Quark Drive|[silent]\n|\n|upkeep\n|\n|t:|1695166628\n|switch|p1a: Ogerpon|Ogerpon-Hearthflame, F, shiny|100/100\n|-ability|p1a: Ogerpon|Mold Breaker\n|turn|3\n|\n|t:|1695166640\n|-terastallize|p2a: Her tail|Flying\n|move|p1a: Ogerpon|Ivy Cudgel|p2a: Her tail\n|-damage|p2a: Her tail|0 fnt\n|faint|p2a: Her tail\n|\n|upkeep\n|\n|t:|1695166651\n|switch|p2a: Roar scary bear|Ursaluna, M|100/100\n|turn|4\n|\n|t:|1695166656\n|-terastallize|p1a: Ogerpon|Fire\n|detailschange|p1a: Ogerpon|Ogerpon-Hearthflame-Tera, F, shiny, tera:Fire\n|-ability|p1a: Ogerpon|Embody Aspect (Hearthflame)|boost\n|-boost|p1a: Ogerpon|atk|1\n|move|p1a: Ogerpon|Ivy Cudgel|p2a: Roar scary bear\n|-damage|p2a: Roar scary bear|18/100\n|move|p2a: Roar scary bear|Earthquake|p1a: Ogerpon\n|-supereffective|p1a: Ogerpon\n|-damage|p1a: Ogerpon|0 fnt\n|faint|p1a: Ogerpon\n|\n|-status|p2a: Roar scary bear|brn|[from] item: Flame Orb\n|upkeep\n|\n|t:|1695166669\n|switch|p1a: Azumarill|Azumarill, F, shiny|100/100\n|turn|5\n|\n|t:|1695166678\n|switch|p2a: Lighting|Jolteon, M, shiny|100/100\n|move|p1a: Azumarill|Aqua Jet|p2a: Lighting\n|-damage|p2a: Lighting|55/100\n|\n|-heal|p2a: Lighting|61/100|[from] item: Leftovers\n|upkeep\n|turn|6\n|\n|t:|1695166690\n|move|p2a: Lighting|Thunderbolt|p1a: Azumarill\n|-supereffective|p1a: Azumarill\n|-damage|p1a: Azumarill|5/100\n|-enditem|p1a: Azumarill|Sitrus Berry|[eat]\n|-heal|p1a: Azumarill|30/100|[from] item: Sitrus Berry\n|move|p1a: Azumarill|Substitute|p1a: Azumarill\n|-start|p1a: Azumarill|Substitute\n|-damage|p1a: Azumarill|5/100\n|\n|-heal|p2a: Lighting|67/100|[from] item: Leftovers\n|upkeep\n|turn|7\n|\n|t:|1695166707\n|move|p2a: Lighting|Wish|p2a: Lighting\n|move|p1a: Azumarill|Play Rough|p2a: Lighting\n|-damage|p2a: Lighting|0 fnt\n|faint|p2a: Lighting\n|\n|upkeep\n|\n|t:|1695166714\n|switch|p2a: Roar scary bear|Ursaluna, M|18/100 brn\n|turn|8\n|\n|t:|1695166720\n|move|p1a: Azumarill|Aqua Jet|p2a: Roar scary bear\n|-supereffective|p2a: Roar scary bear\n|-damage|p2a: Roar scary bear|0 fnt\n|faint|p2a: Roar scary bear\n|\n|upkeep\n|\n|t:|1695166726\n|switch|p2a: Ind. Revolution|Volcanion|100/100\n|turn|9\n|\n|t:|1695166732\n|move|p1a: Azumarill|Play Rough|p2a: Ind. Revolution\n|-resisted|p2a: Ind. Revolution\n|-damage|p2a: Ind. Revolution|76/100\n|move|p2a: Ind. Revolution|Scald|p1a: Azumarill\n|-resisted|p1a: Azumarill\n|-end|p1a: Azumarill|Substitute\n|\n|upkeep\n|turn|10\n|\n|t:|1695166742\n|move|p1a: Azumarill|Play Rough|p2a: Ind. Revolution|[miss]\n|-miss|p1a: Azumarill|p2a: Ind. Revolution\n|move|p2a: Ind. Revolution|Scald|p1a: Azumarill\n|-resisted|p1a: Azumarill\n|-damage|p1a: Azumarill|0 fnt\n|faint|p1a: Azumarill\n|\n|upkeep\n|\n|t:|1695166754\n|switch|p1a: Kleavor|Kleavor, F, shiny|100/100\n|turn|11\n|\n|t:|1695166759\n|switch|p2a: Her cloud|Goodra-Hisui, F|100/100\n|move|p1a: Kleavor|Stone Axe|p2a: Her cloud\n|-resisted|p2a: Her cloud\n|-damage|p2a: Her cloud|74/100\n|-sidestart|p2: Air flow 884|move: Stealth Rock\n|\n|upkeep\n|turn|12\n|\n|t:|1695166768\n|move|p1a: Kleavor|Stone Axe|p2a: Her cloud\n|-resisted|p2a: Her cloud\n|-damage|p2a: Her cloud|50/100\n|move|p2a: Her cloud|Iron Head|p1a: Kleavor\n|-supereffective|p1a: Kleavor\n|-damage|p1a: Kleavor|25/100\n|\n|upkeep\n|turn|13\n|\n|t:|1695166783\n|move|p1a: Kleavor|Stone Axe|p2a: Her cloud\n|-resisted|p2a: Her cloud\n|-damage|p2a: Her cloud|25/100\n|move|p2a: Her cloud|Rest|p2a: Her cloud\n|-status|p2a: Her cloud|slp|[from] move: Rest\n|-heal|p2a: Her cloud|100/100 slp|[silent]\n|-enditem|p2a: Her cloud|Chesto Berry|[eat]\n|-curestatus|p2a: Her cloud|slp|[msg]\n|\n|upkeep\n|turn|14\n|\n|t:|1695166792\n|move|p1a: Kleavor|Stone Axe|p2a: Her cloud\n|-resisted|p2a: Her cloud\n|-damage|p2a: Her cloud|75/100\n|move|p2a: Her cloud|Iron Head|p1a: Kleavor\n|-supereffective|p1a: Kleavor\n|-damage|p1a: Kleavor|0 fnt\n|faint|p1a: Kleavor\n|\n|upkeep\n|\n|t:|1695166801\n|switch|p1a: Indeedee|Indeedee-F, F, shiny|100/100\n|turn|15\n|\n|t:|1695166839\n|switch|p2a: Ind. Revolution|Volcanion|76/100\n|-damage|p2a: Ind. Revolution|51/100|[from] Stealth Rock\n|move|p1a: Indeedee|Dazzling Gleam|p2a: Ind. Revolution\n|-resisted|p2a: Ind. Revolution\n|-damage|p2a: Ind. Revolution|38/100\n|\n|upkeep\n|turn|16\n|\n|t:|1695166857\n|switch|p1a: Dragonite|Dragonite, F, shiny|100/100\n|move|p2a: Ind. Revolution|Flamethrower|p1a: Dragonite\n|-resisted|p1a: Dragonite\n|-damage|p1a: Dragonite|89/100\n|\n|upkeep\n|turn|17\n|\n|t:|1695166869\n|move|p1a: Dragonite|Scale Shot|p2a: Ind. Revolution\n|-damage|p2a: Ind. Revolution|24/100\n|-damage|p2a: Ind. Revolution|12/100\n|-hitcount|p2a: Ind. Revolution|2\n|-unboost|p1a: Dragonite|def|1\n|-boost|p1a: Dragonite|spe|1\n|move|p2a: Ind. Revolution|Flamethrower|p1a: Dragonite\n|-resisted|p1a: Dragonite\n|-damage|p1a: Dragonite|65/100\n|\n|upkeep\n|turn|18\n|\n|t:|1695166881\n|move|p1a: Dragonite|Extreme Speed|p2a: Ind. Revolution\n|-damage|p2a: Ind. Revolution|0 fnt\n|faint|p2a: Ind. Revolution\n|\n|upkeep\n|\n|t:|1695166886\n|switch|p2a: Her cloud|Goodra-Hisui, F|75/100\n|-damage|p2a: Her cloud|69/100|[from] Stealth Rock\n|turn|19\n|\n|t:|1695166895\n|move|p1a: Dragonite|Ice Spinner|p2a: Her cloud\n|-crit|p2a: Her cloud\n|-damage|p2a: Her cloud|22/100\n|move|p2a: Her cloud|Dragon Claw|p1a: Dragonite\n|-supereffective|p1a: Dragonite\n|-damage|p1a: Dragonite|0 fnt\n|faint|p1a: Dragonite\n|\n|upkeep\n|\n|t:|1695166904\n|switch|p1a: Indeedee|Indeedee-F, F, shiny|100/100\n|turn|20\n|\n|t:|1695166921\n|move|p1a: Indeedee|Trick|p2a: Her cloud\n|-activate|p1a: Indeedee|move: Trick|[of] p2a: Her cloud\n|-item|p2a: Her cloud|Choice Scarf|[from] move: Trick\n|-enditem|p1a: Indeedee|Choice Scarf|[silent]|[from] move: Trick\n|move|p2a: Her cloud|Rest|p2a: Her cloud\n|-status|p2a: Her cloud|slp|[from] move: Rest\n|-heal|p2a: Her cloud|100/100 slp|[silent]\n|\n|upkeep\n|turn|21\n|\n|t:|1695166933\n|cant|p2a: Her cloud|slp\n|move|p1a: Indeedee|Dazzling Gleam|p2a: Her cloud\n|-damage|p2a: Her cloud|85/100 slp\n|\n|upkeep\n|turn|22\n|\n|t:|1695166940\n|cant|p2a: Her cloud|slp\n|move|p1a: Indeedee|Psychic|p2a: Her cloud\n|-resisted|p2a: Her cloud\n|-damage|p2a: Her cloud|73/100 slp\n|\n|upkeep\n|turn|23\n|\n|t:|1695166948\n|-curestatus|p2a: Her cloud|slp|[msg]\n|move|p2a: Her cloud|Rest|p2a: Her cloud\n|-status|p2a: Her cloud|slp|[from] move: Rest\n|-heal|p2a: Her cloud|100/100 slp|[silent]\n|move|p1a: Indeedee|Hyper Voice|p2a: Her cloud\n|-resisted|p2a: Her cloud\n|-damage|p2a: Her cloud|89/100 slp\n|\n|upkeep\n|turn|24\n|c|\u2606BackW1thM1lk|uhh\n|\n|t:|1695166967\n|cant|p2a: Her cloud|slp\n|move|p1a: Indeedee|Dazzling Gleam|p2a: Her cloud\n|-damage|p2a: Her cloud|75/100 slp\n|\n|upkeep\n|turn|25\n|c|\u2606Air flow 884|I think i wind on struggle?\n|\n|t:|1695166980\n|cant|p2a: Her cloud|slp\n|move|p1a: Indeedee|Dazzling Gleam|p2a: Her cloud\n|-damage|p2a: Her cloud|60/100 slp\n|\n|upkeep\n|turn|26\n|\n|t:|1695166985\n|-curestatus|p2a: Her cloud|slp|[msg]\n|move|p2a: Her cloud|Rest|p2a: Her cloud\n|-status|p2a: Her cloud|slp|[from] move: Rest\n|-heal|p2a: Her cloud|100/100 slp|[silent]\n|move|p1a: Indeedee|Dazzling Gleam|p2a: Her cloud\n|-damage|p2a: Her cloud|86/100 slp\n|\n|upkeep\n|turn|27\n|\n|t:|1695166995\n|cant|p2a: Her cloud|slp\n|move|p1a: Indeedee|Dazzling Gleam|p2a: Her cloud\n|-damage|p2a: Her cloud|71/100 slp\n|\n|upkeep\n|turn|28\n|\n|t:|1695167001\n|cant|p2a: Her cloud|slp\n|move|p1a: Indeedee|Dazzling Gleam|p2a: Her cloud\n|-damage|p2a: Her cloud|55/100 slp\n|\n|upkeep\n|turn|29\n|\n|t:|1695167007\n|-curestatus|p2a: Her cloud|slp|[msg]\n|move|p2a: Her cloud|Rest|p2a: Her cloud\n|-status|p2a: Her cloud|slp|[from] move: Rest\n|-heal|p2a: Her cloud|100/100 slp|[silent]\n|move|p1a: Indeedee|Dazzling Gleam|p2a: Her cloud\n|-crit|p2a: Her cloud\n|-damage|p2a: Her cloud|76/100 slp\n|\n|upkeep\n|turn|30\n|\n|t:|1695167019\n|cant|p2a: Her cloud|slp\n|move|p1a: Indeedee|Dazzling Gleam|p2a: Her cloud\n|-damage|p2a: Her cloud|60/100 slp\n|\n|upkeep\n|turn|31\n|c|\u2606Air flow 884|Though this is weird\n|\n|t:|1695167029\n|cant|p2a: Her cloud|slp\n|move|p1a: Indeedee|Psychic|p2a: Her cloud\n|-resisted|p2a: Her cloud\n|-damage|p2a: Her cloud|47/100 slp\n|\n|upkeep\n|turn|32\n|\n|t:|1695167039\n|-curestatus|p2a: Her cloud|slp|[msg]\n|move|p2a: Her cloud|Rest|p2a: Her cloud\n|-status|p2a: Her cloud|slp|[from] move: Rest\n|-heal|p2a: Her cloud|100/100 slp|[silent]\n|move|p1a: Indeedee|Psychic|p2a: Her cloud\n|-resisted|p2a: Her cloud\n|-damage|p2a: Her cloud|88/100 slp\n|\n|upkeep\n|turn|33\n|\n|t:|1695167048\n|cant|p2a: Her cloud|slp\n|move|p1a: Indeedee|Psychic|p2a: Her cloud\n|-resisted|p2a: Her cloud\n|-damage|p2a: Her cloud|75/100 slp\n|\n|upkeep\n|turn|34\n|\n|t:|1695167055\n|cant|p2a: Her cloud|slp\n|move|p1a: Indeedee|Psychic|p2a: Her cloud\n|-resisted|p2a: Her cloud\n|-damage|p2a: Her cloud|62/100 slp\n|\n|upkeep\n|turn|35\n|\n|t:|1695167062\n|-curestatus|p2a: Her cloud|slp|[msg]\n|move|p2a: Her cloud|Rest|p2a: Her cloud\n|-status|p2a: Her cloud|slp|[from] move: Rest\n|-heal|p2a: Her cloud|100/100 slp|[silent]\n|move|p1a: Indeedee|Psychic|p2a: Her cloud\n|-resisted|p2a: Her cloud\n|-damage|p2a: Her cloud|87/100 slp\n|\n|upkeep\n|turn|36\n|c|\u2606Air flow 884|Im at 1 rest\n|\n|t:|1695167080\n|cant|p2a: Her cloud|slp\n|move|p1a: Indeedee|Psychic|p2a: Her cloud\n|-resisted|p2a: Her cloud\n|-damage|p2a: Her cloud|74/100 slp\n|\n|upkeep\n|turn|37\n|\n|t:|1695167090\n|cant|p2a: Her cloud|slp\n|move|p1a: Indeedee|Psychic|p2a: Her cloud\n|-resisted|p2a: Her cloud\n|-damage|p2a: Her cloud|61/100 slp\n|\n|upkeep\n|turn|38\n|\n|t:|1695167098\n|-curestatus|p2a: Her cloud|slp|[msg]\n|move|p2a: Her cloud|Rest|p2a: Her cloud\n|-status|p2a: Her cloud|slp|[from] move: Rest\n|-heal|p2a: Her cloud|100/100 slp|[silent]\n|move|p1a: Indeedee|Dazzling Gleam|p2a: Her cloud\n|-damage|p2a: Her cloud|85/100 slp\n|\n|upkeep\n|turn|39\n|\n|t:|1695167107\n|cant|p2a: Her cloud|slp\n|move|p1a: Indeedee|Psychic|p2a: Her cloud\n|-resisted|p2a: Her cloud\n|-damage|p2a: Her cloud|73/100 slp\n|\n|upkeep\n|turn|40\n|\n|t:|1695167115\n|cant|p2a: Her cloud|slp\n|move|p1a: Indeedee|Psychic|p2a: Her cloud\n|-resisted|p2a: Her cloud\n|-damage|p2a: Her cloud|60/100 slp\n|\n|upkeep\n|turn|41\n|\n|t:|1695167125\n|-curestatus|p2a: Her cloud|slp|[msg]\n|-activate|p2a: Her cloud|move: Struggle\n|move|p2a: Her cloud|Struggle|p1a: Indeedee\n|-damage|p1a: Indeedee|81/100\n|-damage|p2a: Her cloud|35/100|[from] recoil\n|move|p1a: Indeedee|Dazzling Gleam|p2a: Her cloud\n|-damage|p2a: Her cloud|20/100\n|\n|upkeep\n|turn|42\n|\n|t:|1695167135\n|-activate|p2a: Her cloud|move: Struggle\n|move|p2a: Her cloud|Struggle|p1a: Indeedee\n|-damage|p1a: Indeedee|64/100\n|-damage|p2a: Her cloud|0 fnt|[from] recoil\n|faint|p2a: Her cloud\n|\n|win|BackW1thM1lk\n|raw|BackW1thM1lk's rating: 1211 &rarr; <strong>1231</strong><br />(+20 for winning)\n|raw|Air flow 884's rating: 1141 &rarr; <strong>1121</strong><br />(-20 for losing)\n|c|\u2606Air flow 884|Gg\n", "uploadtime": 1695167144, "views": 1, "p1id": "backw1thm1lk", "p2id": "airflow884", "formatid": "gen9ou", "rating": 1121, "private": 0, "password": ""}