{"id": "gen9ou-1947494522", "p1": "gargachip", "p2": "do you mind goblin", "format": "gen9ou", "log": "|j|\u2606gargachip\n|j|\u2606do you mind goblin\n|t:|1695166164\n|gametype|singles\n|player|p1|gargachip|darach-caitlin|1527\n|player|p2|do you mind goblin|cynthia-gen4|1656\n|teamsize|p1|6\n|teamsize|p2|6\n|gen|9\n|tier|[Gen 9] OU\n|rated|\n|rule|Sleep Clause Mod: Limit one foe put to sleep\n|rule|Species Clause: Limit one of each Pok\u00e9mon\n|rule|OHKO Clause: OHKO moves are banned\n|rule|Evasion Items Clause: Evasion items are banned\n|rule|Evasion Moves Clause: Evasion moves are banned\n|rule|Endless Battle Clause: Forcing endless battles is banned\n|rule|HP Percentage Mod: HP is shown in percentages\n|clearpoke\n|poke|p1|Shiftry, F|\n|poke|p1|Dragapult, F|\n|poke|p1|Ogerpon-Hearthflame, F|\n|poke|p1|Iron Valiant|\n|poke|p1|Iron Treads|\n|poke|p1|Roaring Moon|\n|poke|p2|Ursaluna-Bloodmoon, M|\n|poke|p2|Great Tusk|\n|poke|p2|Corviknight, F|\n|poke|p2|Dragonite, F|\n|poke|p2|Toxapex, M|\n|poke|p2|Sandy Shocks|\n|teampreview\n|inactive|Battle timer is ON: inactive players will automatically lose when time's up. (requested by do you mind goblin)\n|\n|t:|1695166176\n|start\n|switch|p1a: Ogerpon|Ogerpon-Hearthflame, F|100/100\n|switch|p2a: Sandy Shocks|Sandy Shocks|100/100\n|-ability|p1a: Ogerpon|Mold Breaker\n|-item|p2a: Sandy Shocks|Air Balloon\n|turn|1\n|j| Galacticknight404\n|\n|t:|1695166183\n|-end|p2a: Sandy Shocks|Protosynthesis|[silent]\n|switch|p2a: Toxapex|Toxapex, M|100/100\n|move|p1a: Ogerpon|Trailblaze|p2a: Toxapex\n|-damage|p2a: Toxapex|84/100\n|-boost|p1a: Ogerpon|spe|1\n|\n|-heal|p2a: Toxapex|90/100|[from] item: Leftovers\n|upkeep\n|turn|2\n|\n|t:|1695166201\n|switch|p1a: Iron Treads|Iron Treads|100/100\n|move|p2a: Toxapex|Surf|p1a: Iron Treads\n|-supereffective|p1a: Iron Treads\n|-damage|p1a: Iron Treads|49/100\n|\n|-heal|p1a: Iron Treads|56/100|[from] item: Leftovers\n|-heal|p2a: Toxapex|96/100|[from] item: Leftovers\n|upkeep\n|turn|3\n|\n|t:|1695166208\n|-end|p1a: Iron Treads|Quark Drive|[silent]\n|switch|p1a: Dragapult|Dragapult, F|100/100\n|switch|p2a: Great Tusk|Great Tusk|100/100\n|\n|upkeep\n|turn|4\n|\n|t:|1695166211\n|-end|p2a: Great Tusk|Protosynthesis|[silent]\n|switch|p2a: Corviknight|Corviknight, F|100/100\n|-ability|p2a: Corviknight|Pressure\n|move|p1a: Dragapult|Draco Meteor|p2a: Corviknight\n|-resisted|p2a: Corviknight\n|-damage|p2a: Corviknight|69/100\n|-unboost|p1a: Dragapult|spa|2\n|\n|-heal|p2a: Corviknight|75/100|[from] item: Leftovers\n|upkeep\n|turn|5\n|\n|t:|1695166217\n|switch|p1a: Iron Treads|Iron Treads|56/100\n|move|p2a: Corviknight|Body Press|p1a: Iron Treads\n|-supereffective|p1a: Iron Treads\n|-damage|p1a: Iron Treads|19/100\n|\n|-heal|p1a: Iron Treads|25/100|[from] item: Leftovers\n|-heal|p2a: Corviknight|82/100|[from] item: Leftovers\n|upkeep\n|turn|6\n|\n|t:|1695166222\n|-end|p1a: Iron Treads|Quark Drive|[silent]\n|switch|p1a: Ogerpon|Ogerpon-Hearthflame, F|100/100\n|-ability|p1a: Ogerpon|Mold Breaker\n|switch|p2a: Great Tusk|Great Tusk|100/100\n|\n|upkeep\n|turn|7\n|\n|t:|1695166230\n|switch|p1a: Dragapult|Dragapult, F|100/100\n|-end|p2a: Great Tusk|Protosynthesis|[silent]\n|switch|p2a: Toxapex|Toxapex, M|100/100\n|\n|upkeep\n|turn|8\n|\n|t:|1695166237\n|move|p1a: Dragapult|Thunderbolt|p2a: Toxapex\n|-supereffective|p2a: Toxapex\n|-damage|p2a: Toxapex|33/100\n|move|p2a: Toxapex|Toxic|p1a: Dragapult\n|-status|p1a: Dragapult|tox\n|\n|-heal|p2a: Toxapex|39/100|[from] item: Leftovers\n|-damage|p1a: Dragapult|95/100 tox|[from] psn\n|upkeep\n|turn|9\n|\n|t:|1695166245\n|switch|p1a: Iron Valiant|Iron Valiant|100/100\n|-enditem|p1a: Iron Valiant|Booster Energy\n|-activate|p1a: Iron Valiant|ability: Quark Drive|[fromitem]\n|-start|p1a: Iron Valiant|quarkdrivespe\n|switch|p2a: Sandy Shocks|Sandy Shocks|100/100\n|-item|p2a: Sandy Shocks|Air Balloon\n|\n|upkeep\n|turn|10\n|\n|t:|1695166250\n|move|p1a: Iron Valiant|Moonblast|p2a: Sandy Shocks\n|-damage|p2a: Sandy Shocks|46/100\n|-enditem|p2a: Sandy Shocks|Air Balloon\n|move|p2a: Sandy Shocks|Volt Switch|p1a: Iron Valiant\n|-damage|p1a: Iron Valiant|34/100\n|\n|t:|1695166257\n|-end|p2a: Sandy Shocks|Protosynthesis|[silent]\n|switch|p2a: Corviknight|Corviknight, F|82/100|[from] Volt Switch\n|-ability|p2a: Corviknight|Pressure\n|\n|-heal|p2a: Corviknight|88/100|[from] item: Leftovers\n|upkeep\n|turn|11\n|\n|t:|1695166259\n|-terastallize|p1a: Iron Valiant|Electric\n|move|p1a: Iron Valiant|Thunderbolt|p2a: Corviknight\n|-supereffective|p2a: Corviknight\n|-damage|p2a: Corviknight|22/100\n|move|p2a: Corviknight|Brave Bird|p1a: Iron Valiant\n|-resisted|p1a: Iron Valiant\n|-damage|p1a: Iron Valiant|11/100\n|-damage|p2a: Corviknight|16/100|[from] Recoil\n|\n|-heal|p2a: Corviknight|23/100|[from] item: Leftovers\n|upkeep\n|turn|12\n|\n|t:|1695166283\n|move|p1a: Iron Valiant|Moonblast|p2a: Corviknight\n|-resisted|p2a: Corviknight\n|-damage|p2a: Corviknight|8/100\n|move|p2a: Corviknight|Body Press|p1a: Iron Valiant\n|-damage|p1a: Iron Valiant|0 fnt\n|faint|p1a: Iron Valiant\n|-end|p1a: Iron Valiant|Quark Drive|[silent]\n|\n|-heal|p2a: Corviknight|14/100|[from] item: Leftovers\n|upkeep\n|\n|t:|1695166301\n|switch|p1a: Ogerpon|Ogerpon-Hearthflame, F|100/100\n|-ability|p1a: Ogerpon|Mold Breaker\n|turn|13\n|\n|t:|1695166304\n|move|p1a: Ogerpon|Swords Dance|p1a: Ogerpon\n|-boost|p1a: Ogerpon|atk|2\n|move|p2a: Corviknight|Brave Bird|p1a: Ogerpon\n|-supereffective|p1a: Ogerpon\n|-damage|p1a: Ogerpon|1/100\n|-damage|p2a: Corviknight|0 fnt|[from] Recoil\n|faint|p2a: Corviknight\n|\n|upkeep\n|\n|t:|1695166319\n|switch|p2a: Ursaluna|Ursaluna-Bloodmoon, M|100/100\n|turn|14\n|\n|t:|1695166324\n|switch|p1a: Iron Treads|Iron Treads|25/100\n|move|p2a: Ursaluna|Vacuum Wave|p1a: Iron Treads\n|-supereffective|p1a: Iron Treads\n|-damage|p1a: Iron Treads|0 fnt\n|faint|p1a: Iron Treads\n|-end|p1a: Iron Treads|Quark Drive|[silent]\n|-damage|p2a: Ursaluna|91/100|[from] item: Life Orb\n|\n|upkeep\n|\n|t:|1695166326\n|switch|p1a: Shiftry|Shiftry, F|100/100\n|turn|15\n|\n|t:|1695166334\n|switch|p2a: Sandy Shocks|Sandy Shocks|46/100\n|move|p1a: Shiftry|Explosion|p2a: Sandy Shocks\n|-damage|p2a: Sandy Shocks|0 fnt\n|faint|p1a: Shiftry\n|faint|p2a: Sandy Shocks\n|-end|p2a: Sandy Shocks|Protosynthesis|[silent]\n|\n|upkeep\n|-message|gargachip forfeited.\n|\n|win|do you mind goblin\n|raw|gargachip's rating: 1527 &rarr; <strong>1514</strong><br />(-13 for losing)\n|raw|do you mind goblin's rating: 1656 &rarr; <strong>1669</strong><br />(+13 for winning)\n|l|\u2606gargachip\n|l|\u2606do you mind goblin\n|l| Galacticknight404\n", "uploadtime": 1695166369, "views": 6, "p1id": "gargachip", "p2id": "doyoumindgoblin", "formatid": "gen9ou", "rating": 1514, "private": 0, "password": ""}