{"id": "gen9ou-1947509168", "p1": "ira marxistorum", "p2": "EVE09", "format": "gen9ou", "log": "|j|\u203dira marxistorum\n|j|\u2606EVE09\n|t:|1695167611\n|gametype|singles\n|player|p1|ira marxistorum|plasmagrunt-gen5bw|1217\n|player|p2|EVE09|169|1231\n|teamsize|p1|6\n|teamsize|p2|6\n|gen|9\n|tier|[Gen 9] OU\n|rated|\n|rule|Sleep Clause Mod: Limit one foe put to sleep\n|rule|Species Clause: Limit one of each Pok\u00e9mon\n|rule|OHKO Clause: OHKO moves are banned\n|rule|Evasion Items Clause: Evasion items are banned\n|rule|Evasion Moves Clause: Evasion moves are banned\n|rule|Endless Battle Clause: Forcing endless battles is banned\n|rule|HP Percentage Mod: HP is shown in percentages\n|clearpoke\n|poke|p1|Grimmsnarl, M|\n|poke|p1|Ogerpon-Hearthflame, F|\n|poke|p1|Dragonite, M|\n|poke|p1|Corviknight, M|\n|poke|p1|Enamorus, F|\n|poke|p1|Amoonguss, F|\n|poke|p2|Sandy Shocks|\n|poke|p2|Heatran, F|\n|poke|p2|Orthworm, M|\n|poke|p2|Gholdengo|\n|poke|p2|Gastrodon, F|\n|poke|p2|Weezing-Galar, F|\n|teampreview\n|inactive|Battle timer is ON: inactive players will automatically lose when time's up. (requested by EVE09)\n|\n|t:|1695167621\n|start\n|switch|p1a: Grimmsnarl|Grimmsnarl, M|100/100\n|switch|p2a: Weezing|Weezing-Galar, F|100/100\n|-fieldstart|move: Misty Terrain|[from] ability: Misty Surge|[of] p2a: Weezing\n|turn|1\n|\n|t:|1695167635\n|move|p1a: Grimmsnarl|Taunt|p2a: Weezing\n|-start|p2a: Weezing|move: Taunt\n|move|p2a: Weezing|Strange Steam|p1a: Grimmsnarl\n|-supereffective|p1a: Grimmsnarl\n|-damage|p1a: Grimmsnarl|41/100\n|\n|upkeep\n|turn|2\n|\n|t:|1695167652\n|move|p1a: Grimmsnarl|Light Screen|p1a: Grimmsnarl\n|-sidestart|p1: ira marxistorum|move: Light Screen\n|move|p2a: Weezing|Strange Steam|p1a: Grimmsnarl\n|-supereffective|p1a: Grimmsnarl\n|-damage|p1a: Grimmsnarl|11/100\n|\n|upkeep\n|turn|3\n|\n|t:|1695167670\n|move|p1a: Grimmsnarl|Reflect|p1a: Grimmsnarl\n|-sidestart|p1: ira marxistorum|Reflect\n|move|p2a: Weezing|Flamethrower|p1a: Grimmsnarl\n|-damage|p1a: Grimmsnarl|2/100\n|\n|-end|p2a: Weezing|move: Taunt\n|upkeep\n|turn|4\n|\n|t:|1695167677\n|move|p1a: Grimmsnarl|Parting Shot|p2a: Weezing\n|-unboost|p2a: Weezing|atk|1\n|-unboost|p2a: Weezing|spa|1\n|\n|t:|1695167690\n|switch|p1a: Ogerpon|Ogerpon-Hearthflame, F|100/100|[from] Parting Shot\n|-ability|p1a: Ogerpon|Mold Breaker\n|move|p2a: Weezing|Defog|p1a: Ogerpon\n|-unboost|p1a: Ogerpon|evasion|1\n|-sideend|p1: ira marxistorum|Reflect\n|-sideend|p1: ira marxistorum|move: Light Screen\n|-fieldend|Misty Terrain\n|\n|upkeep\n|turn|5\n|inactive|ira marxistorum has 120 seconds left.\n|inactive|EVE09 has 120 seconds left.\n|\n|t:|1695167723\n|switch|p1a: Corviknight|Corviknight, M|100/100\n|move|p2a: Weezing|Haze|p2a: Weezing\n|-clearallboost\n|\n|upkeep\n|turn|6\n|inactive|EVE09 has 120 seconds left.\n|\n|t:|1695167734\n|switch|p2a: Heatran|Heatran, F|100/100\n|move|p1a: Corviknight|Brave Bird|p2a: Heatran\n|-resisted|p2a: Heatran\n|-damage|p2a: Heatran|86/100\n|-damage|p1a: Corviknight|96/100|[from] Recoil\n|\n|-heal|p2a: Heatran|92/100|[from] item: Leftovers\n|-heal|p1a: Corviknight|100/100|[from] item: Leftovers\n|upkeep\n|turn|7\n|\n|t:|1695167741\n|switch|p1a: Amoonguss|Amoonguss, F|100/100\n|move|p2a: Heatran|Protect||[still]\n|-fail|p2a: Heatran\n|\n|-heal|p2a: Heatran|99/100|[from] item: Leftovers\n|upkeep\n|turn|8\n|\n|t:|1695167748\n|switch|p1a: Grimmsnarl|Grimmsnarl, M|2/100\n|move|p2a: Heatran|Substitute|p2a: Heatran\n|-start|p2a: Heatran|Substitute\n|-damage|p2a: Heatran|74/100\n|\n|-heal|p2a: Heatran|80/100|[from] item: Leftovers\n|upkeep\n|turn|9\n|\n|t:|1695167757\n|move|p1a: Grimmsnarl|Light Screen|p1a: Grimmsnarl\n|-sidestart|p1: ira marxistorum|move: Light Screen\n|move|p2a: Heatran|Earth Power|p1a: Grimmsnarl\n|-damage|p1a: Grimmsnarl|0 fnt\n|faint|p1a: Grimmsnarl\n|\n|-heal|p2a: Heatran|86/100|[from] item: Leftovers\n|upkeep\n|\n|t:|1695167766\n|switch|p1a: Enamorus|Enamorus, F|100/100\n|turn|10\n|\n|t:|1695167770\n|move|p1a: Enamorus|Earth Power|p2a: Heatran\n|-supereffective|p2a: Heatran\n|-end|p2a: Heatran|Substitute\n|move|p2a: Heatran|Magma Storm|p1a: Enamorus\n|-damage|p1a: Enamorus|65/100\n|-activate|p1a: Enamorus|move: Magma Storm|[of] p2a: Heatran\n|\n|-heal|p2a: Heatran|92/100|[from] item: Leftovers\n|-damage|p1a: Enamorus|53/100|[from] move: Magma Storm|[partiallytrapped]\n|upkeep\n|turn|11\n|\n|t:|1695167779\n|move|p2a: Heatran|Protect|p2a: Heatran\n|-singleturn|p2a: Heatran|Protect\n|move|p1a: Enamorus|Earth Power|p2a: Heatran\n|-activate|p2a: Heatran|move: Protect\n|\n|-heal|p2a: Heatran|99/100|[from] item: Leftovers\n|-damage|p1a: Enamorus|40/100|[from] move: Magma Storm|[partiallytrapped]\n|upkeep\n|turn|12\n|\n|t:|1695167788\n|switch|p2a: Orthworm|Orthworm, M|100/100\n|move|p1a: Enamorus|Earth Power|p2a: Orthworm\n|-immune|p2a: Orthworm|[from] ability: Earth Eater\n|\n|-end|p1a: Enamorus|Magma Storm|[partiallytrapped]|[silent]\n|upkeep\n|turn|13\n|\n|t:|1695167800\n|switch|p1a: Dragonite|Dragonite, M|100/100\n|switch|p2a: Gastrodon|Gastrodon, F|100/100\n|\n|upkeep\n|turn|14\n|\n|t:|1695167812\n|switch|p1a: Amoonguss|Amoonguss, F|100/100\n|move|p2a: Gastrodon|Ice Beam|p1a: Amoonguss\n|-supereffective|p1a: Amoonguss\n|-damage|p1a: Amoonguss|87/100\n|-enditem|p1a: Amoonguss|Eject Button\n|\n|t:|1695167817\n|switch|p1a: Ogerpon|Ogerpon-Hearthflame, F|100/100\n|-ability|p1a: Ogerpon|Mold Breaker\n|\n|upkeep\n|turn|15\n|\n|t:|1695167825\n|switch|p2a: Weezing|Weezing-Galar, F|100/100\n|-fieldstart|move: Misty Terrain|[from] ability: Misty Surge|[of] p2a: Weezing\n|move|p1a: Ogerpon|Swords Dance|p1a: Ogerpon\n|-boost|p1a: Ogerpon|atk|2\n|\n|upkeep\n|turn|16\n|\n|t:|1695167833\n|-terastallize|p1a: Ogerpon|Fire\n|detailschange|p1a: Ogerpon|Ogerpon-Hearthflame-Tera, F, tera:Fire\n|-ability|p1a: Ogerpon|Embody Aspect (Hearthflame)|boost\n|-boost|p1a: Ogerpon|atk|1\n|move|p1a: Ogerpon|Trailblaze|p2a: Weezing\n|-resisted|p2a: Weezing\n|-damage|p2a: Weezing|70/100\n|-boost|p1a: Ogerpon|spe|1\n|move|p2a: Weezing|Haze|p2a: Weezing\n|-clearallboost\n|\n|-heal|p2a: Weezing|76/100|[from] item: Leftovers\n|-sideend|p1: ira marxistorum|move: Light Screen\n|upkeep\n|turn|17\n|inactive|ira marxistorum has 120 seconds left.\n|\n|t:|1695167868\n|switch|p1a: Corviknight|Corviknight, M|100/100\n|switch|p2a: Heatran|Heatran, F|99/100\n|\n|-heal|p2a: Heatran|100/100|[from] item: Leftovers\n|upkeep\n|turn|18\n|\n|t:|1695167876\n|move|p2a: Heatran|Substitute|p2a: Heatran\n|-start|p2a: Heatran|Substitute\n|-damage|p2a: Heatran|76/100\n|move|p1a: Corviknight|U-turn|p2a: Heatran\n|-resisted|p2a: Heatran\n|-activate|p2a: Heatran|move: Substitute|[damage]\n|\n|t:|1695167880\n|switch|p1a: Dragonite|Dragonite, M|100/100|[from] U-turn\n|\n|-heal|p2a: Heatran|82/100|[from] item: Leftovers\n|upkeep\n|turn|19\n|\n|t:|1695167888\n|move|p2a: Heatran|Protect|p2a: Heatran\n|-singleturn|p2a: Heatran|Protect\n|move|p1a: Dragonite|Earthquake|p2a: Heatran\n|-activate|p2a: Heatran|move: Protect\n|\n|-heal|p2a: Heatran|88/100|[from] item: Leftovers\n|-fieldend|Misty Terrain\n|upkeep\n|turn|20\n|\n|t:|1695167895\n|move|p1a: Dragonite|Earthquake|p2a: Heatran\n|-supereffective|p2a: Heatran\n|-end|p2a: Heatran|Substitute\n|move|p2a: Heatran|Magma Storm|p1a: Dragonite\n|-resisted|p1a: Dragonite\n|-damage|p1a: Dragonite|89/100\n|-activate|p1a: Dragonite|move: Magma Storm|[of] p2a: Heatran\n|\n|-heal|p2a: Heatran|94/100|[from] item: Leftovers\n|-damage|p1a: Dragonite|77/100|[from] move: Magma Storm|[partiallytrapped]\n|upkeep\n|turn|21\n|\n|t:|1695167910\n|move|p2a: Heatran|Protect|p2a: Heatran\n|-singleturn|p2a: Heatran|Protect\n|move|p1a: Dragonite|Dragon Dance|p1a: Dragonite\n|-boost|p1a: Dragonite|atk|1\n|-boost|p1a: Dragonite|spe|1\n|\n|-heal|p2a: Heatran|100/100|[from] item: Leftovers\n|-damage|p1a: Dragonite|65/100|[from] move: Magma Storm|[partiallytrapped]\n|upkeep\n|turn|22\n|\n|t:|1695167916\n|switch|p2a: Orthworm|Orthworm, M|100/100\n|move|p1a: Dragonite|Earthquake|p2a: Orthworm\n|-immune|p2a: Orthworm|[from] ability: Earth Eater\n|\n|-end|p1a: Dragonite|Magma Storm|[partiallytrapped]|[silent]\n|upkeep\n|turn|23\n|\n|t:|1695167930\n|switch|p2a: Sandy Shocks|Sandy Shocks|100/100\n|move|p1a: Dragonite|Roost|p1a: Dragonite\n|-heal|p1a: Dragonite|100/100\n|-singleturn|p1a: Dragonite|move: Roost\n|\n|upkeep\n|turn|24\n|\n|t:|1695167938\n|-end|p2a: Sandy Shocks|Protosynthesis|[silent]\n|switch|p2a: Orthworm|Orthworm, M|100/100\n|move|p1a: Dragonite|Earthquake|p2a: Orthworm\n|-immune|p2a: Orthworm|[from] ability: Earth Eater\n|\n|upkeep\n|turn|25\n|\n|t:|1695167949\n|move|p1a: Dragonite|Dragon Dance|p1a: Dragonite\n|-boost|p1a: Dragonite|atk|1\n|-boost|p1a: Dragonite|spe|1\n|move|p2a: Orthworm|Body Press|p1a: Dragonite\n|-resisted|p1a: Dragonite\n|-damage|p1a: Dragonite|93/100\n|\n|upkeep\n|turn|26\n|\n|t:|1695167955\n|move|p1a: Dragonite|Extreme Speed|p2a: Orthworm\n|-resisted|p2a: Orthworm\n|-damage|p2a: Orthworm|82/100\n|-damage|p1a: Dragonite|76/100|[from] item: Rocky Helmet|[of] p2a: Orthworm\n|move|p2a: Orthworm|Iron Defense|p2a: Orthworm\n|-boost|p2a: Orthworm|def|2\n|\n|upkeep\n|turn|27\n|\n|t:|1695167963\n|move|p1a: Dragonite|Dragon Dance|p1a: Dragonite\n|-boost|p1a: Dragonite|atk|1\n|-boost|p1a: Dragonite|spe|1\n|move|p2a: Orthworm|Body Press|p1a: Dragonite\n|-resisted|p1a: Dragonite\n|-damage|p1a: Dragonite|45/100\n|\n|upkeep\n|turn|28\n|\n|t:|1695167983\n|switch|p1a: Ogerpon|Ogerpon-Hearthflame-Tera, F, tera:Fire|100/100\n|-ability|p1a: Ogerpon|Embody Aspect (Hearthflame)|boost\n|-boost|p1a: Ogerpon|atk|1\n|move|p2a: Orthworm|Body Press|p1a: Ogerpon\n|-damage|p1a: Ogerpon|16/100\n|\n|upkeep\n|turn|29\n|\n|t:|1695168006\n|switch|p1a: Dragonite|Dragonite, M|45/100\n|switch|p2a: Heatran|Heatran, F|100/100\n|\n|upkeep\n|turn|30\n|\n|t:|1695168018\n|switch|p2a: Orthworm|Orthworm, M|82/100\n|move|p1a: Dragonite|Roost|p1a: Dragonite\n|-heal|p1a: Dragonite|95/100\n|-singleturn|p1a: Dragonite|move: Roost\n|\n|upkeep\n|turn|31\n|\n|t:|1695168028\n|switch|p1a: Amoonguss|Amoonguss, F|100/100\n|move|p2a: Orthworm|Iron Defense|p2a: Orthworm\n|-boost|p2a: Orthworm|def|2\n|\n|upkeep\n|turn|32\n|\n|t:|1695168035\n|switch|p2a: Weezing|Weezing-Galar, F|76/100\n|-fieldstart|move: Misty Terrain|[from] ability: Misty Surge|[of] p2a: Weezing\n|move|p1a: Amoonguss|Spore|p2a: Weezing\n|-activate|p2a: Weezing|move: Misty Terrain\n|\n|-heal|p2a: Weezing|82/100|[from] item: Leftovers\n|upkeep\n|turn|33\n|\n|t:|1695168049\n|move|p2a: Weezing|Flamethrower|p1a: Amoonguss\n|-supereffective|p1a: Amoonguss\n|-damage|p1a: Amoonguss|62/100\n|move|p1a: Amoonguss|Sludge Bomb|p2a: Weezing\n|-damage|p2a: Weezing|44/100\n|\n|-heal|p2a: Weezing|50/100|[from] item: Leftovers\n|upkeep\n|turn|34\n|\n|t:|1695168058\n|switch|p1a: Dragonite|Dragonite, M|95/100\n|move|p2a: Weezing|Flamethrower|p1a: Dragonite\n|-resisted|p1a: Dragonite\n|-damage|p1a: Dragonite|83/100\n|\n|-heal|p2a: Weezing|56/100|[from] item: Leftovers\n|upkeep\n|turn|35\n|\n|t:|1695168072\n|switch|p2a: Orthworm|Orthworm, M|82/100\n|move|p1a: Dragonite|Extreme Speed|p2a: Orthworm\n|-resisted|p2a: Orthworm\n|-damage|p2a: Orthworm|73/100\n|-damage|p1a: Dragonite|67/100|[from] item: Rocky Helmet|[of] p2a: Orthworm\n|\n|upkeep\n|turn|36\n|\n|t:|1695168090\n|switch|p1a: Enamorus|Enamorus, F|40/100\n|switch|p2a: Weezing|Weezing-Galar, F|56/100\n|\n|-heal|p2a: Weezing|62/100|[from] item: Leftovers\n|-fieldend|Misty Terrain\n|upkeep\n|turn|37\n|\n|t:|1695168101\n|switch|p2a: Gastrodon|Gastrodon, F|100/100\n|move|p1a: Enamorus|Moonblast|p2a: Gastrodon\n|-damage|p2a: Gastrodon|66/100\n|\n|upkeep\n|turn|38\n|\n|t:|1695168114\n|switch|p1a: Amoonguss|Amoonguss, F|95/100\n|move|p2a: Gastrodon|Recover|p2a: Gastrodon\n|-heal|p2a: Gastrodon|100/100\n|\n|upkeep\n|turn|39\n|\n|t:|1695168123\n|switch|p2a: Heatran|Heatran, F|100/100\n|move|p1a: Amoonguss|Sludge Bomb|p2a: Heatran\n|-immune|p2a: Heatran\n|\n|upkeep\n|turn|40\n|\n|t:|1695168131\n|switch|p1a: Dragonite|Dragonite, M|67/100\n|move|p2a: Heatran|Substitute|p2a: Heatran\n|-start|p2a: Heatran|Substitute\n|-damage|p2a: Heatran|76/100\n|\n|-heal|p2a: Heatran|82/100|[from] item: Leftovers\n|upkeep\n|turn|41\n|\n|t:|1695168137\n|move|p1a: Dragonite|Earthquake|p2a: Heatran\n|-supereffective|p2a: Heatran\n|-end|p2a: Heatran|Substitute\n|move|p2a: Heatran|Magma Storm|p1a: Dragonite\n|-resisted|p1a: Dragonite\n|-damage|p1a: Dragonite|42/100\n|-activate|p1a: Dragonite|move: Magma Storm|[of] p2a: Heatran\n|\n|-heal|p2a: Heatran|88/100|[from] item: Leftovers\n|-damage|p1a: Dragonite|30/100|[from] move: Magma Storm|[partiallytrapped]\n|upkeep\n|turn|42\n|\n|t:|1695168152\n|switch|p2a: Orthworm|Orthworm, M|73/100\n|move|p1a: Dragonite|Roost|p1a: Dragonite\n|-heal|p1a: Dragonite|80/100\n|-singleturn|p1a: Dragonite|move: Roost\n|\n|-end|p1a: Dragonite|Magma Storm|[partiallytrapped]|[silent]\n|upkeep\n|turn|43\n|\n|t:|1695168171\n|switch|p1a: Ogerpon|Ogerpon-Hearthflame-Tera, F, tera:Fire|16/100\n|-ability|p1a: Ogerpon|Embody Aspect (Hearthflame)|boost\n|-boost|p1a: Ogerpon|atk|1\n|move|p2a: Orthworm|Body Press|p1a: Ogerpon\n|-damage|p1a: Ogerpon|0 fnt\n|faint|p1a: Ogerpon\n|\n|upkeep\n|\n|t:|1695168179\n|switch|p1a: Enamorus|Enamorus, F|40/100\n|turn|44\n|\n|t:|1695168189\n|switch|p2a: Gastrodon|Gastrodon, F|100/100\n|move|p1a: Enamorus|Mystical Fire|p2a: Gastrodon\n|-resisted|p2a: Gastrodon\n|-damage|p2a: Gastrodon|91/100\n|-unboost|p2a: Gastrodon|spa|1\n|\n|upkeep\n|turn|45\n|\n|t:|1695168203\n|switch|p1a: Amoonguss|Amoonguss, F|100/100\n|move|p2a: Gastrodon|Ice Beam|p1a: Amoonguss\n|-supereffective|p1a: Amoonguss\n|-damage|p1a: Amoonguss|83/100\n|\n|upkeep\n|turn|46\n|\n|t:|1695168210\n|switch|p2a: Weezing|Weezing-Galar, F|62/100\n|-fieldstart|move: Misty Terrain|[from] ability: Misty Surge|[of] p2a: Weezing\n|move|p1a: Amoonguss|Spore|p2a: Weezing\n|-activate|p2a: Weezing|move: Misty Terrain\n|\n|-heal|p2a: Weezing|68/100|[from] item: Leftovers\n|upkeep\n|turn|47\n|\n|t:|1695168220\n|switch|p2a: Heatran|Heatran, F|88/100\n|switch|p1a: Dragonite|Dragonite, M|80/100\n|\n|-heal|p2a: Heatran|94/100|[from] item: Leftovers\n|upkeep\n|turn|48\n|\n|t:|1695168232\n|switch|p1a: Amoonguss|Amoonguss, F|100/100\n|switch|p2a: Orthworm|Orthworm, M|73/100\n|\n|upkeep\n|turn|49\n|\n|t:|1695168238\n|move|p2a: Orthworm|Iron Defense|p2a: Orthworm\n|-boost|p2a: Orthworm|def|2\n|move|p1a: Amoonguss|Sludge Bomb|p2a: Orthworm\n|-immune|p2a: Orthworm\n|\n|upkeep\n|turn|50\n|-message|ira marxistorum forfeited.\n|\n|win|EVE09\n|raw|ira marxistorum's rating: 1217 &rarr; <strong>1193</strong><br />(-24 for losing)\n|raw|EVE09's rating: 1231 &rarr; <strong>1255</strong><br />(+24 for winning)\n", "uploadtime": 1695168252, "views": 1, "p1id": "iramarxistorum", "p2id": "eve09", "formatid": "gen9ou", "rating": 1193, "private": 0, "password": ""}