{"id": "gen9ou-1947556225", "p1": "The ShimonMaster", "p2": "hotdogbathwater", "format": "gen9ou", "log": "|j|\u2606The ShimonMaster\n|j|\u2606hotdogbathwater\n|t:|1695172214\n|gametype|singles\n|player|p1|The ShimonMaster|aaron|1118\n|player|p2|hotdogbathwater|flannery|1158\n|teamsize|p1|6\n|teamsize|p2|6\n|gen|9\n|tier|[Gen 9] OU\n|rated|\n|rule|Sleep Clause Mod: Limit one foe put to sleep\n|rule|Species Clause: Limit one of each Pok\u00e9mon\n|rule|OHKO Clause: OHKO moves are banned\n|rule|Evasion Items Clause: Evasion items are banned\n|rule|Evasion Moves Clause: Evasion moves are banned\n|rule|Endless Battle Clause: Forcing endless battles is banned\n|rule|HP Percentage Mod: HP is shown in percentages\n|clearpoke\n|poke|p1|Okidogi, M|\n|poke|p1|Ursaluna-Bloodmoon, M|\n|poke|p1|Corviknight, F|\n|poke|p1|Ogerpon-Hearthflame, F|\n|poke|p1|Dondozo, M|\n|poke|p1|Dragapult, M|\n|poke|p2|Rillaboom, M|\n|poke|p2|Crawdaunt, F|\n|poke|p2|Clefable, F|\n|poke|p2|Mamoswine, M|\n|poke|p2|Mandibuzz, F|\n|poke|p2|Chandelure, M|\n|teampreview\n|inactive|Battle timer is ON: inactive players will automatically lose when time's up. (requested by hotdogbathwater)\n|\n|t:|1695172230\n|start\n|switch|p1a: Okidogi|Okidogi, M|100/100\n|switch|p2a: Mamoswine|Mamoswine, M|100/100\n|turn|1\n|\n|t:|1695172242\n|move|p1a: Okidogi|Close Combat|p2a: Mamoswine\n|-supereffective|p2a: Mamoswine\n|-damage|p2a: Mamoswine|0 fnt\n|-unboost|p1a: Okidogi|def|1\n|-unboost|p1a: Okidogi|spd|1\n|faint|p2a: Mamoswine\n|\n|upkeep\n|\n|t:|1695172251\n|switch|p2a: Chandelure|Chandelure, M|100/100\n|turn|2\n|\n|t:|1695172264\n|switch|p1a: Dondozo|Dondozo, M|100/100\n|move|p2a: Chandelure|Overheat|p1a: Dondozo\n|-resisted|p1a: Dondozo\n|-damage|p1a: Dondozo|79/100\n|-unboost|p2a: Chandelure|spa|2\n|\n|-heal|p1a: Dondozo|85/100|[from] item: Leftovers\n|upkeep\n|turn|3\n|\n|t:|1695172276\n|switch|p2a: Clefable|Clefable, F|100/100\n|move|p1a: Dondozo|Curse|p1a: Dondozo\n|-unboost|p1a: Dondozo|spe|1\n|-boost|p1a: Dondozo|atk|1\n|-boost|p1a: Dondozo|def|1\n|\n|-heal|p1a: Dondozo|91/100|[from] item: Leftovers\n|upkeep\n|turn|4\n|\n|t:|1695172284\n|move|p2a: Clefable|Calm Mind|p2a: Clefable\n|-boost|p2a: Clefable|spa|1\n|-boost|p2a: Clefable|spd|1\n|move|p1a: Dondozo|Liquidation|p2a: Clefable\n|-damage|p2a: Clefable|75/100\n|\n|-heal|p1a: Dondozo|97/100|[from] item: Leftovers\n|upkeep\n|turn|5\n|\n|t:|1695172305\n|move|p2a: Clefable|Moonblast|p1a: Dondozo\n|-damage|p1a: Dondozo|78/100\n|move|p1a: Dondozo|Curse|p1a: Dondozo\n|-unboost|p1a: Dondozo|spe|1\n|-boost|p1a: Dondozo|atk|1\n|-boost|p1a: Dondozo|def|1\n|\n|-heal|p1a: Dondozo|84/100|[from] item: Leftovers\n|upkeep\n|turn|6\n|inactive|The ShimonMaster has 120 seconds left.\n|\n|t:|1695172332\n|move|p2a: Clefable|Moonblast|p1a: Dondozo\n|-damage|p1a: Dondozo|65/100\n|move|p1a: Dondozo|Liquidation|p2a: Clefable\n|-crit|p2a: Clefable\n|-damage|p2a: Clefable|40/100\n|-unboost|p2a: Clefable|def|1\n|\n|-heal|p1a: Dondozo|71/100|[from] item: Leftovers\n|upkeep\n|turn|7\n|inactive|The ShimonMaster has 120 seconds left.\n|\n|t:|1695172344\n|move|p2a: Clefable|Moonlight|p2a: Clefable\n|-heal|p2a: Clefable|90/100\n|move|p1a: Dondozo|Liquidation|p2a: Clefable\n|-damage|p2a: Clefable|67/100\n|\n|-heal|p1a: Dondozo|77/100|[from] item: Leftovers\n|upkeep\n|turn|8\n|inactive|The ShimonMaster has 120 seconds left.\n|\n|t:|1695172362\n|switch|p2a: Mandibuzz|Mandibuzz, F|100/100\n|move|p1a: Dondozo|Liquidation|p2a: Mandibuzz\n|-damage|p2a: Mandibuzz|56/100\n|\n|-heal|p1a: Dondozo|83/100|[from] item: Leftovers\n|upkeep\n|turn|9\n|\n|t:|1695172369\n|move|p2a: Mandibuzz|Knock Off|p1a: Dondozo\n|-damage|p1a: Dondozo|75/100\n|-enditem|p1a: Dondozo|Leftovers|[from] move: Knock Off|[of] p2a: Mandibuzz\n|move|p1a: Dondozo|Liquidation|p2a: Mandibuzz\n|-crit|p2a: Mandibuzz\n|-damage|p2a: Mandibuzz|0 fnt\n|faint|p2a: Mandibuzz\n|\n|upkeep\n|\n|t:|1695172378\n|switch|p2a: Chandelure|Chandelure, M|100/100\n|turn|10\n|\n|t:|1695172381\n|move|p2a: Chandelure|Trick|p1a: Dondozo\n|-activate|p2a: Chandelure|move: Trick|[of] p1a: Dondozo\n|-item|p1a: Dondozo|Choice Scarf|[from] move: Trick\n|-enditem|p2a: Chandelure|Choice Scarf|[silent]|[from] move: Trick\n|move|p1a: Dondozo|Liquidation|p2a: Chandelure\n|-supereffective|p2a: Chandelure\n|-damage|p2a: Chandelure|0 fnt\n|faint|p2a: Chandelure\n|\n|upkeep\n|\n|t:|1695172384\n|switch|p2a: Rillaboom|Rillaboom, M|100/100\n|-fieldstart|move: Grassy Terrain|[from] ability: Grassy Surge|[of] p2a: Rillaboom\n|-enditem|p2a: Rillaboom|Grassy Seed\n|-boost|p2a: Rillaboom|def|1|[from] item: Grassy Seed\n|turn|11\n|\n|t:|1695172391\n|move|p2a: Rillaboom|Swords Dance|p2a: Rillaboom\n|-boost|p2a: Rillaboom|atk|2\n|move|p1a: Dondozo|Liquidation|p2a: Rillaboom\n|-resisted|p2a: Rillaboom\n|-damage|p2a: Rillaboom|69/100\n|\n|-heal|p2a: Rillaboom|75/100|[from] Grassy Terrain\n|-heal|p1a: Dondozo|82/100|[from] Grassy Terrain\n|upkeep\n|turn|12\n|\n|t:|1695172404\n|-terastallize|p2a: Rillaboom|Grass\n|move|p2a: Rillaboom|Grassy Glide|p1a: Dondozo\n|-supereffective|p1a: Dondozo\n|-damage|p1a: Dondozo|48/100\n|move|p1a: Dondozo|Liquidation|p2a: Rillaboom\n|-resisted|p2a: Rillaboom\n|-damage|p2a: Rillaboom|42/100\n|\n|-heal|p2a: Rillaboom|48/100|[from] Grassy Terrain\n|-heal|p1a: Dondozo|54/100|[from] Grassy Terrain\n|upkeep\n|turn|13\n|\n|t:|1695172414\n|move|p2a: Rillaboom|Grassy Glide|p1a: Dondozo\n|-supereffective|p1a: Dondozo\n|-damage|p1a: Dondozo|18/100\n|move|p1a: Dondozo|Liquidation|p2a: Rillaboom\n|-resisted|p2a: Rillaboom\n|-damage|p2a: Rillaboom|18/100\n|\n|-heal|p2a: Rillaboom|25/100|[from] Grassy Terrain\n|-heal|p1a: Dondozo|24/100|[from] Grassy Terrain\n|upkeep\n|turn|14\n|\n|t:|1695172424\n|move|p2a: Rillaboom|Grassy Glide|p1a: Dondozo\n|-supereffective|p1a: Dondozo\n|-damage|p1a: Dondozo|0 fnt\n|faint|p1a: Dondozo\n|\n|-heal|p2a: Rillaboom|31/100|[from] Grassy Terrain\n|upkeep\n|\n|t:|1695172430\n|switch|p1a: Corviknight|Corviknight, F|100/100\n|-ability|p1a: Corviknight|Pressure\n|turn|15\n|\n|t:|1695172435\n|move|p2a: Rillaboom|Drain Punch|p1a: Corviknight\n|-damage|p1a: Corviknight|65/100\n|-heal|p2a: Rillaboom|52/100|[from] drain|[of] p1a: Corviknight\n|move|p1a: Corviknight|Brave Bird|p2a: Rillaboom\n|-supereffective|p2a: Rillaboom\n|-damage|p2a: Rillaboom|0 fnt\n|faint|p2a: Rillaboom\n|-damage|p1a: Corviknight|51/100|[from] Recoil\n|\n|-heal|p1a: Corviknight|57/100|[from] item: Leftovers\n|-fieldend|move: Grassy Terrain\n|upkeep\n|\n|t:|1695172441\n|switch|p2a: Clefable|Clefable, F|67/100\n|turn|16\n|\n|t:|1695172455\n|move|p1a: Corviknight|U-turn|p2a: Clefable\n|-resisted|p2a: Clefable\n|-damage|p2a: Clefable|61/100\n|\n|t:|1695172459\n|switch|p1a: Ursaluna|Ursaluna-Bloodmoon, M|100/100|[from] U-turn\n|move|p2a: Clefable|Moonlight|p2a: Clefable\n|-heal|p2a: Clefable|100/100\n|\n|upkeep\n|turn|17\n|\n|t:|1695172465\n|move|p2a: Clefable|Moonblast|p1a: Ursaluna\n|-damage|p1a: Ursaluna|64/100\n|move|p1a: Ursaluna|Blood Moon|p2a: Clefable\n|-damage|p2a: Clefable|11/100\n|-damage|p1a: Ursaluna|54/100|[from] item: Life Orb\n|\n|upkeep\n|turn|18\n|\n|t:|1695172474\n|move|p2a: Clefable|Moonblast|p1a: Ursaluna\n|-damage|p1a: Ursaluna|18/100\n|move|p1a: Ursaluna|Earth Power|p2a: Clefable\n|-damage|p2a: Clefable|0 fnt\n|faint|p2a: Clefable\n|-damage|p1a: Ursaluna|8/100|[from] item: Life Orb\n|\n|upkeep\n|\n|t:|1695172476\n|switch|p2a: Crawdaunt|Crawdaunt, F|100/100\n|turn|19\n|\n|t:|1695172483\n|move|p2a: Crawdaunt|Aqua Jet|p1a: Ursaluna\n|-supereffective|p1a: Ursaluna\n|-damage|p1a: Ursaluna|0 fnt\n|faint|p1a: Ursaluna\n|\n|upkeep\n|-message|hotdogbathwater forfeited.\n|\n|win|The ShimonMaster\n|raw|The ShimonMaster's rating: 1118 &rarr; <strong>1146</strong><br />(+28 for winning)\n|raw|hotdogbathwater's rating: 1158 &rarr; <strong>1130</strong><br />(-28 for losing)\n", "uploadtime": 1695172522, "views": 7, "p1id": "theshimonmaster", "p2id": "hotdogbathwater", "formatid": "gen9ou", "rating": 1130, "private": 0, "password": ""}