{"id": "gen9ou-1947537971", "p1": "FilthyTryhardScum", "p2": "jragonman", "format": "gen9ou", "log": "|j|\u2606FilthyTryhardScum\n|j|\u2606jragonman\n|t:|1695170461\n|gametype|singles\n|player|p1|FilthyTryhardScum|swimmer-gen4dp|1484\n|player|p2|jragonman|lucas|1517\n|teamsize|p1|6\n|teamsize|p2|6\n|gen|9\n|tier|[Gen 9] OU\n|rated|\n|rule|Sleep Clause Mod: Limit one foe put to sleep\n|rule|Species Clause: Limit one of each Pok\u00e9mon\n|rule|OHKO Clause: OHKO moves are banned\n|rule|Evasion Items Clause: Evasion items are banned\n|rule|Evasion Moves Clause: Evasion moves are banned\n|rule|Endless Battle Clause: Forcing endless battles is banned\n|rule|HP Percentage Mod: HP is shown in percentages\n|clearpoke\n|poke|p1|Torkoal, F|\n|poke|p1|Ogerpon-Hearthflame, F|\n|poke|p1|Roaring Moon|\n|poke|p1|Walking Wake|\n|poke|p1|Hatterene, F|\n|poke|p1|Great Tusk|\n|poke|p2|Ursaluna-Bloodmoon, M|\n|poke|p2|Kingambit, M|\n|poke|p2|Iron Valiant|\n|poke|p2|Ogerpon-Hearthflame, F|\n|poke|p2|Ninetales-Alola, F|\n|poke|p2|Mandibuzz, F|\n|teampreview\n|inactive|Battle timer is ON: inactive players will automatically lose when time's up. (requested by FilthyTryhardScum)\n|c|\u2606FilthyTryhardScum|gl hf\n|c|\u2606jragonman|u2\n|\n|t:|1695170480\n|start\n|switch|p1a: Walking Wake|Walking Wake|100/100\n|switch|p2a: Ursaluna|Ursaluna-Bloodmoon, M|100/100\n|turn|1\n|\n|t:|1695170496\n|switch|p2a: Mandibuzz|Mandibuzz, F|100/100\n|move|p1a: Walking Wake|Flip Turn|p2a: Mandibuzz\n|-damage|p2a: Mandibuzz|89/100\n|\n|t:|1695170518\n|-end|p1a: Walking Wake|Protosynthesis|[silent]\n|switch|p1a: Great Tusk|Great Tusk|100/100|[from] Flip Turn\n|\n|upkeep\n|turn|2\n|\n|t:|1695170527\n|switch|p2a: Ninetales|Ninetales-Alola, F|100/100\n|-weather|Snow|[from] ability: Snow Warning|[of] p2a: Ninetales\n|move|p1a: Great Tusk|Bulk Up|p1a: Great Tusk\n|-boost|p1a: Great Tusk|atk|1\n|-boost|p1a: Great Tusk|def|1\n|\n|-weather|Snow|[upkeep]\n|upkeep\n|turn|3\n|\n|t:|1695170534\n|-end|p1a: Great Tusk|Protosynthesis|[silent]\n|switch|p1a: Torkoal|Torkoal, F|100/100\n|-weather|SunnyDay|[from] ability: Drought|[of] p1a: Torkoal\n|move|p2a: Ninetales|Encore||[still]\n|-fail|p2a: Ninetales\n|\n|-weather|SunnyDay|[upkeep]\n|upkeep\n|turn|4\n|\n|t:|1695170544\n|switch|p2a: Ursaluna|Ursaluna-Bloodmoon, M|100/100\n|move|p1a: Torkoal|Stealth Rock|p2a: Ursaluna\n|-sidestart|p2: jragonman|move: Stealth Rock\n|\n|-weather|SunnyDay|[upkeep]\n|upkeep\n|turn|5\n|\n|t:|1695170549\n|switch|p1a: Hatterene|Hatterene, F|100/100\n|move|p2a: Ursaluna|Blood Moon|p1a: Hatterene\n|-damage|p1a: Hatterene|19/100\n|-enditem|p1a: Hatterene|Eject Button\n|\n|t:|1695170555\n|switch|p1a: Walking Wake|Walking Wake|100/100\n|-activate|p1a: Walking Wake|ability: Protosynthesis\n|-start|p1a: Walking Wake|protosynthesisspa\n|\n|-weather|SunnyDay|[upkeep]\n|upkeep\n|turn|6\n|inactive|jragonman has 120 seconds left.\n|\n|t:|1695170597\n|switch|p2a: Mandibuzz|Mandibuzz, F|89/100\n|move|p1a: Walking Wake|Hydro Steam|p2a: Mandibuzz\n|-damage|p2a: Mandibuzz|11/100\n|\n|-weather|SunnyDay|[upkeep]\n|upkeep\n|turn|7\n|\n|t:|1695170603\n|move|p1a: Walking Wake|Hydro Steam|p2a: Mandibuzz\n|-damage|p2a: Mandibuzz|0 fnt\n|faint|p2a: Mandibuzz\n|\n|-weather|SunnyDay|[upkeep]\n|upkeep\n|\n|t:|1695170608\n|switch|p2a: Ninetales|Ninetales-Alola, F|100/100\n|-damage|p2a: Ninetales|76/100|[from] Stealth Rock\n|-weather|Snow|[from] ability: Snow Warning|[of] p2a: Ninetales\n|-end|p1a: Walking Wake|Protosynthesis\n|turn|8\n|\n|t:|1695170618\n|-end|p1a: Walking Wake|Protosynthesis|[silent]\n|switch|p1a: Torkoal|Torkoal, F|100/100\n|-weather|SunnyDay|[from] ability: Drought|[of] p1a: Torkoal\n|move|p2a: Ninetales|Freeze-Dry|p1a: Torkoal\n|-resisted|p1a: Torkoal\n|-damage|p1a: Torkoal|89/100\n|\n|-weather|SunnyDay|[upkeep]\n|upkeep\n|turn|9\n|inactive|jragonman has 120 seconds left.\n|\n|t:|1695170634\n|switch|p2a: Ursaluna|Ursaluna-Bloodmoon, M|100/100\n|-damage|p2a: Ursaluna|94/100|[from] Stealth Rock\n|move|p1a: Torkoal|Lava Plume|p2a: Ursaluna\n|-damage|p2a: Ursaluna|52/100\n|\n|-weather|SunnyDay|[upkeep]\n|-heal|p2a: Ursaluna|58/100|[from] item: Leftovers\n|upkeep\n|turn|10\n|\n|t:|1695170642\n|switch|p1a: Hatterene|Hatterene, F|19/100\n|move|p2a: Ursaluna|Calm Mind|p2a: Ursaluna\n|-boost|p2a: Ursaluna|spa|1\n|-boost|p2a: Ursaluna|spd|1\n|\n|-weather|SunnyDay|[upkeep]\n|-heal|p2a: Ursaluna|64/100|[from] item: Leftovers\n|upkeep\n|turn|11\n|\n|t:|1695170646\n|move|p2a: Ursaluna|Earth Power|p1a: Hatterene\n|-damage|p1a: Hatterene|0 fnt\n|faint|p1a: Hatterene\n|\n|-weather|SunnyDay|[upkeep]\n|-heal|p2a: Ursaluna|70/100|[from] item: Leftovers\n|upkeep\n|\n|t:|1695170649\n|switch|p1a: Walking Wake|Walking Wake|100/100\n|-activate|p1a: Walking Wake|ability: Protosynthesis\n|-start|p1a: Walking Wake|protosynthesisspa\n|turn|12\n|\n|t:|1695170665\n|-terastallize|p2a: Ursaluna|Fighting\n|move|p1a: Walking Wake|Hydro Steam|p2a: Ursaluna\n|-damage|p2a: Ursaluna|0 fnt\n|faint|p2a: Ursaluna\n|\n|-weather|SunnyDay|[upkeep]\n|upkeep\n|\n|t:|1695170676\n|switch|p2a: Ninetales|Ninetales-Alola, F|76/100\n|-damage|p2a: Ninetales|51/100|[from] Stealth Rock\n|-weather|Snow|[from] ability: Snow Warning|[of] p2a: Ninetales\n|-end|p1a: Walking Wake|Protosynthesis\n|turn|13\n|-message|jragonman forfeited.\n|\n|win|FilthyTryhardScum\n|raw|FilthyTryhardScum's rating: 1484 &rarr; <strong>1506</strong><br />(+22 for winning)\n|raw|jragonman's rating: 1517 &rarr; <strong>1495</strong><br />(-22 for losing)\n|l|\u2606jragonman\n|c|\u2606FilthyTryhardScum|gg\n|l|\u2606FilthyTryhardScum\n|j|\u2606FilthyTryhardScum\n|player|p1|FilthyTryhardScum|swimmer-gen4dp\n", "uploadtime": 1695170789, "views": 1, "p1id": "filthytryhardscum", "p2id": "jragonman", "formatid": "gen9ou", "rating": 1495, "private": 0, "password": ""}