{"id": "gen9ou-1947488845", "p1": "EVE09", "p2": "HiggsBoson42", "format": "gen9ou", "log": "|j|\u2606EVE09\n|j|\u2606HiggsBoson42\n|t:|1695165594\n|gametype|singles\n|player|p1|EVE09|169|1145\n|player|p2|HiggsBoson42|skierf|1122\n|teamsize|p1|6\n|teamsize|p2|6\n|gen|9\n|tier|[Gen 9] OU\n|rated|\n|rule|Sleep Clause Mod: Limit one foe put to sleep\n|rule|Species Clause: Limit one of each Pok\u00e9mon\n|rule|OHKO Clause: OHKO moves are banned\n|rule|Evasion Items Clause: Evasion items are banned\n|rule|Evasion Moves Clause: Evasion moves are banned\n|rule|Endless Battle Clause: Forcing endless battles is banned\n|rule|HP Percentage Mod: HP is shown in percentages\n|clearpoke\n|poke|p1|Hatterene, F|\n|poke|p1|Cresselia, F|\n|poke|p1|Ursaluna, F|\n|poke|p1|Torkoal, M|\n|poke|p1|Camerupt, F|\n|poke|p1|Dusclops, F|\n|poke|p2|Moltres|\n|poke|p2|Dragapult, F|\n|poke|p2|Fezandipiti, M|\n|poke|p2|Dondozo, M|\n|poke|p2|Blissey, F|\n|poke|p2|Tornadus-Therian, M|\n|teampreview\n|inactive|Battle timer is ON: inactive players will automatically lose when time's up. (requested by EVE09)\n|inactive|EVE09 has 120 seconds left.\n|inactive|EVE09 has 90 seconds left.\n|\n|t:|1695165662\n|start\n|switch|p1a: Hatterene|Hatterene, F|100/100\n|switch|p2a: Tornadus|Tornadus-Therian, M|100/100\n|turn|1\n|\n|t:|1695165675\n|move|p2a: Tornadus|Knock Off|p1a: Hatterene\n|-damage|p1a: Hatterene|79/100\n|-enditem|p1a: Hatterene|Focus Sash|[from] move: Knock Off|[of] p2a: Tornadus\n|move|p1a: Hatterene|Trick Room|p1a: Hatterene\n|-fieldstart|move: Trick Room|[of] p1a: Hatterene\n|\n|upkeep\n|turn|2\n|\n|t:|1695165684\n|move|p1a: Hatterene|Psychic|p2a: Tornadus\n|-damage|p2a: Tornadus|43/100\n|move|p2a: Tornadus|U-turn|p1a: Hatterene\n|-damage|p1a: Hatterene|64/100\n|\n|t:|1695165694\n|switch|p2a: Blissey|Blissey, F|100/100|[from] U-turn\n|\n|upkeep\n|turn|3\n|\n|t:|1695165700\n|switch|p1a: Ursaluna|Ursaluna, F|100/100\n|move|p2a: Blissey|Shadow Ball|p1a: Ursaluna\n|-immune|p1a: Ursaluna\n|\n|-status|p1a: Ursaluna|brn|[from] item: Flame Orb\n|upkeep\n|turn|4\n|\n|t:|1695165711\n|switch|p2a: Moltres|Moltres|100/100\n|move|p1a: Ursaluna|Bulk Up|p1a: Ursaluna\n|-boost|p1a: Ursaluna|atk|1\n|-boost|p1a: Ursaluna|def|1\n|\n|-damage|p1a: Ursaluna|94/100 brn|[from] brn\n|upkeep\n|turn|5\n|\n|t:|1695165719\n|-terastallize|p1a: Ursaluna|Electric\n|move|p1a: Ursaluna|Thunder Punch|p2a: Moltres\n|-supereffective|p2a: Moltres\n|-damage|p2a: Moltres|0 fnt\n|faint|p2a: Moltres\n|\n|-damage|p1a: Ursaluna|88/100 brn|[from] brn\n|-fieldend|move: Trick Room\n|upkeep\n|\n|t:|1695165732\n|switch|p2a: Dragapult|Dragapult, F|100/100\n|turn|6\n|\n|t:|1695165742\n|move|p2a: Dragapult|Draco Meteor|p1a: Ursaluna\n|-damage|p1a: Ursaluna|13/100 brn\n|-unboost|p2a: Dragapult|spa|2\n|move|p1a: Ursaluna|Earthquake|p2a: Dragapult\n|-damage|p2a: Dragapult|0 fnt\n|faint|p2a: Dragapult\n|\n|-damage|p1a: Ursaluna|7/100 brn|[from] brn\n|upkeep\n|\n|t:|1695165754\n|switch|p2a: Tornadus|Tornadus-Therian, M|76/100\n|turn|7\n|\n|t:|1695165762\n|switch|p1a: Hatterene|Hatterene, F|64/100\n|move|p2a: Tornadus|Knock Off|p1a: Hatterene\n|-damage|p1a: Hatterene|50/100\n|\n|upkeep\n|turn|8\n|\n|t:|1695165771\n|move|p2a: Tornadus|Bleakwind Storm|p1a: Hatterene|[miss]\n|-miss|p2a: Tornadus|p1a: Hatterene\n|move|p1a: Hatterene|Trick Room|p1a: Hatterene\n|-fieldstart|move: Trick Room|[of] p1a: Hatterene\n|\n|upkeep\n|turn|9\n|\n|t:|1695165778\n|switch|p1a: Torkoal|Torkoal, M|100/100\n|-weather|SunnyDay|[from] ability: Drought|[of] p1a: Torkoal\n|switch|p2a: Blissey|Blissey, F|100/100\n|\n|-weather|SunnyDay|[upkeep]\n|upkeep\n|turn|10\n|\n|t:|1695165796\n|move|p1a: Torkoal|Overheat|p2a: Blissey|[miss]\n|-miss|p1a: Torkoal|p2a: Blissey\n|move|p2a: Blissey|Ice Beam|p1a: Torkoal\n|-resisted|p1a: Torkoal\n|-damage|p1a: Torkoal|86/100\n|\n|-weather|SunnyDay|[upkeep]\n|upkeep\n|turn|11\n|\n|t:|1695165804\n|move|p1a: Torkoal|Overheat|p2a: Blissey\n|-damage|p2a: Blissey|71/100\n|-unboost|p1a: Torkoal|spa|2\n|-enditem|p1a: Torkoal|Eject Pack\n|\n|t:|1695165807\n|switch|p1a: Camerupt|Camerupt, F|100/100\n|move|p2a: Blissey|Calm Mind|p2a: Blissey\n|-boost|p2a: Blissey|spa|1\n|-boost|p2a: Blissey|spd|1\n|\n|-weather|SunnyDay|[upkeep]\n|upkeep\n|turn|12\n|\n|t:|1695165815\n|move|p1a: Camerupt|Yawn|p2a: Blissey\n|-start|p2a: Blissey|move: Yawn|[of] p1a: Camerupt\n|move|p2a: Blissey|Calm Mind|p2a: Blissey\n|-boost|p2a: Blissey|spa|1\n|-boost|p2a: Blissey|spd|1\n|\n|-weather|SunnyDay|[upkeep]\n|-fieldend|move: Trick Room\n|upkeep\n|turn|13\n|\n|t:|1695165825\n|switch|p1a: Dusclops|Dusclops, F|100/100\n|-ability|p1a: Dusclops|Pressure\n|move|p2a: Blissey|Ice Beam|p1a: Dusclops\n|-damage|p1a: Dusclops|77/100\n|\n|-weather|none\n|-end|p2a: Blissey|move: Yawn|[silent]\n|-status|p2a: Blissey|slp\n|upkeep\n|turn|14\n|\n|t:|1695165837\n|-curestatus|p2a: Blissey|slp|[from] ability: Natural Cure\n|switch|p2a: Tornadus|Tornadus-Therian, M|100/100\n|move|p1a: Dusclops|Trick Room|p1a: Dusclops\n|-fieldstart|move: Trick Room|[of] p1a: Dusclops\n|\n|upkeep\n|turn|15\n|\n|t:|1695165844\n|move|p1a: Dusclops|Curse|p2a: Tornadus\n|-start|p2a: Tornadus|Curse|[of] p1a: Dusclops\n|-damage|p1a: Dusclops|27/100\n|move|p2a: Tornadus|Knock Off|p1a: Dusclops\n|-supereffective|p1a: Dusclops\n|-damage|p1a: Dusclops|3/100\n|-enditem|p1a: Dusclops|Eviolite|[from] move: Knock Off|[of] p2a: Tornadus\n|\n|-damage|p2a: Tornadus|76/100|[from] Curse\n|upkeep\n|turn|16\n|\n|t:|1695165854\n|switch|p2a: Fezandipiti|Fezandipiti, M|100/100\n|move|p1a: Dusclops|Pain Split|p2a: Fezandipiti\n|-sethp|p2a: Fezandipiti|51/100|[from] move: Pain Split|[silent]\n|-sethp|p1a: Dusclops|68/100|[from] move: Pain Split\n|\n|upkeep\n|turn|17\n|\n|t:|1695165868\n|switch|p1a: Torkoal|Torkoal, M|86/100\n|-weather|SunnyDay|[from] ability: Drought|[of] p1a: Torkoal\n|move|p2a: Fezandipiti|U-turn|p1a: Torkoal\n|-resisted|p1a: Torkoal\n|-damage|p1a: Torkoal|80/100\n|\n|t:|1695165875\n|switch|p2a: Blissey|Blissey, F|71/100|[from] U-turn\n|\n|-weather|SunnyDay|[upkeep]\n|upkeep\n|turn|18\n|\n|t:|1695165882\n|switch|p1a: Dusclops|Dusclops, F|68/100\n|-ability|p1a: Dusclops|Pressure\n|move|p2a: Blissey|Shadow Ball|p1a: Dusclops\n|-supereffective|p1a: Dusclops\n|-damage|p1a: Dusclops|40/100\n|\n|-weather|SunnyDay|[upkeep]\n|-fieldend|move: Trick Room\n|upkeep\n|turn|19\n|\n|t:|1695165896\n|move|p2a: Blissey|Shadow Ball|p1a: Dusclops\n|-supereffective|p1a: Dusclops\n|-damage|p1a: Dusclops|9/100\n|move|p1a: Dusclops|Trick Room|p1a: Dusclops\n|-fieldstart|move: Trick Room|[of] p1a: Dusclops\n|\n|-weather|SunnyDay|[upkeep]\n|upkeep\n|turn|20\n|inactive|EVE09 has 120 seconds left.\n|\n|t:|1695165950\n|switch|p2a: Fezandipiti|Fezandipiti, M|51/100\n|move|p1a: Dusclops|Pain Split|p2a: Fezandipiti\n|-sethp|p2a: Fezandipiti|29/100|[from] move: Pain Split|[silent]\n|-sethp|p1a: Dusclops|39/100|[from] move: Pain Split\n|\n|-weather|SunnyDay|[upkeep]\n|upkeep\n|turn|21\n|\n|t:|1695165958\n|move|p1a: Dusclops|Poltergeist|p2a: Fezandipiti\n|-activate|p2a: Fezandipiti|move: Poltergeist|Heavy-Duty Boots\n|-damage|p2a: Fezandipiti|7/100\n|move|p2a: Fezandipiti|Toxic|p1a: Dusclops\n|-status|p1a: Dusclops|tox\n|\n|-weather|none\n|-damage|p1a: Dusclops|33/100 tox|[from] psn\n|upkeep\n|turn|22\n|\n|t:|1695165969\n|move|p1a: Dusclops|Curse|p2a: Fezandipiti\n|-start|p2a: Fezandipiti|Curse|[of] p1a: Dusclops\n|-damage|p1a: Dusclops|0 fnt\n|faint|p1a: Dusclops\n|move|p2a: Fezandipiti|Roost|p2a: Fezandipiti\n|-heal|p2a: Fezandipiti|57/100\n|-singleturn|p2a: Fezandipiti|move: Roost\n|\n|-damage|p2a: Fezandipiti|32/100|[from] Curse\n|upkeep\n|\n|t:|1695165983\n|switch|p1a: Camerupt|Camerupt, F|100/100\n|turn|23\n|\n|t:|1695165987\n|switch|p2a: Blissey|Blissey, F|71/100\n|move|p1a: Camerupt|Eruption|p2a: Blissey\n|-damage|p2a: Blissey|36/100\n|\n|-fieldend|move: Trick Room\n|upkeep\n|turn|24\n|\n|t:|1695166000\n|switch|p1a: Hatterene|Hatterene, F|50/100\n|move|p2a: Blissey|Soft-Boiled|p2a: Blissey\n|-heal|p2a: Blissey|86/100\n|\n|upkeep\n|turn|25\n|\n|t:|1695166005\n|move|p2a: Blissey|Shadow Ball|p1a: Hatterene\n|-supereffective|p1a: Hatterene\n|-damage|p1a: Hatterene|8/100\n|-unboost|p1a: Hatterene|spd|1\n|move|p1a: Hatterene|Trick Room|p1a: Hatterene\n|-fieldstart|move: Trick Room|[of] p1a: Hatterene\n|\n|upkeep\n|turn|26\n|inactive|EVE09 has 120 seconds left.\n|\n|t:|1695166013\n|move|p1a: Hatterene|Healing Wish|p1a: Hatterene\n|faint|p1a: Hatterene\n|move|p2a: Blissey|Ice Beam|p1: Hatterene|[notarget]\n|-fail|p2a: Blissey\n|\n|upkeep\n|\n|t:|1695166017\n|switch|p1a: Ursaluna|Ursaluna, F, tera:Electric|7/100 brn\n|-heal|p1a: Ursaluna|100/100|[from] move: Healing Wish\n|turn|27\n|-message|HiggsBoson42 forfeited.\n|\n|win|EVE09\n|raw|EVE09's rating: 1145 &rarr; <strong>1168</strong><br />(+23 for winning)\n|raw|HiggsBoson42's rating: 1122 &rarr; <strong>1099</strong><br />(-23 for losing)\n|l|\u2606HiggsBoson42\n", "uploadtime": 1695166025, "views": 1, "p1id": "eve09", "p2id": "higgsboson42", "formatid": "gen9ou", "rating": 1099, "private": 0, "password": ""}