{"id": "gen9ou-1947564106", "p1": "stooshbag2", "p2": "Tykcd", "format": "gen9ou", "log": "|j|\u2606stooshbag2\n|j|\u2606Tykcd\n|t:|1695172984\n|gametype|singles\n|player|p1|stooshbag2|janitor|1297\n|player|p2|Tykcd|lucas|1321\n|teamsize|p1|6\n|teamsize|p2|6\n|gen|9\n|tier|[Gen 9] OU\n|rated|\n|rule|Sleep Clause Mod: Limit one foe put to sleep\n|rule|Species Clause: Limit one of each Pok\u00e9mon\n|rule|OHKO Clause: OHKO moves are banned\n|rule|Evasion Items Clause: Evasion items are banned\n|rule|Evasion Moves Clause: Evasion moves are banned\n|rule|Endless Battle Clause: Forcing endless battles is banned\n|rule|HP Percentage Mod: HP is shown in percentages\n|clearpoke\n|poke|p1|Samurott-Hisui, M|\n|poke|p1|Iron Valiant|\n|poke|p1|Great Tusk|\n|poke|p1|Gholdengo|\n|poke|p1|Slowking-Galar, M|\n|poke|p1|Ogerpon-Hearthflame, F|\n|poke|p2|Ninetales-Alola, F|\n|poke|p2|Jirachi|\n|poke|p2|Ogerpon-Hearthflame, F|\n|poke|p2|Iron Moth|\n|poke|p2|Iron Valiant|\n|poke|p2|Manaphy|\n|teampreview\n|inactive|Battle timer is ON: inactive players will automatically lose when time's up. (requested by Tykcd)\n|\n|t:|1695173000\n|start\n|switch|p1a: Goldman Sacks|Gholdengo|100/100\n|switch|p2a: Ogerpon|Ogerpon-Hearthflame, F|100/100\n|-ability|p2a: Ogerpon|Mold Breaker\n|turn|1\n|\n|t:|1695173015\n|move|p1a: Goldman Sacks|Shadow Ball|p2a: Ogerpon\n|-damage|p2a: Ogerpon|54/100\n|move|p2a: Ogerpon|Trailblaze|p1a: Goldman Sacks\n|-resisted|p1a: Goldman Sacks\n|-damage|p1a: Goldman Sacks|85/100\n|-boost|p2a: Ogerpon|spe|1\n|\n|upkeep\n|turn|2\n|\n|t:|1695173028\n|switch|p1a: The Button|Samurott-Hisui, M|100/100\n|move|p2a: Ogerpon|Ivy Cudgel|p1a: The Button\n|-resisted|p1a: The Button\n|-crit|p1a: The Button\n|-damage|p1a: The Button|44/100\n|\n|upkeep\n|turn|3\n|inactive|stooshbag2 has 120 seconds left.\n|\n|t:|1695173056\n|-terastallize|p1a: The Button|Fighting\n|move|p2a: Ogerpon|Trailblaze|p1a: The Button\n|-damage|p1a: The Button|4/100\n|-boost|p2a: Ogerpon|spe|1\n|move|p1a: The Button|Aqua Cutter|p2a: Ogerpon\n|-damage|p2a: Ogerpon|0 fnt\n|faint|p2a: Ogerpon\n|\n|upkeep\n|\n|t:|1695173062\n|switch|p2a: Jirachi|Jirachi|100/100\n|turn|4\n|l|\u2606Tykcd\n|inactive|Tykcd disconnected and has a minute to reconnect!\n|player|p2|\n|\n|t:|1695173076\n|move|p2a: Jirachi|U-turn|p1a: The Button\n|-resisted|p1a: The Button\n|-damage|p1a: The Button|0 fnt\n|faint|p1a: The Button\n|j|\u2606Tykcd\n|inactive|Tykcd reconnected and has 150 seconds left.\n|player|p2|Tykcd|lucas\n|\n|t:|1695173083\n|switch|p2a: Ninetales|Ninetales-Alola, F|100/100|[from] U-turn\n|-weather|Snow|[from] ability: Snow Warning|[of] p2a: Ninetales\n|\n|-weather|Snow|[upkeep]\n|upkeep\n|\n|t:|1695173088\n|switch|p1a: Goldman Sacks|Gholdengo|85/100\n|turn|5\n|\n|t:|1695173096\n|switch|p2a: Iron Moth|Iron Moth|100/100\n|-enditem|p2a: Iron Moth|Booster Energy\n|-activate|p2a: Iron Moth|ability: Quark Drive|[fromitem]\n|-start|p2a: Iron Moth|quarkdrivespe\n|move|p1a: Goldman Sacks|Make It Rain|p2a: Iron Moth\n|-resisted|p2a: Iron Moth\n|-damage|p2a: Iron Moth|66/100\n|-unboost|p1a: Goldman Sacks|spa|1\n|\n|-weather|Snow|[upkeep]\n|upkeep\n|turn|6\n|\n|t:|1695173108\n|switch|p1a: Slodog Chillionair|Slowking-Galar, M|100/100\n|move|p2a: Iron Moth|Fiery Dance|p1a: Slodog Chillionair\n|-damage|p1a: Slodog Chillionair|74/100\n|\n|-weather|Snow|[upkeep]\n|-heal|p1a: Slodog Chillionair|80/100|[from] item: Leftovers\n|upkeep\n|turn|7\n|\n|t:|1695173118\n|move|p2a: Iron Moth|Toxic Spikes|p1a: Slodog Chillionair\n|-sidestart|p1: stooshbag2|move: Toxic Spikes\n|move|p1a: Slodog Chillionair|Future Sight|p2a: Iron Moth\n|-start|p1a: Slodog Chillionair|move: Future Sight\n|\n|-weather|Snow|[upkeep]\n|-heal|p1a: Slodog Chillionair|87/100|[from] item: Leftovers\n|upkeep\n|turn|8\n|\n|t:|1695173123\n|-end|p2a: Iron Moth|Quark Drive|[silent]\n|switch|p2a: Ninetales|Ninetales-Alola, F|100/100\n|move|p1a: Slodog Chillionair|Surf|p2a: Ninetales\n|-damage|p2a: Ninetales|78/100\n|\n|-weather|none\n|-heal|p1a: Slodog Chillionair|93/100|[from] item: Leftovers\n|upkeep\n|turn|9\n|\n|t:|1695173130\n|switch|p2a: Jirachi|Jirachi|100/100\n|move|p1a: Slodog Chillionair|Sludge Bomb|p2a: Jirachi\n|-immune|p2a: Jirachi\n|\n|-end|p2a: Jirachi|move: Future Sight\n|-resisted|p2a: Jirachi\n|-damage|p2a: Jirachi|89/100\n|-heal|p1a: Slodog Chillionair|99/100|[from] item: Leftovers\n|upkeep\n|turn|10\n|\n|t:|1695173139\n|switch|p1a: Goldman Sacks|Gholdengo|85/100\n|move|p2a: Jirachi|U-turn|p1a: Goldman Sacks\n|-resisted|p1a: Goldman Sacks\n|-damage|p1a: Goldman Sacks|80/100\n|\n|t:|1695173146\n|switch|p2a: Iron Moth|Iron Moth|66/100|[from] U-turn\n|\n|upkeep\n|turn|11\n|\n|t:|1695173153\n|switch|p1a: Slodog Chillionair|Slowking-Galar, M|100/100\n|-sideend|p1: stooshbag2|move: Toxic Spikes|[of] p1a: Slodog Chillionair\n|move|p2a: Iron Moth|Fiery Dance|p1a: Slodog Chillionair\n|-damage|p1a: Slodog Chillionair|77/100\n|\n|-heal|p1a: Slodog Chillionair|83/100|[from] item: Leftovers\n|upkeep\n|turn|12\n|\n|t:|1695173160\n|move|p2a: Iron Moth|Toxic Spikes|p1a: Slodog Chillionair\n|-sidestart|p1: stooshbag2|move: Toxic Spikes\n|move|p1a: Slodog Chillionair|Surf|p2a: Iron Moth\n|-supereffective|p2a: Iron Moth\n|-damage|p2a: Iron Moth|18/100\n|\n|-heal|p1a: Slodog Chillionair|89/100|[from] item: Leftovers\n|upkeep\n|turn|13\n|\n|t:|1695173167\n|-end|p2a: Iron Moth|Quark Drive|[silent]\n|switch|p2a: Ninetales|Ninetales-Alola, F|78/100\n|-weather|Snow|[from] ability: Snow Warning|[of] p2a: Ninetales\n|move|p1a: Slodog Chillionair|Sludge Bomb|p2a: Ninetales\n|-supereffective|p2a: Ninetales\n|-crit|p2a: Ninetales\n|-damage|p2a: Ninetales|0 fnt\n|faint|p2a: Ninetales\n|\n|-weather|Snow|[upkeep]\n|-heal|p1a: Slodog Chillionair|95/100|[from] item: Leftovers\n|upkeep\n|\n|t:|1695173170\n|switch|p2a: Manaphy|Manaphy|100/100\n|turn|14\n|\n|t:|1695173181\n|move|p2a: Manaphy|Tail Glow|p2a: Manaphy\n|-boost|p2a: Manaphy|spa|3\n|move|p1a: Slodog Chillionair|Future Sight|p2a: Manaphy\n|-start|p1a: Slodog Chillionair|move: Future Sight\n|\n|-weather|Snow|[upkeep]\n|-heal|p1a: Slodog Chillionair|100/100|[from] item: Leftovers\n|upkeep\n|turn|15\n|\n|t:|1695173188\n|move|p2a: Manaphy|Scald|p1a: Slodog Chillionair\n|-damage|p1a: Slodog Chillionair|47/100\n|-status|p1a: Slodog Chillionair|brn\n|move|p1a: Slodog Chillionair|Sludge Bomb|p2a: Manaphy\n|-damage|p2a: Manaphy|65/100\n|\n|-weather|Snow|[upkeep]\n|-heal|p2a: Manaphy|71/100|[from] item: Leftovers\n|-heal|p1a: Slodog Chillionair|53/100 brn|[from] item: Leftovers\n|-damage|p1a: Slodog Chillionair|47/100 brn|[from] brn\n|upkeep\n|turn|16\n|\n|t:|1695173202\n|move|p2a: Manaphy|Scald|p1a: Slodog Chillionair\n|-damage|p1a: Slodog Chillionair|0 fnt\n|faint|p1a: Slodog Chillionair\n|\n|-weather|Snow|[upkeep]\n|-end|p2a: Manaphy|move: Future Sight\n|-damage|p2a: Manaphy|30/100\n|-heal|p2a: Manaphy|36/100|[from] item: Leftovers\n|upkeep\n|\n|t:|1695173210\n|switch|p1a: Goldman Sacks|Gholdengo|80/100\n|turn|17\n|\n|t:|1695173225\n|move|p1a: Goldman Sacks|Shadow Ball|p2a: Manaphy\n|-damage|p2a: Manaphy|0 fnt\n|faint|p2a: Manaphy\n|\n|-weather|none\n|upkeep\n|\n|t:|1695173228\n|switch|p2a: Iron Valiant|Iron Valiant, shiny|100/100\n|-enditem|p2a: Iron Valiant|Booster Energy\n|-activate|p2a: Iron Valiant|ability: Quark Drive|[fromitem]\n|-start|p2a: Iron Valiant|quarkdrivespe\n|turn|18\n|\n|t:|1695173242\n|move|p2a: Iron Valiant|Calm Mind|p2a: Iron Valiant\n|-boost|p2a: Iron Valiant|spa|1\n|-boost|p2a: Iron Valiant|spd|1\n|move|p1a: Goldman Sacks|Shadow Ball|p2a: Iron Valiant\n|-damage|p2a: Iron Valiant|45/100\n|\n|upkeep\n|turn|19\n|\n|t:|1695173250\n|-terastallize|p2a: Iron Valiant|Ghost\n|move|p2a: Iron Valiant|Shadow Ball|p1a: Goldman Sacks\n|-supereffective|p1a: Goldman Sacks\n|-damage|p1a: Goldman Sacks|0 fnt\n|faint|p1a: Goldman Sacks\n|\n|upkeep\n|\n|t:|1695173278\n|switch|p1a: Mr Aizen|Iron Valiant|100/100\n|-status|p1a: Mr Aizen|psn\n|-enditem|p1a: Mr Aizen|Booster Energy\n|-activate|p1a: Mr Aizen|ability: Quark Drive|[fromitem]\n|-start|p1a: Mr Aizen|quarkdrivespe\n|turn|20\n|\n|t:|1695173285\n|move|p1a: Mr Aizen|Shadow Ball|p2a: Iron Valiant\n|-supereffective|p2a: Iron Valiant\n|-damage|p2a: Iron Valiant|0 fnt\n|faint|p2a: Iron Valiant\n|-end|p2a: Iron Valiant|Quark Drive|[silent]\n|\n|-damage|p1a: Mr Aizen|88/100 psn|[from] psn\n|upkeep\n|\n|t:|1695173288\n|switch|p2a: Jirachi|Jirachi|89/100\n|turn|21\n|\n|t:|1695173295\n|move|p1a: Mr Aizen|Shadow Ball|p2a: Jirachi\n|-supereffective|p2a: Jirachi\n|-damage|p2a: Jirachi|35/100\n|-unboost|p2a: Jirachi|spd|1\n|move|p2a: Jirachi|Zen Headbutt|p1a: Mr Aizen\n|-supereffective|p1a: Mr Aizen\n|-damage|p1a: Mr Aizen|0 fnt\n|faint|p1a: Mr Aizen\n|-end|p1a: Mr Aizen|Quark Drive|[silent]\n|\n|upkeep\n|\n|t:|1695173307\n|switch|p1a: Ogerpon|Ogerpon-Hearthflame, F|100/100\n|-status|p1a: Ogerpon|psn\n|-ability|p1a: Ogerpon|Mold Breaker\n|turn|22\n|\n|t:|1695173312\n|move|p2a: Jirachi|Zen Headbutt|p1a: Ogerpon\n|-damage|p1a: Ogerpon|54/100 psn\n|move|p1a: Ogerpon|Ivy Cudgel|p2a: Jirachi\n|-supereffective|p2a: Jirachi\n|-damage|p2a: Jirachi|0 fnt\n|faint|p2a: Jirachi\n|\n|-damage|p1a: Ogerpon|41/100 psn|[from] psn\n|upkeep\n|\n|t:|1695173314\n|switch|p2a: Iron Moth|Iron Moth|18/100\n|turn|23\n|\n|t:|1695173322\n|move|p2a: Iron Moth|Sludge Wave|p1a: Ogerpon\n|-supereffective|p1a: Ogerpon\n|-damage|p1a: Ogerpon|0 fnt\n|faint|p1a: Ogerpon\n|\n|upkeep\n|\n|t:|1695173327\n|switch|p1a: Boss Hog|Great Tusk|100/100\n|-status|p1a: Boss Hog|psn\n|turn|24\n|\n|t:|1695173333\n|move|p2a: Iron Moth|Dazzling Gleam|p1a: Boss Hog\n|-supereffective|p1a: Boss Hog\n|-damage|p1a: Boss Hog|42/100 psn\n|move|p1a: Boss Hog|Headlong Rush|p2a: Iron Moth\n|-supereffective|p2a: Iron Moth\n|-damage|p2a: Iron Moth|0 fnt\n|-unboost|p1a: Boss Hog|def|1\n|-unboost|p1a: Boss Hog|spd|1\n|faint|p2a: Iron Moth\n|-end|p2a: Iron Moth|Quark Drive|[silent]\n|\n|win|stooshbag2\n|raw|stooshbag2's rating: 1297 &rarr; <strong>1324</strong><br />(+27 for winning)\n|raw|Tykcd's rating: 1321 &rarr; <strong>1300</strong><br />(-21 for losing)\n|l|\u2606Tykcd\n|c|\u2606stooshbag2|gg\n", "uploadtime": 1695173361, "views": 3, "p1id": "stooshbag2", "p2id": "tykcd", "formatid": "gen9ou", "rating": 1300, "private": 0, "password": ""}