{"id": "gen9ou-1947545253", "p1": "attliar", "p2": "Oxybox", "format": "gen9ou", "log": "|j|\u2606attliar\n|j|\u2606Oxybox\n|t:|1695171150\n|gametype|singles\n|player|p1|attliar|marlon|1215\n|player|p2|Oxybox|cynthia|1258\n|teamsize|p1|6\n|teamsize|p2|6\n|gen|9\n|tier|[Gen 9] OU\n|rated|\n|rule|Sleep Clause Mod: Limit one foe put to sleep\n|rule|Species Clause: Limit one of each Pok\u00e9mon\n|rule|OHKO Clause: OHKO moves are banned\n|rule|Evasion Items Clause: Evasion items are banned\n|rule|Evasion Moves Clause: Evasion moves are banned\n|rule|Endless Battle Clause: Forcing endless battles is banned\n|rule|HP Percentage Mod: HP is shown in percentages\n|clearpoke\n|poke|p1|Torterra, F|\n|poke|p1|Torkoal, F|\n|poke|p1|Tyranitar, M|\n|poke|p1|Klawf, M|\n|poke|p1|Goodra-Hisui, F|\n|poke|p1|Cinderace, M|\n|poke|p2|Zapdos|\n|poke|p2|Garchomp, F|\n|poke|p2|Ambipom, M|\n|poke|p2|Ninetales-Alola, M|\n|poke|p2|Clodsire, M|\n|poke|p2|Kingambit, M|\n|teampreview\n|\n|t:|1695171158\n|start\n|switch|p1a: Klawf|Klawf, M, shiny|100/100\n|switch|p2a: Mmm monke|Ambipom, M, shiny|100/100\n|turn|1\n|\n|t:|1695171166\n|switch|p1a: Torkoal|Torkoal, F|100/100\n|move|p2a: Mmm monke|Fake Out|p1a: Torkoal\n|-crit|p1a: Torkoal\n|-damage|p1a: Torkoal|76/100\n|-damage|p2a: Mmm monke|84/100|[from] item: Rocky Helmet|[of] p1a: Torkoal\n|\n|upkeep\n|turn|2\n|\n|t:|1695171176\n|switch|p2a: Clodsire|Clodsire, M|100/100\n|move|p1a: Torkoal|Curse|p1a: Torkoal\n|-unboost|p1a: Torkoal|spe|1\n|-boost|p1a: Torkoal|atk|1\n|-boost|p1a: Torkoal|def|1\n|\n|upkeep\n|turn|3\n|\n|t:|1695171184\n|move|p2a: Clodsire|Toxic Spikes|p1a: Torkoal\n|-sidestart|p1: attliar|move: Toxic Spikes\n|move|p1a: Torkoal|Stealth Rock|p2a: Clodsire\n|-sidestart|p2: Oxybox|move: Stealth Rock\n|\n|upkeep\n|turn|4\n|\n|t:|1695171197\n|move|p2a: Clodsire|Haze|p2a: Clodsire\n|-clearallboost\n|move|p1a: Torkoal|Body Press|p2a: Clodsire\n|-resisted|p2a: Clodsire\n|-damage|p2a: Clodsire|83/100\n|\n|-heal|p2a: Clodsire|89/100|[from] item: Leftovers\n|upkeep\n|turn|5\n|c|\u2606attliar|i thought white smoke made you immune to stat changes?\n|\n|t:|1695171231\n|switch|p1a: Goodra|Goodra-Hisui, F|100/100\n|move|p2a: Clodsire|Earthquake|p1a: Goodra\n|-supereffective|p1a: Goodra\n|-damage|p1a: Goodra|47/100\n|\n|-heal|p2a: Clodsire|95/100|[from] item: Leftovers\n|upkeep\n|turn|6\n|\n|t:|1695171241\n|move|p1a: Goodra|Draco Meteor|p2a: Clodsire\n|-damage|p2a: Clodsire|47/100\n|-unboost|p1a: Goodra|spa|2\n|move|p2a: Clodsire|Earthquake|p1a: Goodra\n|-supereffective|p1a: Goodra\n|-damage|p1a: Goodra|0 fnt\n|faint|p1a: Goodra\n|\n|-heal|p2a: Clodsire|54/100|[from] item: Leftovers\n|upkeep\n|\n|t:|1695171245\n|switch|p1a: Torterra|Torterra, F|100/100\n|-status|p1a: Torterra|psn\n|turn|7\n|\n|t:|1695171254\n|move|p1a: Torterra|Shell Smash|p1a: Torterra\n|-unboost|p1a: Torterra|def|1\n|-unboost|p1a: Torterra|spd|1\n|-boost|p1a: Torterra|atk|2\n|-boost|p1a: Torterra|spa|2\n|-boost|p1a: Torterra|spe|2\n|move|p2a: Clodsire|Haze|p2a: Clodsire\n|-clearallboost\n|\n|-heal|p2a: Clodsire|60/100|[from] item: Leftovers\n|-damage|p1a: Torterra|88/100 psn|[from] psn\n|upkeep\n|turn|8\n|\n|t:|1695171257\n|move|p1a: Torterra|Shell Smash|p1a: Torterra\n|-unboost|p1a: Torterra|def|1\n|-unboost|p1a: Torterra|spd|1\n|-boost|p1a: Torterra|atk|2\n|-boost|p1a: Torterra|spa|2\n|-boost|p1a: Torterra|spe|2\n|move|p2a: Clodsire|Recover|p2a: Clodsire\n|-heal|p2a: Clodsire|100/100\n|\n|-damage|p1a: Torterra|76/100 psn|[from] psn\n|upkeep\n|turn|9\n|\n|t:|1695171259\n|move|p1a: Torterra|Headlong Rush|p2a: Clodsire\n|-supereffective|p2a: Clodsire\n|-damage|p2a: Clodsire|0 fnt\n|-unboost|p1a: Torterra|def|1\n|-unboost|p1a: Torterra|spd|1\n|faint|p2a: Clodsire\n|\n|-damage|p1a: Torterra|64/100 psn|[from] psn\n|upkeep\n|\n|t:|1695171271\n|switch|p2a: Mmm monke|Ambipom, M, shiny|84/100\n|-damage|p2a: Mmm monke|72/100|[from] Stealth Rock\n|turn|10\n|\n|t:|1695171274\n|-terastallize|p2a: Mmm monke|Normal\n|move|p2a: Mmm monke|Fake Out|p1a: Torterra\n|-damage|p1a: Torterra|0 fnt\n|faint|p1a: Torterra\n|\n|upkeep\n|\n|t:|1695171280\n|switch|p1a: Tyranitar|Tyranitar, M|100/100\n|-status|p1a: Tyranitar|psn\n|-enditem|p1a: Tyranitar|Lum Berry|[eat]\n|-curestatus|p1a: Tyranitar|psn|[msg]\n|-weather|Sandstorm|[from] ability: Sand Stream|[of] p1a: Tyranitar\n|turn|11\n|\n|t:|1695171303\n|switch|p2a: Chill|Ninetales-Alola, M, shiny|100/100\n|-damage|p2a: Chill|76/100|[from] Stealth Rock\n|-weather|Snow|[from] ability: Snow Warning|[of] p2a: Chill\n|move|p1a: Tyranitar|Dragon Dance|p1a: Tyranitar\n|-boost|p1a: Tyranitar|atk|1\n|-boost|p1a: Tyranitar|spe|1\n|\n|-weather|Snow|[upkeep]\n|upkeep\n|turn|12\n|\n|t:|1695171307\n|move|p2a: Chill|Encore|p1a: Tyranitar\n|-start|p1a: Tyranitar|Encore\n|move|p1a: Tyranitar|Dragon Dance|p1a: Tyranitar\n|-boost|p1a: Tyranitar|atk|1\n|-boost|p1a: Tyranitar|spe|1\n|\n|-weather|Snow|[upkeep]\n|upkeep\n|turn|13\n|\n|t:|1695171316\n|-terastallize|p1a: Tyranitar|Ghost\n|move|p1a: Tyranitar|Dragon Dance|p1a: Tyranitar\n|-boost|p1a: Tyranitar|atk|1\n|-boost|p1a: Tyranitar|spe|1\n|move|p2a: Chill|Moonblast|p1a: Tyranitar\n|-damage|p1a: Tyranitar|68/100\n|-unboost|p1a: Tyranitar|spa|1\n|\n|-weather|Snow|[upkeep]\n|upkeep\n|turn|14\n|\n|t:|1695171329\n|move|p1a: Tyranitar|Dragon Dance|p1a: Tyranitar\n|-boost|p1a: Tyranitar|atk|1\n|-boost|p1a: Tyranitar|spe|1\n|move|p2a: Chill|Aurora Veil|p2a: Chill\n|-sidestart|p2: Oxybox|move: Aurora Veil\n|\n|-weather|Snow|[upkeep]\n|-end|p1a: Tyranitar|Encore\n|upkeep\n|turn|15\n|\n|t:|1695171334\n|move|p1a: Tyranitar|Iron Head|p2a: Chill\n|-supereffective|p2a: Chill\n|-damage|p2a: Chill|0 fnt\n|faint|p2a: Chill\n|\n|-weather|none\n|upkeep\n|\n|t:|1695171336\n|switch|p2a: Last Stand|Kingambit, M, shiny|100/100\n|-damage|p2a: Last Stand|94/100|[from] Stealth Rock\n|-activate|p2a: Last Stand|ability: Supreme Overlord\n|-start|p2a: Last Stand|fallen2|[silent]\n|turn|16\n|\n|t:|1695171340\n|move|p1a: Tyranitar|Earthquake|p2a: Last Stand\n|-supereffective|p2a: Last Stand\n|-damage|p2a: Last Stand|14/100\n|move|p2a: Last Stand|Kowtow Cleave|p1a: Tyranitar\n|-supereffective|p1a: Tyranitar\n|-damage|p1a: Tyranitar|0 fnt\n|faint|p1a: Tyranitar\n|\n|-heal|p2a: Last Stand|20/100|[from] item: Leftovers\n|upkeep\n|\n|t:|1695171346\n|switch|p1a: Klawf|Klawf, M, shiny|100/100\n|-status|p1a: Klawf|psn\n|turn|17\n|\n|t:|1695171348\n|move|p1a: Klawf|Trailblaze|p2a: Last Stand\n|-resisted|p2a: Last Stand\n|-damage|p2a: Last Stand|17/100\n|-boost|p1a: Klawf|spe|1\n|move|p2a: Last Stand|Iron Head|p1a: Klawf\n|-supereffective|p1a: Klawf\n|-damage|p1a: Klawf|4/100 psn\n|-ability|p1a: Klawf|Anger Shell|boost\n|-boost|p1a: Klawf|atk|1\n|-boost|p1a: Klawf|spa|1\n|-boost|p1a: Klawf|spe|1\n|-unboost|p1a: Klawf|def|1\n|-unboost|p1a: Klawf|spd|1\n|-enditem|p1a: Klawf|Sitrus Berry|[eat]\n|-heal|p1a: Klawf|29/100 psn|[from] item: Sitrus Berry\n|\n|-heal|p2a: Last Stand|24/100|[from] item: Leftovers\n|-damage|p1a: Klawf|17/100 psn|[from] psn\n|upkeep\n|turn|18\n|\n|t:|1695171352\n|move|p2a: Last Stand|Sucker Punch|p1a: Klawf\n|-damage|p1a: Klawf|0 fnt\n|faint|p1a: Klawf\n|\n|-heal|p2a: Last Stand|30/100|[from] item: Leftovers\n|upkeep\n|\n|t:|1695171354\n|switch|p1a: Cinderace|Cinderace, M|100/100\n|-status|p1a: Cinderace|psn\n|turn|19\n|c|\u2606Oxybox|Attliar i didnt read sory\n|c|\u2606Oxybox|It does\n|c|\u2606Oxybox|But haze isnt a chabge\n|c|\u2606Oxybox|Change\n|c|\u2606Oxybox|Its a clear\n|c|\u2606attliar|ah\n|\n|t:|1695171389\n|move|p2a: Last Stand|Sucker Punch|p1a: Cinderace\n|-damage|p1a: Cinderace|27/100 psn\n|move|p1a: Cinderace|Pyro Ball|p2a: Last Stand\n|-supereffective|p2a: Last Stand\n|-damage|p2a: Last Stand|0 fnt\n|faint|p2a: Last Stand\n|-end|p2a: Last Stand|fallen2|[silent]\n|\n|-damage|p1a: Cinderace|14/100 psn|[from] psn\n|upkeep\n|c|\u2606attliar|not it would matter anyways lol\n|\n|t:|1695171393\n|switch|p2a: Mmm monke|Ambipom, M, shiny, tera:Normal|72/100\n|-damage|p2a: Mmm monke|59/100|[from] Stealth Rock\n|turn|20\n|\n|t:|1695171399\n|switch|p1a: Torkoal|Torkoal, F|76/100\n|-status|p1a: Torkoal|psn\n|move|p2a: Mmm monke|Fake Out|p1a: Torkoal\n|-damage|p1a: Torkoal|51/100 psn\n|-damage|p2a: Mmm monke|43/100|[from] item: Rocky Helmet|[of] p1a: Torkoal\n|\n|-damage|p1a: Torkoal|39/100 psn|[from] psn\n|upkeep\n|turn|21\n|\n|t:|1695171409\n|move|p2a: Mmm monke|Last Resort|p1a: Torkoal\n|-damage|p1a: Torkoal|0 fnt\n|-damage|p2a: Mmm monke|26/100|[from] item: Rocky Helmet|[of] p1a: Torkoal\n|faint|p1a: Torkoal\n|\n|-sideend|p2: Oxybox|move: Aurora Veil\n|upkeep\n|\n|t:|1695171412\n|switch|p1a: Cinderace|Cinderace, M|14/100 psn\n|turn|22\n|\n|t:|1695171459\n|switch|p2a: Zapdos|Zapdos|100/100\n|move|p1a: Cinderace|Pyro Ball|p2a: Zapdos|[miss]\n|-miss|p1a: Cinderace|p2a: Zapdos\n|\n|-damage|p1a: Cinderace|2/100 psn|[from] psn\n|upkeep\n|turn|23\n|\n|t:|1695171462\n|move|p1a: Cinderace|Pyro Ball|p2a: Zapdos|[miss]\n|-miss|p1a: Cinderace|p2a: Zapdos\n|move|p2a: Zapdos|U-turn|p1a: Cinderace\n|-resisted|p1a: Cinderace\n|-damage|p1a: Cinderace|0 fnt\n|faint|p1a: Cinderace\n|\n|win|Oxybox\n|raw|attliar's rating: 1215 &rarr; <strong>1193</strong><br />(-22 for losing)\n|raw|Oxybox's rating: 1258 &rarr; <strong>1280</strong><br />(+22 for winning)\n|c|\u2606Oxybox|Gg\n|l|\u2606attliar\n", "uploadtime": 1695171476, "views": 3, "p1id": "attliar", "p2id": "oxybox", "formatid": "gen9ou", "rating": 1193, "private": 0, "password": ""}