{"id": "gen9ou-1947480735", "p1": "CharcoalLion", "p2": "Xustron", "format": "gen9ou", "log": "|j|\u2606CharcoalLion\n|j|\u2606Xustron\n|t:|1695164794\n|gametype|singles\n|player|p1|CharcoalLion|iris-gen5bw2|1293\n|player|p2|Xustron|scientistf|1276\n|teamsize|p1|6\n|teamsize|p2|6\n|gen|9\n|tier|[Gen 9] OU\n|rated|\n|rule|Sleep Clause Mod: Limit one foe put to sleep\n|rule|Species Clause: Limit one of each Pok\u00e9mon\n|rule|OHKO Clause: OHKO moves are banned\n|rule|Evasion Items Clause: Evasion items are banned\n|rule|Evasion Moves Clause: Evasion moves are banned\n|rule|Endless Battle Clause: Forcing endless battles is banned\n|rule|HP Percentage Mod: HP is shown in percentages\n|clearpoke\n|poke|p1|Ninetales-Alola, F|\n|poke|p1|Haxorus, F|\n|poke|p1|Mamoswine, F|\n|poke|p1|Milotic, M|\n|poke|p1|Great Tusk|\n|poke|p1|Arcanine-Hisui, M|\n|poke|p2|Ursaluna-Bloodmoon, M|\n|poke|p2|Fezandipiti, M|\n|poke|p2|Azelf|\n|poke|p2|Clefable, F|\n|poke|p2|Cinderace, M|\n|poke|p2|Manaphy|\n|teampreview\n|inactive|Battle timer is ON: inactive players will automatically lose when time's up. (requested by Xustron)\n|\n|t:|1695164802\n|start\n|switch|p1a: Ninetales|Ninetales-Alola, F|100/100\n|switch|p2a: Azelf|Azelf|100/100\n|-weather|Snow|[from] ability: Snow Warning|[of] p1a: Ninetales\n|turn|1\n|\n|t:|1695164806\n|move|p2a: Azelf|Taunt|p1a: Ninetales\n|-start|p1a: Ninetales|move: Taunt\n|cant|p1a: Ninetales|move: Taunt|Aurora Veil\n|\n|-weather|Snow|[upkeep]\n|upkeep\n|turn|2\n|\n|t:|1695164809\n|move|p2a: Azelf|Stealth Rock|p1a: Ninetales\n|-sidestart|p1: CharcoalLion|move: Stealth Rock\n|move|p1a: Ninetales|Moonblast|p2a: Azelf\n|-damage|p2a: Azelf|42/100\n|-unboost|p2a: Azelf|spa|1\n|\n|-weather|Snow|[upkeep]\n|upkeep\n|turn|3\n|\n|t:|1695164813\n|move|p2a: Azelf|Explosion|p1a: Ninetales\n|-damage|p1a: Ninetales|12/100\n|faint|p2a: Azelf\n|move|p1a: Ninetales|Moonblast|p2: Azelf|[notarget]\n|-fail|p1a: Ninetales\n|\n|-weather|Snow|[upkeep]\n|-end|p1a: Ninetales|move: Taunt\n|upkeep\n|\n|t:|1695164819\n|switch|p2a: Cinderace|Cinderace, M|100/100\n|turn|4\n|\n|t:|1695164833\n|switch|p1a: Milotic|Milotic, M|100/100\n|-damage|p1a: Milotic|88/100|[from] Stealth Rock\n|move|p2a: Cinderace|Pyro Ball|p1a: Milotic\n|-resisted|p1a: Milotic\n|-damage|p1a: Milotic|65/100\n|-status|p1a: Milotic|brn\n|\n|-weather|Snow|[upkeep]\n|-damage|p1a: Milotic|59/100 brn|[from] brn\n|upkeep\n|turn|5\n|\n|t:|1695164851\n|switch|p2a: Manaphy|Manaphy|100/100\n|move|p1a: Milotic|Flip Turn|p2a: Manaphy\n|-resisted|p2a: Manaphy\n|-damage|p2a: Manaphy|98/100\n|\n|t:|1695164856\n|switch|p1a: Great Tusk|Great Tusk|100/100|[from] Flip Turn\n|-damage|p1a: Great Tusk|98/100|[from] Stealth Rock\n|\n|-weather|none\n|-heal|p2a: Manaphy|100/100|[from] item: Leftovers\n|upkeep\n|turn|6\n|\n|t:|1695164862\n|move|p2a: Manaphy|Acid Armor|p2a: Manaphy\n|-boost|p2a: Manaphy|def|2\n|move|p1a: Great Tusk|Rapid Spin|p2a: Manaphy\n|-damage|p2a: Manaphy|92/100\n|-boost|p1a: Great Tusk|spe|1\n|-sideend|p1: CharcoalLion|Stealth Rock|[from] move: Rapid Spin|[of] p1a: Great Tusk\n|\n|-heal|p2a: Manaphy|98/100|[from] item: Leftovers\n|upkeep\n|turn|7\n|\n|t:|1695164865\n|move|p2a: Manaphy|Acid Armor|p2a: Manaphy\n|-boost|p2a: Manaphy|def|2\n|move|p1a: Great Tusk|Knock Off|p2a: Manaphy\n|-damage|p2a: Manaphy|88/100\n|-enditem|p2a: Manaphy|Leftovers|[from] move: Knock Off|[of] p1a: Great Tusk\n|\n|upkeep\n|turn|8\n|\n|t:|1695164868\n|-end|p1a: Great Tusk|Protosynthesis|[silent]\n|switch|p1a: Milotic|Milotic, M|59/100 brn\n|move|p2a: Manaphy|Take Heart|p2a: Manaphy\n|-boost|p2a: Manaphy|spa|1\n|-boost|p2a: Manaphy|spd|1\n|\n|-damage|p1a: Milotic|53/100 brn|[from] brn\n|upkeep\n|turn|9\n|\n|t:|1695164873\n|move|p2a: Manaphy|Scald|p1a: Milotic\n|-resisted|p1a: Milotic\n|-damage|p1a: Milotic|39/100 brn\n|move|p1a: Milotic|Haze|p1a: Milotic\n|-clearallboost\n|\n|-damage|p1a: Milotic|33/100 brn|[from] brn\n|upkeep\n|turn|10\n|\n|t:|1695164879\n|move|p2a: Manaphy|Scald|p1a: Milotic\n|-resisted|p1a: Milotic\n|-damage|p1a: Milotic|23/100 brn\n|move|p1a: Milotic|Recover|p1a: Milotic\n|-heal|p1a: Milotic|73/100 brn\n|\n|-damage|p1a: Milotic|67/100 brn|[from] brn\n|upkeep\n|turn|11\n|\n|t:|1695164891\n|switch|p2a: Fezandipiti|Fezandipiti, M|100/100\n|move|p1a: Milotic|Flip Turn|p2a: Fezandipiti\n|-damage|p2a: Fezandipiti|94/100\n|\n|t:|1695164910\n|switch|p1a: Ninetales|Ninetales-Alola, F|12/100|[from] Flip Turn\n|-weather|Snow|[from] ability: Snow Warning|[of] p1a: Ninetales\n|\n|-weather|Snow|[upkeep]\n|-heal|p2a: Fezandipiti|99/100|[from] item: Black Sludge\n|upkeep\n|turn|12\n|\n|t:|1695164916\n|move|p1a: Ninetales|Aurora Veil|p1a: Ninetales\n|-sidestart|p1: CharcoalLion|move: Aurora Veil\n|move|p2a: Fezandipiti|Double Kick|p1a: Ninetales\n|-damage|p1a: Ninetales|9/100\n|-damage|p1a: Ninetales|6/100\n|-status|p1a: Ninetales|tox|[from] ability: Toxic Chain|[of] p2a: Fezandipiti\n|-hitcount|p1a: Ninetales|2\n|\n|-weather|Snow|[upkeep]\n|-heal|p2a: Fezandipiti|100/100|[from] item: Black Sludge\n|-damage|p1a: Ninetales|0 fnt|[from] psn\n|faint|p1a: Ninetales\n|upkeep\n|\n|t:|1695164921\n|switch|p1a: Mamoswine|Mamoswine, F|100/100\n|turn|13\n|\n|t:|1695164925\n|move|p2a: Fezandipiti|Beat Up|p1a: Mamoswine\n|-damage|p1a: Mamoswine|99/100\n|-damage|p1a: Mamoswine|98/100\n|-status|p1a: Mamoswine|tox|[from] ability: Toxic Chain|[of] p2a: Fezandipiti\n|-damage|p1a: Mamoswine|97/100 tox\n|-damage|p1a: Mamoswine|96/100 tox\n|-damage|p1a: Mamoswine|95/100 tox\n|-hitcount|p1a: Mamoswine|5\n|move|p1a: Mamoswine|Earthquake|p2a: Fezandipiti\n|-supereffective|p2a: Fezandipiti\n|-damage|p2a: Fezandipiti|0 fnt\n|faint|p2a: Fezandipiti\n|\n|-weather|Snow|[upkeep]\n|-damage|p1a: Mamoswine|89/100 tox|[from] psn\n|upkeep\n|\n|t:|1695164936\n|switch|p2a: Manaphy|Manaphy|88/100\n|turn|14\n|\n|t:|1695164943\n|move|p2a: Manaphy|Acid Armor|p2a: Manaphy\n|-boost|p2a: Manaphy|def|2\n|move|p1a: Mamoswine|Earthquake|p2a: Manaphy\n|-damage|p2a: Manaphy|65/100\n|\n|-weather|Snow|[upkeep]\n|-damage|p1a: Mamoswine|76/100 tox|[from] psn\n|upkeep\n|turn|15\n|\n|t:|1695164949\n|switch|p1a: Milotic|Milotic, M|67/100 brn\n|move|p2a: Manaphy|Take Heart|p2a: Manaphy\n|-boost|p2a: Manaphy|spa|1\n|-boost|p2a: Manaphy|spd|1\n|\n|-weather|none\n|-damage|p1a: Milotic|61/100 brn|[from] brn\n|upkeep\n|turn|16\n|\n|t:|1695164951\n|move|p2a: Manaphy|Scald|p1a: Milotic\n|-resisted|p1a: Milotic\n|-crit|p1a: Milotic\n|-damage|p1a: Milotic|39/100 brn\n|move|p1a: Milotic|Recover|p1a: Milotic\n|-heal|p1a: Milotic|89/100 brn\n|\n|-damage|p1a: Milotic|83/100 brn|[from] brn\n|upkeep\n|turn|17\n|\n|t:|1695164956\n|move|p2a: Manaphy|Scald|p1a: Milotic\n|-resisted|p1a: Milotic\n|-damage|p1a: Milotic|76/100 brn\n|move|p1a: Milotic|Haze|p1a: Milotic\n|-clearallboost\n|\n|-damage|p1a: Milotic|70/100 brn|[from] brn\n|upkeep\n|turn|18\n|\n|t:|1695164961\n|move|p2a: Manaphy|Acid Armor|p2a: Manaphy\n|-boost|p2a: Manaphy|def|2\n|move|p1a: Milotic|Scald|p2a: Manaphy\n|-resisted|p2a: Manaphy\n|-damage|p2a: Manaphy|55/100\n|\n|-damage|p1a: Milotic|63/100 brn|[from] brn\n|upkeep\n|turn|19\n|\n|t:|1695164965\n|move|p2a: Manaphy|Scald|p1a: Milotic\n|-resisted|p1a: Milotic\n|-damage|p1a: Milotic|59/100 brn\n|move|p1a: Milotic|Scald|p2a: Manaphy\n|-resisted|p2a: Manaphy\n|-damage|p2a: Manaphy|45/100\n|\n|-damage|p1a: Milotic|53/100 brn|[from] brn\n|-sideend|p1: CharcoalLion|move: Aurora Veil\n|upkeep\n|turn|20\n|\n|t:|1695164969\n|move|p2a: Manaphy|Take Heart|p2a: Manaphy\n|-boost|p2a: Manaphy|spa|1\n|-boost|p2a: Manaphy|spd|1\n|move|p1a: Milotic|Scald|p2a: Manaphy\n|-resisted|p2a: Manaphy\n|-damage|p2a: Manaphy|38/100\n|\n|-damage|p1a: Milotic|46/100 brn|[from] brn\n|upkeep\n|turn|21\n|\n|t:|1695164977\n|move|p2a: Manaphy|Scald|p1a: Milotic\n|-resisted|p1a: Milotic\n|-damage|p1a: Milotic|33/100 brn\n|move|p1a: Milotic|Haze|p1a: Milotic\n|-clearallboost\n|\n|-damage|p1a: Milotic|27/100 brn|[from] brn\n|upkeep\n|turn|22\n|\n|t:|1695164982\n|move|p2a: Manaphy|Scald|p1a: Milotic\n|-resisted|p1a: Milotic\n|-damage|p1a: Milotic|18/100 brn\n|move|p1a: Milotic|Recover|p1a: Milotic\n|-heal|p1a: Milotic|68/100 brn\n|\n|-damage|p1a: Milotic|61/100 brn|[from] brn\n|upkeep\n|turn|23\n|\n|t:|1695164991\n|move|p2a: Manaphy|Take Heart|p2a: Manaphy\n|-boost|p2a: Manaphy|spa|1\n|-boost|p2a: Manaphy|spd|1\n|move|p1a: Milotic|Scald|p2a: Manaphy\n|-resisted|p2a: Manaphy\n|-damage|p2a: Manaphy|31/100\n|-status|p2a: Manaphy|brn\n|\n|-damage|p2a: Manaphy|25/100 brn|[from] brn\n|-damage|p1a: Milotic|55/100 brn|[from] brn\n|upkeep\n|turn|24\n|\n|t:|1695164996\n|move|p2a: Manaphy|Take Heart|p2a: Manaphy\n|-boost|p2a: Manaphy|spa|1\n|-boost|p2a: Manaphy|spd|1\n|-curestatus|p2a: Manaphy|brn|[msg]\n|move|p1a: Milotic|Haze|p1a: Milotic\n|-clearallboost\n|\n|-damage|p1a: Milotic|49/100 brn|[from] brn\n|upkeep\n|turn|25\n|\n|t:|1695165001\n|switch|p2a: Clefable|Clefable, F|100/100\n|move|p1a: Milotic|Scald|p2a: Clefable\n|-damage|p2a: Clefable|80/100\n|\n|-heal|p2a: Clefable|87/100|[from] item: Leftovers\n|-damage|p1a: Milotic|43/100 brn|[from] brn\n|upkeep\n|turn|26\n|\n|t:|1695165004\n|move|p1a: Milotic|Recover|p1a: Milotic\n|-heal|p1a: Milotic|93/100 brn\n|move|p2a: Clefable|Shadow Ball|p1a: Milotic\n|-damage|p1a: Milotic|81/100 brn\n|\n|-heal|p2a: Clefable|93/100|[from] item: Leftovers\n|-damage|p1a: Milotic|75/100 brn|[from] brn\n|upkeep\n|turn|27\n|\n|t:|1695165011\n|move|p1a: Milotic|Flip Turn|p2a: Clefable\n|-damage|p2a: Clefable|87/100\n|\n|t:|1695165014\n|switch|p1a: Mamoswine|Mamoswine, F|76/100 tox|[from] Flip Turn\n|move|p2a: Clefable|Shadow Ball|p1a: Mamoswine\n|-damage|p1a: Mamoswine|59/100 tox\n|\n|-heal|p2a: Clefable|93/100|[from] item: Leftovers\n|-damage|p1a: Mamoswine|53/100 tox|[from] psn\n|upkeep\n|turn|28\n|\n|t:|1695165030\n|switch|p2a: Manaphy|Manaphy|25/100\n|move|p1a: Mamoswine|Iron Head|p2a: Manaphy\n|-resisted|p2a: Manaphy\n|-damage|p2a: Manaphy|14/100\n|\n|-damage|p1a: Mamoswine|41/100 tox|[from] psn\n|upkeep\n|turn|29\n|\n|t:|1695165035\n|move|p2a: Manaphy|Scald|p1a: Mamoswine\n|-supereffective|p1a: Mamoswine\n|-damage|p1a: Mamoswine|0 fnt\n|faint|p1a: Mamoswine\n|\n|upkeep\n|\n|t:|1695165042\n|switch|p1a: Arcanine|Arcanine-Hisui, M|100/100\n|turn|30\n|\n|t:|1695165049\n|move|p1a: Arcanine|Extreme Speed|p2a: Manaphy\n|-crit|p2a: Manaphy\n|-damage|p2a: Manaphy|0 fnt\n|faint|p2a: Manaphy\n|\n|upkeep\n|\n|t:|1695165056\n|switch|p2a: Ursaluna|Ursaluna-Bloodmoon, M|100/100\n|turn|31\n|\n|t:|1695165058\n|move|p1a: Arcanine|Close Combat|p2a: Ursaluna\n|-supereffective|p2a: Ursaluna\n|-damage|p2a: Ursaluna|40/100\n|-unboost|p1a: Arcanine|def|1\n|-unboost|p1a: Arcanine|spd|1\n|move|p2a: Ursaluna|Focus Blast|p1a: Arcanine|[miss]\n|-miss|p2a: Ursaluna|p1a: Arcanine\n|-enditem|p2a: Ursaluna|Blunder Policy\n|-boost|p2a: Ursaluna|spe|2\n|\n|upkeep\n|turn|32\n|\n|t:|1695165067\n|move|p1a: Arcanine|Extreme Speed|p2a: Ursaluna\n|-damage|p2a: Ursaluna|19/100\n|move|p2a: Ursaluna|Focus Blast|p1a: Arcanine\n|-supereffective|p1a: Arcanine\n|-damage|p1a: Arcanine|0 fnt\n|faint|p1a: Arcanine\n|\n|upkeep\n|\n|t:|1695165071\n|switch|p1a: Great Tusk|Great Tusk|98/100\n|turn|33\n|\n|t:|1695165087\n|move|p2a: Ursaluna|Moonlight|p2a: Ursaluna\n|-heal|p2a: Ursaluna|69/100\n|move|p1a: Great Tusk|Close Combat|p2a: Ursaluna\n|-supereffective|p2a: Ursaluna\n|-damage|p2a: Ursaluna|0 fnt\n|-unboost|p1a: Great Tusk|def|1\n|-unboost|p1a: Great Tusk|spd|1\n|faint|p2a: Ursaluna\n|\n|upkeep\n|\n|t:|1695165099\n|switch|p2a: Cinderace|Cinderace, M|100/100\n|turn|34\n|\n|t:|1695165103\n|-end|p1a: Great Tusk|Protosynthesis|[silent]\n|switch|p1a: Milotic|Milotic, M|75/100 brn\n|move|p2a: Cinderace|Pyro Ball|p1a: Milotic|[miss]\n|-miss|p2a: Cinderace|p1a: Milotic\n|\n|-damage|p1a: Milotic|69/100 brn|[from] brn\n|upkeep\n|turn|35\n|\n|t:|1695165109\n|switch|p2a: Clefable|Clefable, F|93/100\n|move|p1a: Milotic|Scald|p2a: Clefable\n|-damage|p2a: Clefable|72/100\n|\n|-heal|p2a: Clefable|78/100|[from] item: Leftovers\n|-damage|p1a: Milotic|63/100 brn|[from] brn\n|upkeep\n|turn|36\n|\n|t:|1695165113\n|move|p1a: Milotic|Flip Turn|p2a: Clefable\n|-damage|p2a: Clefable|73/100\n|\n|t:|1695165117\n|switch|p1a: Great Tusk|Great Tusk|98/100|[from] Flip Turn\n|move|p2a: Clefable|Cosmic Power|p2a: Clefable\n|-boost|p2a: Clefable|def|1\n|-boost|p2a: Clefable|spd|1\n|\n|-heal|p2a: Clefable|79/100|[from] item: Leftovers\n|upkeep\n|turn|37\n|\n|t:|1695165124\n|-terastallize|p2a: Clefable|Water\n|move|p1a: Great Tusk|Knock Off|p2a: Clefable\n|-damage|p2a: Clefable|59/100\n|-enditem|p2a: Clefable|Leftovers|[from] move: Knock Off|[of] p1a: Great Tusk\n|move|p2a: Clefable|Cosmic Power|p2a: Clefable\n|-boost|p2a: Clefable|def|1\n|-boost|p2a: Clefable|spd|1\n|\n|upkeep\n|turn|38\n|\n|t:|1695165133\n|-end|p1a: Great Tusk|Protosynthesis|[silent]\n|switch|p1a: Milotic|Milotic, M|63/100 brn\n|move|p2a: Clefable|Moonblast|p1a: Milotic\n|-damage|p1a: Milotic|42/100 brn\n|\n|-damage|p1a: Milotic|36/100 brn|[from] brn\n|upkeep\n|turn|39\n|\n|t:|1695165136\n|move|p1a: Milotic|Haze|p1a: Milotic\n|-clearallboost\n|move|p2a: Clefable|Shadow Ball|p1a: Milotic\n|-damage|p1a: Milotic|25/100 brn\n|\n|-damage|p1a: Milotic|19/100 brn|[from] brn\n|upkeep\n|turn|40\n|\n|t:|1695165141\n|move|p1a: Milotic|Recover|p1a: Milotic\n|-heal|p1a: Milotic|69/100 brn\n|move|p2a: Clefable|Moonlight|p2a: Clefable\n|-heal|p2a: Clefable|100/100\n|\n|-damage|p1a: Milotic|62/100 brn|[from] brn\n|upkeep\n|turn|41\n|\n|t:|1695165153\n|move|p1a: Milotic|Flip Turn|p2a: Clefable\n|-resisted|p2a: Clefable\n|-crit|p2a: Clefable\n|-damage|p2a: Clefable|96/100\n|\n|t:|1695165159\n|switch|p1a: Great Tusk|Great Tusk|98/100|[from] Flip Turn\n|move|p2a: Clefable|Shadow Ball|p1a: Great Tusk\n|-damage|p1a: Great Tusk|82/100\n|\n|upkeep\n|turn|42\n|\n|t:|1695165165\n|move|p1a: Great Tusk|Close Combat|p2a: Clefable\n|-damage|p2a: Clefable|34/100\n|-unboost|p1a: Great Tusk|def|1\n|-unboost|p1a: Great Tusk|spd|1\n|move|p2a: Clefable|Cosmic Power|p2a: Clefable\n|-boost|p2a: Clefable|def|1\n|-boost|p2a: Clefable|spd|1\n|\n|upkeep\n|turn|43\n|\n|t:|1695165170\n|move|p1a: Great Tusk|Close Combat|p2a: Clefable\n|-damage|p2a: Clefable|0 fnt\n|-unboost|p1a: Great Tusk|def|1\n|-unboost|p1a: Great Tusk|spd|1\n|faint|p2a: Clefable\n|\n|upkeep\n|\n|t:|1695165174\n|switch|p2a: Cinderace|Cinderace, M|100/100\n|turn|44\n|\n|t:|1695165179\n|move|p2a: Cinderace|Pyro Ball|p1a: Great Tusk\n|-damage|p1a: Great Tusk|10/100\n|move|p1a: Great Tusk|Earthquake|p2a: Cinderace\n|-supereffective|p2a: Cinderace\n|-damage|p2a: Cinderace|0 fnt\n|faint|p2a: Cinderace\n|\n|win|CharcoalLion\n|raw|CharcoalLion's rating: 1293 &rarr; <strong>1317</strong><br />(+24 for winning)\n|raw|Xustron's rating: 1276 &rarr; <strong>1252</strong><br />(-24 for losing)\n|l|\u2606Xustron\n|c|\u2606CharcoalLion|Gg\n", "uploadtime": 1695165194, "views": 3, "p1id": "charcoallion", "p2id": "xustron", "formatid": "gen9ou", "rating": 1252, "private": 0, "password": ""}