{"id": "gen9ou-1947581148", "p1": "CrystalmethYT", "p2": "furiousdude", "format": "gen9ou", "log": "|j|\u2606CrystalmethYT\n|j|\u2606furiousdude\n|t:|1695174636\n|gametype|singles\n|player|p1|CrystalmethYT|waitress-gen4|1089\n|player|p2|furiousdude|worker|1158\n|teamsize|p1|6\n|teamsize|p2|6\n|gen|9\n|tier|[Gen 9] OU\n|rated|\n|rule|Sleep Clause Mod: Limit one foe put to sleep\n|rule|Species Clause: Limit one of each Pok\u00e9mon\n|rule|OHKO Clause: OHKO moves are banned\n|rule|Evasion Items Clause: Evasion items are banned\n|rule|Evasion Moves Clause: Evasion moves are banned\n|rule|Endless Battle Clause: Forcing endless battles is banned\n|rule|HP Percentage Mod: HP is shown in percentages\n|clearpoke\n|poke|p1|Toxapex, M|\n|poke|p1|Ting-Lu|\n|poke|p1|Kingambit, F|\n|poke|p1|Greninja-*, M|\n|poke|p1|Clefable, M|\n|poke|p1|Ursaluna-Bloodmoon, M|\n|poke|p2|Mamoswine, M|\n|poke|p2|Walking Wake|\n|poke|p2|Iron Moth|\n|poke|p2|Wo-Chien|\n|poke|p2|Corviknight, F|\n|poke|p2|Scream Tail|\n|teampreview\n|\n|t:|1695174644\n|start\n|switch|p1a: Ting-Lu|Ting-Lu|100/100\n|switch|p2a: Wo-Chien|Wo-Chien|100/100\n|-ability|p2a: Wo-Chien|Tablets of Ruin\n|-ability|p1a: Ting-Lu|Vessel of Ruin\n|turn|1\n|\n|t:|1695174662\n|move|p2a: Wo-Chien|Mean Look|p1a: Ting-Lu\n|-activate|p1a: Ting-Lu|trapped\n|move|p1a: Ting-Lu|Stealth Rock|p2a: Wo-Chien\n|-sidestart|p2: furiousdude|move: Stealth Rock\n|\n|upkeep\n|turn|2\n|\n|t:|1695174675\n|move|p2a: Wo-Chien|Leech Seed|p1a: Ting-Lu\n|-start|p1a: Ting-Lu|move: Leech Seed\n|move|p1a: Ting-Lu|Whirlwind|p2a: Wo-Chien\n|drag|p2a: Iron Moth|Iron Moth|100/100\n|-damage|p2a: Iron Moth|76/100|[from] Stealth Rock\n|-enditem|p2a: Iron Moth|Booster Energy\n|-activate|p2a: Iron Moth|ability: Quark Drive|[fromitem]\n|-start|p2a: Iron Moth|quarkdrivespe\n|\n|-damage|p1a: Ting-Lu|88/100|[from] Leech Seed|[of] p2a: Iron Moth\n|-heal|p2a: Iron Moth|97/100|[silent]\n|upkeep\n|turn|3\n|\n|t:|1695174685\n|move|p2a: Iron Moth|Dazzling Gleam|p1a: Ting-Lu\n|-supereffective|p1a: Ting-Lu\n|-damage|p1a: Ting-Lu|67/100\n|-enditem|p1a: Ting-Lu|Red Card|[of] p2a: Iron Moth\n|-end|p2a: Iron Moth|Quark Drive|[silent]\n|drag|p2a: Mamoswine|Mamoswine, M|100/100\n|-damage|p2a: Mamoswine|88/100|[from] Stealth Rock\n|move|p1a: Ting-Lu|Earthquake|p2a: Mamoswine\n|-damage|p2a: Mamoswine|48/100\n|\n|-damage|p1a: Ting-Lu|54/100|[from] Leech Seed|[of] p2a: Mamoswine\n|-heal|p2a: Mamoswine|66/100|[silent]\n|upkeep\n|turn|4\n|\n|t:|1695174699\n|move|p2a: Mamoswine|Icicle Crash|p1a: Ting-Lu\n|-supereffective|p1a: Ting-Lu\n|-damage|p1a: Ting-Lu|0 fnt\n|faint|p1a: Ting-Lu\n|\n|upkeep\n|\n|t:|1695174711\n|switch|p1a: Greninja|Greninja, M|100/100\n|turn|5\n|\n|t:|1695174717\n|switch|p2a: Corviknight|Corviknight, F|100/100\n|-damage|p2a: Corviknight|88/100|[from] Stealth Rock\n|move|p1a: Greninja|Water Shuriken|p2a: Corviknight\n|-damage|p2a: Corviknight|81/100\n|-damage|p2a: Corviknight|75/100\n|-damage|p2a: Corviknight|68/100\n|-damage|p2a: Corviknight|61/100\n|-damage|p2a: Corviknight|55/100\n|-hitcount|p2a: Corviknight|5\n|\n|upkeep\n|turn|6\n|\n|t:|1695174734\n|switch|p1a: Toxapex|Toxapex, M, shiny|100/100\n|move|p2a: Corviknight|Body Press|p1a: Toxapex\n|-resisted|p1a: Toxapex\n|-damage|p1a: Toxapex|92/100\n|\n|-heal|p1a: Toxapex|99/100|[from] item: Leftovers\n|upkeep\n|turn|7\n|\n|t:|1695174748\n|move|p2a: Corviknight|Defog|p1a: Toxapex\n|-unboost|p1a: Toxapex|evasion|1\n|-sideend|p2: furiousdude|Stealth Rock|[from] move: Defog|[of] p2a: Corviknight\n|move|p1a: Toxapex|Surf|p2a: Corviknight\n|-damage|p2a: Corviknight|35/100\n|\n|-heal|p1a: Toxapex|100/100|[from] item: Leftovers\n|upkeep\n|turn|8\n|\n|t:|1695174754\n|move|p2a: Corviknight|Roost|p2a: Corviknight\n|-heal|p2a: Corviknight|85/100\n|-singleturn|p2a: Corviknight|move: Roost\n|move|p1a: Toxapex|Surf|p2a: Corviknight\n|-damage|p2a: Corviknight|66/100\n|\n|upkeep\n|turn|9\n|\n|t:|1695174786\n|switch|p2a: Walking Wake|Walking Wake|100/100\n|switch|p1a: Clefable|Clefable, M|100/100\n|\n|upkeep\n|turn|10\n|\n|t:|1695174800\n|-end|p2a: Walking Wake|Protosynthesis|[silent]\n|switch|p2a: Scream Tail|Scream Tail|100/100\n|move|p1a: Clefable|Thunder Wave|p2a: Scream Tail\n|-status|p2a: Scream Tail|par\n|\n|upkeep\n|turn|11\n|\n|t:|1695174810\n|move|p2a: Scream Tail|Encore|p1a: Clefable\n|-start|p1a: Clefable|Encore\n|move|p1a: Clefable|Thunder Wave|p2a: Scream Tail\n|-fail|p2a: Scream Tail|par\n|\n|upkeep\n|turn|12\n|\n|t:|1695174823\n|-end|p2a: Scream Tail|Protosynthesis|[silent]\n|switch|p2a: Mamoswine|Mamoswine, M|66/100\n|switch|p1a: Toxapex|Toxapex, M, shiny|100/100\n|\n|upkeep\n|turn|13\n|\n|t:|1695174837\n|move|p1a: Toxapex|Baneful Bunker|p1a: Toxapex\n|-singleturn|p1a: Toxapex|move: Protect\n|move|p2a: Mamoswine|Earthquake|p1a: Toxapex\n|-activate|p1a: Toxapex|move: Protect\n|\n|upkeep\n|turn|14\n|\n|t:|1695174844\n|switch|p1a: Clefable|Clefable, M|100/100\n|move|p2a: Mamoswine|Earthquake|p1a: Clefable\n|-damage|p1a: Clefable|37/100\n|\n|-heal|p1a: Clefable|43/100|[from] item: Leftovers\n|upkeep\n|turn|15\n|\n|t:|1695174869\n|switch|p1a: Greninja|Greninja, M|100/100\n|move|p2a: Mamoswine|Earthquake|p1a: Greninja\n|-damage|p1a: Greninja|0 fnt\n|faint|p1a: Greninja\n|\n|upkeep\n|\n|t:|1695174874\n|switch|p1a: Ursaluna|Ursaluna-Bloodmoon, M|100/100\n|turn|16\n|\n|t:|1695174882\n|move|p2a: Mamoswine|Earthquake|p1a: Ursaluna\n|-damage|p1a: Ursaluna|52/100\n|move|p1a: Ursaluna|Blood Moon|p2a: Mamoswine\n|-damage|p2a: Mamoswine|0 fnt\n|faint|p2a: Mamoswine\n|-damage|p1a: Ursaluna|42/100|[from] item: Life Orb\n|\n|upkeep\n|\n|t:|1695174887\n|switch|p2a: Walking Wake|Walking Wake|100/100\n|turn|17\n|\n|t:|1695174892\n|move|p1a: Ursaluna|Protect|p1a: Ursaluna\n|-singleturn|p1a: Ursaluna|Protect\n|move|p2a: Walking Wake|Draco Meteor|p1a: Ursaluna\n|-activate|p1a: Ursaluna|move: Protect\n|\n|upkeep\n|turn|18\n|\n|t:|1695174904\n|-end|p2a: Walking Wake|Protosynthesis|[silent]\n|switch|p2a: Iron Moth|Iron Moth|97/100\n|switch|p1a: Toxapex|Toxapex, M, shiny|100/100\n|\n|upkeep\n|turn|19\n|\n|t:|1695174914\n|move|p2a: Iron Moth|Psychic|p1a: Toxapex\n|-supereffective|p1a: Toxapex\n|-damage|p1a: Toxapex|53/100\n|move|p1a: Toxapex|Surf|p2a: Iron Moth\n|-supereffective|p2a: Iron Moth\n|-damage|p2a: Iron Moth|60/100\n|\n|-heal|p1a: Toxapex|59/100|[from] item: Leftovers\n|upkeep\n|turn|20\n|\n|t:|1695174923\n|move|p2a: Iron Moth|Fiery Dance|p1a: Toxapex\n|-resisted|p1a: Toxapex\n|-crit|p1a: Toxapex\n|-damage|p1a: Toxapex|37/100\n|-boost|p2a: Iron Moth|spa|1\n|move|p1a: Toxapex|Toxic|p2a: Iron Moth\n|-immune|p2a: Iron Moth\n|\n|-heal|p1a: Toxapex|43/100|[from] item: Leftovers\n|upkeep\n|turn|21\n|\n|t:|1695174936\n|switch|p1a: Ursaluna|Ursaluna-Bloodmoon, M|42/100\n|move|p2a: Iron Moth|Psychic|p1a: Ursaluna\n|-damage|p1a: Ursaluna|0 fnt\n|faint|p1a: Ursaluna\n|\n|upkeep\n|\n|t:|1695174942\n|switch|p1a: Clefable|Clefable, M|43/100\n|turn|22\n|\n|t:|1695174944\n|move|p2a: Iron Moth|Sludge Wave|p1a: Clefable\n|-supereffective|p1a: Clefable\n|-damage|p1a: Clefable|0 fnt\n|faint|p1a: Clefable\n|\n|upkeep\n|\n|t:|1695174949\n|switch|p1a: Kingambit|Kingambit, F|100/100\n|-activate|p1a: Kingambit|ability: Supreme Overlord\n|-start|p1a: Kingambit|fallen4|[silent]\n|turn|23\n|\n|t:|1695174954\n|move|p1a: Kingambit|Sucker Punch|p2a: Iron Moth\n|-damage|p2a: Iron Moth|0 fnt\n|faint|p2a: Iron Moth\n|-end|p2a: Iron Moth|Quark Drive|[silent]\n|\n|upkeep\n|\n|t:|1695174959\n|switch|p2a: Wo-Chien|Wo-Chien|100/100\n|-ability|p2a: Wo-Chien|Tablets of Ruin\n|turn|24\n|\n|t:|1695174995\n|move|p1a: Kingambit|Iron Head|p2a: Wo-Chien\n|-crit|p2a: Wo-Chien\n|-damage|p2a: Wo-Chien|27/100\n|move|p2a: Wo-Chien|Leech Seed|p1a: Kingambit\n|-start|p1a: Kingambit|move: Leech Seed\n|\n|-heal|p2a: Wo-Chien|33/100|[from] item: Leftovers\n|-damage|p1a: Kingambit|88/100|[from] Leech Seed|[of] p2a: Wo-Chien\n|-heal|p2a: Wo-Chien|44/100|[silent]\n|upkeep\n|turn|25\n|\n|t:|1695175001\n|move|p2a: Wo-Chien|Protect|p2a: Wo-Chien\n|-singleturn|p2a: Wo-Chien|Protect\n|move|p1a: Kingambit|Iron Head|p2a: Wo-Chien\n|-activate|p2a: Wo-Chien|move: Protect\n|\n|-heal|p2a: Wo-Chien|50/100|[from] item: Leftovers\n|-damage|p1a: Kingambit|76/100|[from] Leech Seed|[of] p2a: Wo-Chien\n|-heal|p2a: Wo-Chien|61/100|[silent]\n|upkeep\n|turn|26\n|\n|t:|1695175008\n|move|p1a: Kingambit|Iron Head|p2a: Wo-Chien\n|-damage|p2a: Wo-Chien|19/100\n|move|p2a: Wo-Chien|Giga Drain|p1a: Kingambit\n|-resisted|p1a: Kingambit\n|-damage|p1a: Kingambit|61/100\n|-heal|p2a: Wo-Chien|26/100|[from] drain|[of] p1a: Kingambit\n|\n|-heal|p2a: Wo-Chien|32/100|[from] item: Leftovers\n|-damage|p1a: Kingambit|49/100|[from] Leech Seed|[of] p2a: Wo-Chien\n|-heal|p2a: Wo-Chien|43/100|[silent]\n|upkeep\n|turn|27\n|\n|t:|1695175017\n|move|p2a: Wo-Chien|Protect|p2a: Wo-Chien\n|-singleturn|p2a: Wo-Chien|Protect\n|move|p1a: Kingambit|Swords Dance|p1a: Kingambit\n|-boost|p1a: Kingambit|atk|2\n|\n|-heal|p2a: Wo-Chien|49/100|[from] item: Leftovers\n|-damage|p1a: Kingambit|36/100|[from] Leech Seed|[of] p2a: Wo-Chien\n|-heal|p2a: Wo-Chien|60/100|[silent]\n|upkeep\n|turn|28\n|\n|t:|1695175030\n|move|p1a: Kingambit|Iron Head|p2a: Wo-Chien\n|-damage|p2a: Wo-Chien|0 fnt\n|faint|p2a: Wo-Chien\n|\n|upkeep\n|\n|t:|1695175032\n|switch|p2a: Corviknight|Corviknight, F|66/100\n|turn|29\n|\n|t:|1695175035\n|move|p1a: Kingambit|Sucker Punch|p2a: Corviknight\n|-damage|p2a: Corviknight|0 fnt\n|-damage|p1a: Kingambit|20/100|[from] item: Rocky Helmet|[of] p2a: Corviknight\n|faint|p2a: Corviknight\n|\n|upkeep\n|\n|t:|1695175039\n|switch|p2a: Scream Tail|Scream Tail|100/100 par\n|turn|30\n|\n|t:|1695175045\n|cant|p2a: Scream Tail|par\n|move|p1a: Kingambit|Kowtow Cleave|p2a: Scream Tail\n|-damage|p2a: Scream Tail|0 fnt\n|faint|p2a: Scream Tail\n|-end|p2a: Scream Tail|Protosynthesis|[silent]\n|\n|upkeep\n|\n|t:|1695175047\n|switch|p2a: Walking Wake|Walking Wake|100/100\n|turn|31\n|\n|t:|1695175057\n|-terastallize|p2a: Walking Wake|Water\n|move|p1a: Kingambit|Sucker Punch|p2a: Walking Wake\n|-damage|p2a: Walking Wake|0 fnt\n|faint|p2a: Walking Wake\n|-end|p2a: Walking Wake|Protosynthesis|[silent]\n|\n|win|CrystalmethYT\n|raw|CrystalmethYT's rating: 1089 &rarr; <strong>1121</strong><br />(+32 for winning)\n|raw|furiousdude's rating: 1158 &rarr; <strong>1128</strong><br />(-30 for losing)\n|l|\u2606furiousdude\n", "uploadtime": 1695175065, "views": 4, "p1id": "crystalmethyt", "p2id": "furiousdude", "formatid": "gen9ou", "rating": 1121, "private": 0, "password": ""}