{"id": "gen9ou-1947588008", "p1": "LmaoMan64", "p2": "pyrose", "format": "gen9ou", "log": "|j|\u2606LmaoMan64\n|j|\u2606pyrose\n|t:|1695175326\n|gametype|singles\n|player|p1|LmaoMan64|101|1162\n|player|p2|pyrose|skyla-masters2|1219\n|teamsize|p1|6\n|teamsize|p2|6\n|gen|9\n|tier|[Gen 9] OU\n|rated|\n|rule|Sleep Clause Mod: Limit one foe put to sleep\n|rule|Species Clause: Limit one of each Pok\u00e9mon\n|rule|OHKO Clause: OHKO moves are banned\n|rule|Evasion Items Clause: Evasion items are banned\n|rule|Evasion Moves Clause: Evasion moves are banned\n|rule|Endless Battle Clause: Forcing endless battles is banned\n|rule|HP Percentage Mod: HP is shown in percentages\n|clearpoke\n|poke|p1|Bellibolt, F|\n|poke|p1|Quaquaval, F|\n|poke|p1|Great Tusk|\n|poke|p1|Dragonite, F|\n|poke|p1|Ogerpon, F|\n|poke|p1|Heatran, F|\n|poke|p2|Torterra, M|\n|poke|p2|Samurott-Hisui, M|\n|poke|p2|Okidogi, M|\n|poke|p2|Ninetales-Alola, M|\n|poke|p2|Manaphy|\n|poke|p2|Glimmora, F|\n|teampreview\n|\n|t:|1695175341\n|start\n|switch|p1a: Heatran|Heatran, F|100/100\n|switch|p2a: fortnite|Ninetales-Alola, M|100/100\n|-weather|Snow|[from] ability: Snow Warning|[of] p2a: fortnite\n|-item|p1a: Heatran|Air Balloon\n|turn|1\n|\n|t:|1695175363\n|switch|p2a: \ud83d\udc4d|Okidogi, M|100/100\n|move|p1a: Heatran|Magma Storm|p2a: \ud83d\udc4d\n|-damage|p2a: \ud83d\udc4d|46/100\n|-activate|p2a: \ud83d\udc4d|move: Magma Storm|[of] p1a: Heatran\n|\n|-weather|Snow|[upkeep]\n|-heal|p2a: \ud83d\udc4d|52/100|[from] item: Leftovers\n|-damage|p2a: \ud83d\udc4d|40/100|[from] move: Magma Storm|[partiallytrapped]\n|upkeep\n|turn|2\n|\n|t:|1695175381\n|switch|p1a: Great Tusk|Great Tusk|100/100\n|move|p2a: \ud83d\udc4d|Drain Punch|p1a: Great Tusk\n|-damage|p1a: Great Tusk|78/100\n|-heal|p2a: \ud83d\udc4d|54/100|[from] drain|[of] p1a: Great Tusk\n|\n|-weather|Snow|[upkeep]\n|-heal|p2a: \ud83d\udc4d|60/100|[from] item: Leftovers\n|-end|p2a: \ud83d\udc4d|Magma Storm|[partiallytrapped]|[silent]\n|upkeep\n|turn|3\n|\n|t:|1695175394\n|move|p2a: \ud83d\udc4d|Bulk Up|p2a: \ud83d\udc4d\n|-boost|p2a: \ud83d\udc4d|atk|1\n|-boost|p2a: \ud83d\udc4d|def|1\n|move|p1a: Great Tusk|Stealth Rock|p2a: \ud83d\udc4d\n|-sidestart|p2: pyrose|move: Stealth Rock\n|\n|-weather|Snow|[upkeep]\n|-heal|p2a: \ud83d\udc4d|66/100|[from] item: Leftovers\n|upkeep\n|turn|4\n|\n|t:|1695175410\n|move|p2a: \ud83d\udc4d|Knock Off|p1a: Great Tusk\n|-resisted|p1a: Great Tusk\n|-damage|p1a: Great Tusk|64/100\n|-enditem|p1a: Great Tusk|Wiki Berry|[from] move: Knock Off|[of] p2a: \ud83d\udc4d\n|move|p1a: Great Tusk|Knock Off|p2a: \ud83d\udc4d\n|-resisted|p2a: \ud83d\udc4d\n|-damage|p2a: \ud83d\udc4d|58/100\n|-enditem|p2a: \ud83d\udc4d|Leftovers|[from] move: Knock Off|[of] p1a: Great Tusk\n|\n|-weather|Snow|[upkeep]\n|upkeep\n|turn|5\n|\n|t:|1695175423\n|-end|p1a: Great Tusk|Protosynthesis|[silent]\n|switch|p1a: Dragonite|Dragonite, F|100/100\n|move|p2a: \ud83d\udc4d|Bulk Up|p2a: \ud83d\udc4d\n|-boost|p2a: \ud83d\udc4d|atk|1\n|-boost|p2a: \ud83d\udc4d|def|1\n|\n|-weather|none\n|upkeep\n|turn|6\n|\n|t:|1695175429\n|move|p1a: Dragonite|Dragon Dance|p1a: Dragonite\n|-boost|p1a: Dragonite|atk|1\n|-boost|p1a: Dragonite|spe|1\n|move|p2a: \ud83d\udc4d|Knock Off|p1a: Dragonite\n|-damage|p1a: Dragonite|63/100\n|-enditem|p1a: Dragonite|Weakness Policy|[from] move: Knock Off|[of] p2a: \ud83d\udc4d\n|\n|upkeep\n|turn|7\n|\n|t:|1695175436\n|move|p1a: Dragonite|Dragon Claw|p2a: \ud83d\udc4d\n|-damage|p2a: \ud83d\udc4d|28/100\n|move|p2a: \ud83d\udc4d|Poison Jab|p1a: Dragonite\n|-damage|p1a: Dragonite|0 fnt\n|faint|p1a: Dragonite\n|\n|upkeep\n|\n|t:|1695175442\n|switch|p1a: Quaquaval|Quaquaval, F|100/100\n|turn|8\n|\n|t:|1695175447\n|move|p1a: Quaquaval|Aqua Step|p2a: \ud83d\udc4d\n|-damage|p2a: \ud83d\udc4d|8/100\n|-boost|p1a: Quaquaval|spe|1\n|-damage|p1a: Quaquaval|91/100|[from] item: Life Orb\n|move|p2a: \ud83d\udc4d|Drain Punch|p1a: Quaquaval\n|-damage|p1a: Quaquaval|0 fnt\n|-heal|p2a: \ud83d\udc4d|47/100|[from] drain|[of] p1a: Quaquaval\n|faint|p1a: Quaquaval\n|\n|upkeep\n|\n|t:|1695175455\n|switch|p1a: Ogerpon|Ogerpon, F|100/100\n|turn|9\n|\n|t:|1695175464\n|move|p1a: Ogerpon|U-turn|p2a: \ud83d\udc4d\n|-resisted|p2a: \ud83d\udc4d\n|-damage|p2a: \ud83d\udc4d|44/100\n|\n|t:|1695175468\n|switch|p1a: Great Tusk|Great Tusk|64/100|[from] U-turn\n|move|p2a: \ud83d\udc4d|Drain Punch|p1a: Great Tusk\n|-damage|p1a: Great Tusk|22/100\n|-heal|p2a: \ud83d\udc4d|70/100|[from] drain|[of] p1a: Great Tusk\n|\n|upkeep\n|turn|10\n|\n|t:|1695175477\n|move|p2a: \ud83d\udc4d|Drain Punch|p1a: Great Tusk\n|-damage|p1a: Great Tusk|0 fnt\n|-heal|p2a: \ud83d\udc4d|83/100|[from] drain|[of] p1a: Great Tusk\n|faint|p1a: Great Tusk\n|-end|p1a: Great Tusk|Protosynthesis|[silent]\n|\n|upkeep\n|\n|t:|1695175480\n|switch|p1a: Heatran|Heatran, F|100/100\n|-item|p1a: Heatran|Air Balloon\n|turn|11\n|\n|t:|1695175485\n|move|p2a: \ud83d\udc4d|Drain Punch|p1a: Heatran\n|-supereffective|p1a: Heatran\n|-damage|p1a: Heatran|0 fnt\n|-heal|p2a: \ud83d\udc4d|100/100|[from] drain|[of] p1a: Heatran\n|-enditem|p1a: Heatran|Air Balloon\n|faint|p1a: Heatran\n|\n|upkeep\n|\n|t:|1695175489\n|switch|p1a: Bellibolt|Bellibolt, F|100/100\n|turn|12\n|\n|t:|1695175497\n|move|p2a: \ud83d\udc4d|Knock Off|p1a: Bellibolt\n|-damage|p1a: Bellibolt|31/100\n|-start|p1a: Bellibolt|Charge|Knock Off|[from] ability: Electromorphosis\n|-enditem|p1a: Bellibolt|Leftovers|[from] move: Knock Off|[of] p2a: \ud83d\udc4d\n|move|p1a: Bellibolt|Parabolic Charge|p2a: \ud83d\udc4d\n|-damage|p2a: \ud83d\udc4d|50/100\n|-heal|p1a: Bellibolt|52/100|[from] drain|[of] p2a: \ud83d\udc4d\n|-end|p1a: Bellibolt|Charge|[silent]\n|\n|upkeep\n|turn|13\n|\n|t:|1695175507\n|move|p2a: \ud83d\udc4d|Drain Punch|p1a: Bellibolt\n|-crit|p1a: Bellibolt\n|-damage|p1a: Bellibolt|0 fnt\n|-heal|p2a: \ud83d\udc4d|81/100|[from] drain|[of] p1a: Bellibolt\n|faint|p1a: Bellibolt\n|\n|upkeep\n|\n|t:|1695175509\n|switch|p1a: Ogerpon|Ogerpon, F|100/100\n|turn|14\n|\n|t:|1695175514\n|-terastallize|p1a: Ogerpon|Grass\n|detailschange|p1a: Ogerpon|Ogerpon-Teal-Tera, F, tera:Grass\n|-ability|p1a: Ogerpon|Embody Aspect (Teal)|boost\n|-boost|p1a: Ogerpon|spe|1\n|move|p1a: Ogerpon|Ivy Cudgel|p2a: \ud83d\udc4d\n|-resisted|p2a: \ud83d\udc4d\n|-damage|p2a: \ud83d\udc4d|59/100\n|move|p2a: \ud83d\udc4d|Poison Jab|p1a: Ogerpon\n|-supereffective|p1a: Ogerpon\n|-damage|p1a: Ogerpon|0 fnt\n|faint|p1a: Ogerpon\n|\n|win|pyrose\n|raw|LmaoMan64's rating: 1162 &rarr; <strong>1141</strong><br />(-21 for losing)\n|raw|pyrose's rating: 1219 &rarr; <strong>1240</strong><br />(+21 for winning)\n", "uploadtime": 1695175526, "views": 2, "p1id": "lmaoman64", "p2id": "pyrose", "formatid": "gen9ou", "rating": 1141, "private": 0, "password": ""}