{"id": "gen9ou-1947561101", "p1": "hax makes me wet", "p2": "UamKillir", "format": "gen9ou", "log": "|j|\u2606hax makes me wet\n|j|\u2606UamKillir\n|t:|1695172693\n|gametype|singles\n|player|p1|hax makes me wet|swimmerf2-gen6|1304\n|player|p2|UamKillir|1|1264\n|teamsize|p1|6\n|teamsize|p2|6\n|gen|9\n|tier|[Gen 9] OU\n|rated|\n|rule|Sleep Clause Mod: Limit one foe put to sleep\n|rule|Species Clause: Limit one of each Pok\u00e9mon\n|rule|OHKO Clause: OHKO moves are banned\n|rule|Evasion Items Clause: Evasion items are banned\n|rule|Evasion Moves Clause: Evasion moves are banned\n|rule|Endless Battle Clause: Forcing endless battles is banned\n|rule|HP Percentage Mod: HP is shown in percentages\n|clearpoke\n|poke|p1|Ninetales-Alola, M|\n|poke|p1|Samurott-Hisui, F|\n|poke|p1|Conkeldurr, M|\n|poke|p1|Great Tusk|\n|poke|p1|Chandelure, F|\n|poke|p1|Dragonite, M|\n|poke|p2|Ribombee, M|\n|poke|p2|Ogerpon-Wellspring, F|\n|poke|p2|Kingambit, F|\n|poke|p2|Ursaluna-Bloodmoon, M|\n|poke|p2|Gholdengo|\n|poke|p2|Samurott-Hisui, F|\n|teampreview\n|\n|t:|1695172713\n|start\n|switch|p1a: Ninetales|Ninetales-Alola, M|100/100\n|switch|p2a: Ribombee|Ribombee, M|100/100\n|-weather|Snow|[from] ability: Snow Warning|[of] p1a: Ninetales\n|turn|1\n|\n|t:|1695172754\n|move|p2a: Ribombee|Stun Spore|p1a: Ninetales|[miss]\n|-miss|p2a: Ribombee|p1a: Ninetales\n|move|p1a: Ninetales|Blizzard|p2a: Ribombee\n|-damage|p2a: Ribombee|26/100\n|\n|-weather|Snow|[upkeep]\n|upkeep\n|turn|2\n|\n|t:|1695172763\n|move|p2a: Ribombee|Sticky Web|p1a: Ninetales\n|-sidestart|p1: hax makes me wet|move: Sticky Web\n|move|p1a: Ninetales|Aurora Veil|p1a: Ninetales\n|-sidestart|p1: hax makes me wet|move: Aurora Veil\n|\n|-weather|Snow|[upkeep]\n|upkeep\n|turn|3\n|\n|t:|1695172766\n|move|p2a: Ribombee|Stun Spore|p1a: Ninetales\n|-status|p1a: Ninetales|par\n|move|p1a: Ninetales|Moonblast|p2a: Ribombee\n|-damage|p2a: Ribombee|0 fnt\n|faint|p2a: Ribombee\n|\n|-weather|Snow|[upkeep]\n|upkeep\n|inactive|Battle timer is ON: inactive players will automatically lose when time's up. (requested by hax makes me wet)\n|\n|t:|1695172806\n|switch|p2a: Ogerpon|Ogerpon-Wellspring, F|100/100\n|turn|4\n|\n|t:|1695172820\n|-terastallize|p2a: Ogerpon|Water\n|detailschange|p2a: Ogerpon|Ogerpon-Wellspring-Tera, F, tera:Water\n|-ability|p2a: Ogerpon|Embody Aspect (Wellspring)|boost\n|-boost|p2a: Ogerpon|spd|1\n|move|p2a: Ogerpon|Swords Dance|p2a: Ogerpon\n|-boost|p2a: Ogerpon|atk|2\n|cant|p1a: Ninetales|par\n|\n|-weather|Snow|[upkeep]\n|upkeep\n|turn|5\n|\n|t:|1695172829\n|move|p2a: Ogerpon|Swords Dance|p2a: Ogerpon\n|-boost|p2a: Ogerpon|atk|2\n|cant|p1a: Ninetales|par\n|\n|-weather|none\n|upkeep\n|turn|6\n|c|\u2606hax makes me wet|sigh\n|c|\u2606hax makes me wet|gg\n|\n|t:|1695172838\n|move|p2a: Ogerpon|Ivy Cudgel|p1a: Ninetales\n|-damage|p1a: Ninetales|0 fnt\n|faint|p1a: Ninetales\n|\n|upkeep\n|\n|t:|1695172842\n|switch|p1a: Dragonite|Dragonite, M|100/100\n|turn|7\n|\n|t:|1695172844\n|move|p2a: Ogerpon|Play Rough|p1a: Dragonite\n|-supereffective|p1a: Dragonite\n|-damage|p1a: Dragonite|42/100\n|move|p1a: Dragonite|Dragon Dance|p1a: Dragonite\n|-boost|p1a: Dragonite|atk|1\n|-boost|p1a: Dragonite|spe|1\n|\n|upkeep\n|turn|8\n|c|\u2606hax makes me wet|what am i saying\n|c|\u2606hax makes me wet|bg\n|\n|t:|1695172852\n|-terastallize|p1a: Dragonite|Normal\n|move|p1a: Dragonite|Extreme Speed|p2a: Ogerpon\n|-damage|p2a: Ogerpon|14/100\n|move|p2a: Ogerpon|Play Rough|p1a: Dragonite\n|-damage|p1a: Dragonite|0 fnt\n|faint|p1a: Dragonite\n|\n|upkeep\n|\n|t:|1695172856\n|switch|p1a: Conkeldurr|Conkeldurr, M|100/100\n|-activate|p1a: Conkeldurr|move: Sticky Web\n|-unboost|p1a: Conkeldurr|spe|1\n|turn|9\n|\n|t:|1695172861\n|switch|p2a: Gholdengo|Gholdengo|100/100\n|-item|p2a: Gholdengo|Air Balloon\n|move|p1a: Conkeldurr|Mach Punch|p2a: Gholdengo\n|-immune|p2a: Gholdengo\n|\n|-sideend|p1: hax makes me wet|move: Aurora Veil\n|-status|p1a: Conkeldurr|brn|[from] item: Flame Orb\n|upkeep\n|turn|10\n|c|\u2606hax makes me wet|gay ass pera\n|\n|t:|1695172880\n|move|p2a: Gholdengo|Shadow Ball|p1a: Conkeldurr\n|-damage|p1a: Conkeldurr|60/100 brn\n|move|p1a: Conkeldurr|Knock Off|p2a: Gholdengo\n|-supereffective|p2a: Gholdengo\n|-damage|p2a: Gholdengo|16/100\n|-enditem|p2a: Gholdengo|Air Balloon\n|\n|-damage|p1a: Conkeldurr|54/100 brn|[from] brn\n|upkeep\n|turn|11\n|inactive|hax makes me wet has 120 seconds left.\n|inactive|UamKillir has 120 seconds left.\n|inactive|UamKillir has 90 seconds left.\n|\n|t:|1695172996\n|switch|p1a: Samurott|Samurott-Hisui, F|100/100\n|-activate|p1a: Samurott|move: Sticky Web\n|-unboost|p1a: Samurott|spe|1\n|move|p2a: Gholdengo|Shadow Ball|p1a: Samurott\n|-resisted|p1a: Samurott\n|-damage|p1a: Samurott|76/100\n|-unboost|p1a: Samurott|spd|1\n|\n|upkeep\n|turn|12\n|\n|t:|1695173011\n|move|p2a: Gholdengo|Focus Blast|p1a: Samurott\n|-supereffective|p1a: Samurott\n|-damage|p1a: Samurott|0 fnt\n|faint|p1a: Samurott\n|\n|upkeep\n|\n|t:|1695173015\n|switch|p1a: Great Tusk|Great Tusk|100/100\n|-activate|p1a: Great Tusk|move: Sticky Web\n|-unboost|p1a: Great Tusk|spe|1\n|turn|13\n|-message|hax makes me wet forfeited.\n|\n|win|UamKillir\n|raw|hax makes me wet's rating: 1304 &rarr; <strong>1282</strong><br />(-22 for losing)\n|raw|UamKillir's rating: 1264 &rarr; <strong>1292</strong><br />(+28 for winning)\n|l|\u2606hax makes me wet\n", "uploadtime": 1695172866, "views": 4, "p1id": "haxmakesmewet", "p2id": "uamkillir", "formatid": "gen9ou", "rating": 1282, "private": 0, "password": ""}