{"id": "gen9ou-1947531910", "p1": "JoeyScratch17", "p2": "JAADragon", "format": "gen9ou", "log": "|j|\u2606JoeyScratch17\n|j|\u2606JAADragon\n|t:|1695169870\n|gametype|singles\n|player|p1|JoeyScratch17|byron|1232\n|player|p2|JAADragon|ethan|1130\n|teamsize|p1|6\n|teamsize|p2|6\n|gen|9\n|tier|[Gen 9] OU\n|rated|\n|rule|Sleep Clause Mod: Limit one foe put to sleep\n|rule|Species Clause: Limit one of each Pok\u00e9mon\n|rule|OHKO Clause: OHKO moves are banned\n|rule|Evasion Items Clause: Evasion items are banned\n|rule|Evasion Moves Clause: Evasion moves are banned\n|rule|Endless Battle Clause: Forcing endless battles is banned\n|rule|HP Percentage Mod: HP is shown in percentages\n|clearpoke\n|poke|p1|Ogerpon-Hearthflame, F|\n|poke|p1|Meowscarada, F|\n|poke|p1|Greninja-*, M|\n|poke|p1|Zapdos|\n|poke|p1|Munkidori, M|\n|poke|p1|Iron Treads|\n|poke|p2|Ceruledge, M|\n|poke|p2|Ampharos, F|\n|poke|p2|Lokix, F|\n|poke|p2|Espeon, F|\n|poke|p2|Hawlucha, M|\n|poke|p2|Ogerpon-Hearthflame, F|\n|teampreview\n|inactive|Battle timer is ON: inactive players will automatically lose when time's up. (requested by JoeyScratch17)\n|\n|t:|1695169877\n|start\n|switch|p1a: Munkidori|Munkidori, M|100/100\n|switch|p2a: Amp!|Ampharos, F|100/100\n|turn|1\n|\n|t:|1695169891\n|move|p1a: Munkidori|Sludge Wave|p2a: Amp!\n|-damage|p2a: Amp!|28/100\n|-status|p2a: Amp!|tox|[from] ability: Toxic Chain|[of] p1a: Munkidori\n|move|p2a: Amp!|Thunder Punch|p1a: Munkidori\n|-damage|p1a: Munkidori|30/100\n|\n|-damage|p2a: Amp!|22/100 tox|[from] psn\n|upkeep\n|turn|2\n|\n|t:|1695169909\n|switch|p1a: Iron Treads|Iron Treads|100/100\n|move|p2a: Amp!|Thunder Punch|p1a: Iron Treads\n|-immune|p1a: Iron Treads\n|\n|-damage|p2a: Amp!|10/100 tox|[from] psn\n|upkeep\n|turn|3\n|\n|t:|1695169917\n|switch|p2a: Megumi|Espeon, F|100/100\n|move|p1a: Iron Treads|Volt Switch|p2a: Megumi\n|-damage|p2a: Megumi|85/100\n|\n|t:|1695169920\n|-end|p1a: Iron Treads|Quark Drive|[silent]\n|switch|p1a: Munkidori|Munkidori, M|30/100|[from] Volt Switch\n|\n|upkeep\n|turn|4\n|\n|t:|1695169926\n|move|p2a: Megumi|Psychic|p1a: Munkidori\n|-damage|p1a: Munkidori|0 fnt\n|faint|p1a: Munkidori\n|\n|upkeep\n|\n|t:|1695169933\n|switch|p1a: Greninja|Greninja, M|100/100\n|turn|5\n|\n|t:|1695169939\n|switch|p2a: Amp!|Ampharos, F|10/100 tox\n|move|p1a: Greninja|Dark Pulse|p2a: Amp!\n|-damage|p2a: Amp!|0 fnt\n|faint|p2a: Amp!\n|-ability|p1a: Greninja|Battle Bond|boost\n|-boost|p1a: Greninja|atk|1\n|-boost|p1a: Greninja|spa|1\n|-boost|p1a: Greninja|spe|1\n|-activate|p1a: Greninja|ability: Battle Bond\n|-damage|p1a: Greninja|91/100|[from] item: Life Orb\n|\n|upkeep\n|\n|t:|1695169955\n|switch|p2a: Loki|Lokix, F|100/100\n|turn|6\n|\n|t:|1695169961\n|-terastallize|p1a: Greninja|Water\n|move|p1a: Greninja|Surf|p2a: Loki\n|-enditem|p2a: Loki|Focus Sash\n|-damage|p2a: Loki|1/100\n|-damage|p1a: Greninja|81/100|[from] item: Life Orb\n|move|p2a: Loki|Counter||[still]\n|-fail|p2a: Loki\n|\n|upkeep\n|turn|7\n|\n|t:|1695169972\n|switch|p2a: Ghost|Hawlucha, M, shiny|100/100\n|-ability|p2a: Ghost|Mold Breaker\n|move|p1a: Greninja|Surf|p2a: Ghost\n|-damage|p2a: Ghost|0 fnt\n|faint|p2a: Ghost\n|-damage|p1a: Greninja|71/100|[from] item: Life Orb\n|\n|upkeep\n|\n|t:|1695169987\n|switch|p2a: Loki|Lokix, F|1/100\n|turn|8\n|\n|t:|1695169991\n|move|p2a: Loki|Sucker Punch|p1a: Greninja\n|-crit|p1a: Greninja\n|-damage|p1a: Greninja|0 fnt\n|faint|p1a: Greninja\n|\n|upkeep\n|\n|t:|1695169995\n|switch|p1a: Zapdos|Zapdos|100/100\n|-ability|p1a: Zapdos|Pressure\n|turn|9\n|\n|t:|1695170002\n|move|p2a: Loki|U-turn|p1a: Zapdos\n|-resisted|p1a: Zapdos\n|-damage|p1a: Zapdos|69/100\n|\n|t:|1695170005\n|switch|p2a: Megumi|Espeon, F|85/100|[from] U-turn\n|move|p1a: Zapdos|Rain Dance|p1a: Zapdos\n|-weather|RainDance\n|\n|-weather|RainDance|[upkeep]\n|-heal|p1a: Zapdos|75/100|[from] item: Leftovers\n|upkeep\n|turn|10\n|\n|t:|1695170013\n|move|p2a: Megumi|Power Gem|p1a: Zapdos\n|-supereffective|p1a: Zapdos\n|-damage|p1a: Zapdos|0 fnt\n|faint|p1a: Zapdos\n|\n|-weather|RainDance|[upkeep]\n|upkeep\n|\n|t:|1695170023\n|switch|p1a: Meowscarada|Meowscarada, F|100/100\n|turn|11\n|\n|t:|1695170032\n|switch|p2a: Oldraw|Ceruledge, M, shiny|100/100\n|move|p1a: Meowscarada|U-turn|p2a: Oldraw\n|-start|p1a: Meowscarada|typechange|Bug|[from] ability: Protean\n|-resisted|p2a: Oldraw\n|-damage|p2a: Oldraw|80/100\n|\n|t:|1695170034\n|switch|p1a: Iron Treads|Iron Treads|100/100|[from] U-turn\n|\n|-weather|RainDance|[upkeep]\n|upkeep\n|turn|12\n|\n|t:|1695170046\n|-terastallize|p2a: Oldraw|Grass\n|move|p1a: Iron Treads|Earthquake|p2a: Oldraw\n|-resisted|p2a: Oldraw\n|-damage|p2a: Oldraw|46/100\n|move|p2a: Oldraw|Flame Charge|p1a: Iron Treads\n|-supereffective|p1a: Iron Treads\n|-damage|p1a: Iron Treads|77/100\n|-boost|p2a: Oldraw|spe|1\n|\n|-weather|RainDance|[upkeep]\n|upkeep\n|turn|13\n|\n|t:|1695170056\n|move|p2a: Oldraw|Bitter Blade|p1a: Iron Treads\n|-supereffective|p1a: Iron Treads\n|-damage|p1a: Iron Treads|36/100\n|-heal|p2a: Oldraw|69/100|[from] drain|[of] p1a: Iron Treads\n|move|p1a: Iron Treads|Volt Switch|p2a: Oldraw\n|-resisted|p2a: Oldraw\n|-damage|p2a: Oldraw|63/100\n|\n|t:|1695170060\n|-end|p1a: Iron Treads|Quark Drive|[silent]\n|switch|p1a: Meowscarada|Meowscarada, F|100/100|[from] Volt Switch\n|\n|-weather|none\n|upkeep\n|turn|14\n|\n|t:|1695170070\n|move|p2a: Oldraw|Flame Charge|p1a: Meowscarada\n|-supereffective|p1a: Meowscarada\n|-damage|p1a: Meowscarada|20/100\n|-boost|p2a: Oldraw|spe|1\n|move|p1a: Meowscarada|U-turn|p2a: Oldraw\n|-start|p1a: Meowscarada|typechange|Bug|[from] ability: Protean\n|-supereffective|p2a: Oldraw\n|-damage|p2a: Oldraw|0 fnt\n|faint|p2a: Oldraw\n|\n|t:|1695170075\n|switch|p1a: Ogerpon|Ogerpon-Hearthflame, F|100/100|[from] U-turn\n|-ability|p1a: Ogerpon|Mold Breaker\n|\n|upkeep\n|\n|t:|1695170081\n|switch|p2a: Megumi|Espeon, F|85/100\n|turn|15\n|\n|t:|1695170087\n|move|p2a: Megumi|Thunder Wave|p1a: Ogerpon\n|-status|p1a: Ogerpon|par\n|move|p1a: Ogerpon|Trailblaze|p2a: Megumi\n|-damage|p2a: Megumi|27/100\n|-boost|p1a: Ogerpon|spe|1\n|\n|upkeep\n|turn|16\n|\n|t:|1695170099\n|switch|p2a: Loki|Lokix, F|1/100\n|cant|p1a: Ogerpon|par\n|\n|upkeep\n|turn|17\n|\n|t:|1695170102\n|move|p2a: Loki|First Impression|p1a: Ogerpon\n|-damage|p1a: Ogerpon|47/100 par\n|move|p1a: Ogerpon|Trailblaze|p2a: Loki\n|-resisted|p2a: Loki\n|-damage|p2a: Loki|0 fnt\n|-boost|p1a: Ogerpon|spe|1\n|faint|p2a: Loki\n|\n|upkeep\n|\n|t:|1695170109\n|switch|p2a: Megumi|Espeon, F|27/100\n|turn|18\n|\n|t:|1695170120\n|move|p2a: Megumi|Psychic|p1a: Ogerpon\n|-damage|p1a: Ogerpon|0 fnt\n|faint|p1a: Ogerpon\n|\n|upkeep\n|\n|t:|1695170126\n|switch|p1a: Meowscarada|Meowscarada, F|20/100\n|turn|19\n|\n|t:|1695170131\n|move|p1a: Meowscarada|Flower Trick|p2a: Megumi\n|-start|p1a: Meowscarada|typechange|Grass|[from] ability: Protean\n|-crit|p2a: Megumi\n|-damage|p2a: Megumi|0 fnt\n|faint|p2a: Megumi\n|\n|upkeep\n|\n|t:|1695170135\n|switch|p2a: Ogerpon|Ogerpon-Hearthflame, F|100/100\n|-ability|p2a: Ogerpon|Mold Breaker\n|turn|20\n|\n|t:|1695170149\n|move|p1a: Meowscarada|Flower Trick|p2a: Ogerpon\n|-resisted|p2a: Ogerpon\n|-crit|p2a: Ogerpon\n|-damage|p2a: Ogerpon|83/100\n|move|p2a: Ogerpon|Trailblaze|p1a: Meowscarada\n|-resisted|p1a: Meowscarada\n|-damage|p1a: Meowscarada|0 fnt\n|-boost|p2a: Ogerpon|spe|1\n|faint|p1a: Meowscarada\n|\n|upkeep\n|-message|JoeyScratch17 forfeited.\n|\n|win|JAADragon\n|raw|JoeyScratch17's rating: 1232 &rarr; <strong>1200</strong><br />(-32 for losing)\n|raw|JAADragon's rating: 1130 &rarr; <strong>1162</strong><br />(+32 for winning)\n|l|\u2606JoeyScratch17\n", "uploadtime": 1695170180, "views": 1, "p1id": "joeyscratch17", "p2id": "jaadragon", "formatid": "gen9ou", "rating": 1162, "private": 0, "password": ""}