{"id": "gen9ou-1947551332", "p1": "Spwert", "p2": "Chartwig", "format": "gen9ou", "log": "|j|\u2606Spwert\n|j|\u2606Chartwig\n|t:|1695171737\n|gametype|singles\n|player|p1|Spwert|yellow|1501\n|player|p2|Chartwig|hilbert|1424\n|teamsize|p1|6\n|teamsize|p2|6\n|gen|9\n|tier|[Gen 9] OU\n|rated|\n|rule|Sleep Clause Mod: Limit one foe put to sleep\n|rule|Species Clause: Limit one of each Pok\u00e9mon\n|rule|OHKO Clause: OHKO moves are banned\n|rule|Evasion Items Clause: Evasion items are banned\n|rule|Evasion Moves Clause: Evasion moves are banned\n|rule|Endless Battle Clause: Forcing endless battles is banned\n|rule|HP Percentage Mod: HP is shown in percentages\n|clearpoke\n|poke|p1|Ursaluna-Bloodmoon, M|\n|poke|p1|Ninetales-Alola, M|\n|poke|p1|Manaphy|\n|poke|p1|Greninja-*, M|\n|poke|p1|Great Tusk|\n|poke|p1|Samurott-Hisui, F|\n|poke|p2|Ninetales-Alola, M|\n|poke|p2|Ogerpon-Wellspring, F|\n|poke|p2|Iron Moth|\n|poke|p2|Piloswine, F|\n|poke|p2|Great Tusk|\n|poke|p2|Manaphy|\n|teampreview\n|inactive|Battle timer is ON: inactive players will automatically lose when time's up. (requested by Chartwig)\n|\n|t:|1695171755\n|start\n|switch|p1a: Ursaluna|Ursaluna-Bloodmoon, M|100/100\n|switch|p2a: Ninetales|Ninetales-Alola, M|100/100\n|-weather|Snow|[from] ability: Snow Warning|[of] p2a: Ninetales\n|turn|1\n|\n|t:|1695171759\n|move|p2a: Ninetales|Aurora Veil|p2a: Ninetales\n|-sidestart|p2: Chartwig|move: Aurora Veil\n|move|p1a: Ursaluna|Blood Moon|p2a: Ninetales\n|-damage|p2a: Ninetales|62/100\n|\n|-weather|Snow|[upkeep]\n|upkeep\n|turn|2\n|\n|t:|1695171764\n|switch|p1a: Ninetales|Ninetales-Alola, M|100/100\n|move|p2a: Ninetales|Hypnosis|p1a: Ninetales\n|-status|p1a: Ninetales|slp|[from] move: Hypnosis\n|\n|-weather|Snow|[upkeep]\n|upkeep\n|turn|3\n|\n|t:|1695171769\n|switch|p1a: Samurott|Samurott-Hisui, F|100/100\n|switch|p2a: Piloswine|Piloswine, F|100/100\n|\n|-weather|Snow|[upkeep]\n|upkeep\n|turn|4\n|\n|t:|1695171774\n|move|p1a: Samurott|Ceaseless Edge|p2a: Piloswine\n|-damage|p2a: Piloswine|90/100\n|-sidestart|p2: Chartwig|Spikes\n|move|p2a: Piloswine|Stealth Rock|p1a: Samurott\n|-sidestart|p1: Spwert|move: Stealth Rock\n|\n|-weather|Snow|[upkeep]\n|upkeep\n|turn|5\n|\n|t:|1695171778\n|move|p1a: Samurott|Ceaseless Edge|p2a: Piloswine|[miss]\n|-miss|p1a: Samurott|p2a: Piloswine\n|move|p2a: Piloswine|Earthquake|p1a: Samurott\n|-crit|p1a: Samurott\n|-damage|p1a: Samurott|12/100\n|\n|-weather|none\n|upkeep\n|turn|6\n|\n|t:|1695171781\n|move|p2a: Piloswine|Ice Shard|p1a: Samurott\n|-resisted|p1a: Samurott\n|-damage|p1a: Samurott|0 fnt\n|faint|p1a: Samurott\n|\n|upkeep\n|\n|t:|1695171784\n|switch|p1a: Great Tusk|Great Tusk|100/100\n|-damage|p1a: Great Tusk|98/100|[from] Stealth Rock\n|turn|7\n|\n|t:|1695171788\n|move|p1a: Great Tusk|Rapid Spin|p2a: Piloswine\n|-damage|p2a: Piloswine|85/100\n|-boost|p1a: Great Tusk|spe|1\n|-sideend|p1: Spwert|Stealth Rock|[from] move: Rapid Spin|[of] p1a: Great Tusk\n|move|p2a: Piloswine|Earthquake|p1a: Great Tusk\n|-damage|p1a: Great Tusk|73/100\n|\n|-heal|p1a: Great Tusk|79/100|[from] item: Leftovers\n|upkeep\n|turn|8\n|\n|t:|1695171798\n|move|p2a: Piloswine|Ice Shard|p1a: Great Tusk\n|-supereffective|p1a: Great Tusk\n|-crit|p1a: Great Tusk\n|-damage|p1a: Great Tusk|51/100\n|move|p1a: Great Tusk|Knock Off|p2a: Piloswine\n|-crit|p2a: Piloswine\n|-damage|p2a: Piloswine|57/100\n|-enditem|p2a: Piloswine|Eviolite|[from] move: Knock Off|[of] p1a: Great Tusk\n|\n|-heal|p1a: Great Tusk|57/100|[from] item: Leftovers\n|-sideend|p2: Chartwig|move: Aurora Veil\n|upkeep\n|turn|9\n|\n|t:|1695171810\n|switch|p2a: Great Tusk|Great Tusk|100/100\n|move|p1a: Great Tusk|Earthquake|p2a: Great Tusk\n|-damage|p2a: Great Tusk|66/100\n|\n|-heal|p1a: Great Tusk|64/100|[from] item: Leftovers\n|upkeep\n|turn|10\n|\n|t:|1695171818\n|move|p1a: Great Tusk|Knock Off|p2a: Great Tusk\n|-resisted|p2a: Great Tusk\n|-damage|p2a: Great Tusk|56/100\n|-enditem|p2a: Great Tusk|Heavy-Duty Boots|[from] move: Knock Off|[of] p1a: Great Tusk\n|move|p2a: Great Tusk|Rapid Spin|p1a: Great Tusk\n|-damage|p1a: Great Tusk|55/100\n|-boost|p2a: Great Tusk|spe|1\n|-sideend|p2: Chartwig|Spikes|[from] move: Rapid Spin|[of] p2a: Great Tusk\n|\n|-heal|p1a: Great Tusk|62/100|[from] item: Leftovers\n|upkeep\n|turn|11\n|\n|t:|1695171824\n|move|p2a: Great Tusk|Ice Spinner|p1a: Great Tusk\n|-supereffective|p1a: Great Tusk\n|-damage|p1a: Great Tusk|37/100\n|move|p1a: Great Tusk|Earthquake|p2a: Great Tusk\n|-damage|p2a: Great Tusk|24/100\n|\n|-heal|p1a: Great Tusk|43/100|[from] item: Leftovers\n|upkeep\n|turn|12\n|\n|t:|1695171832\n|move|p2a: Great Tusk|Headlong Rush|p1a: Great Tusk\n|-damage|p1a: Great Tusk|11/100\n|-unboost|p2a: Great Tusk|def|1\n|-unboost|p2a: Great Tusk|spd|1\n|move|p1a: Great Tusk|Earthquake|p2a: Great Tusk\n|-damage|p2a: Great Tusk|0 fnt\n|faint|p2a: Great Tusk\n|-end|p2a: Great Tusk|Protosynthesis|[silent]\n|\n|-heal|p1a: Great Tusk|17/100|[from] item: Leftovers\n|upkeep\n|\n|t:|1695171836\n|switch|p2a: Ninetales|Ninetales-Alola, M|62/100\n|-weather|Snow|[from] ability: Snow Warning|[of] p2a: Ninetales\n|turn|13\n|\n|t:|1695171839\n|move|p2a: Ninetales|Aurora Veil|p2a: Ninetales\n|-sidestart|p2: Chartwig|move: Aurora Veil\n|move|p1a: Great Tusk|Stealth Rock|p2a: Ninetales\n|-sidestart|p2: Chartwig|move: Stealth Rock\n|\n|-weather|Snow|[upkeep]\n|-heal|p1a: Great Tusk|24/100|[from] item: Leftovers\n|upkeep\n|turn|14\n|\n|t:|1695171842\n|move|p2a: Ninetales|Moonblast|p1a: Great Tusk\n|-supereffective|p1a: Great Tusk\n|-damage|p1a: Great Tusk|0 fnt\n|faint|p1a: Great Tusk\n|-end|p1a: Great Tusk|Protosynthesis|[silent]\n|\n|-weather|Snow|[upkeep]\n|upkeep\n|\n|t:|1695171849\n|switch|p1a: Manaphy|Manaphy|100/100\n|turn|15\n|\n|t:|1695171853\n|switch|p2a: Ogerpon|Ogerpon-Wellspring, F|100/100\n|-damage|p2a: Ogerpon|88/100|[from] Stealth Rock\n|move|p1a: Manaphy|Acid Armor|p1a: Manaphy\n|-boost|p1a: Manaphy|def|2\n|\n|-weather|Snow|[upkeep]\n|upkeep\n|turn|16\n|\n|t:|1695171859\n|-terastallize|p1a: Manaphy|Fairy\n|move|p2a: Ogerpon|Swords Dance|p2a: Ogerpon\n|-boost|p2a: Ogerpon|atk|2\n|move|p1a: Manaphy|Acid Armor|p1a: Manaphy\n|-boost|p1a: Manaphy|def|2\n|\n|-weather|Snow|[upkeep]\n|upkeep\n|turn|17\n|\n|t:|1695171864\n|move|p2a: Ogerpon|Swords Dance|p2a: Ogerpon\n|-boost|p2a: Ogerpon|atk|2\n|move|p1a: Manaphy|Acid Armor|p1a: Manaphy\n|-boost|p1a: Manaphy|def|2\n|\n|-weather|none\n|upkeep\n|turn|18\n|\n|t:|1695171868\n|move|p2a: Ogerpon|Swords Dance|p2a: Ogerpon\n|-boost|p2a: Ogerpon|atk|2\n|move|p1a: Manaphy|Take Heart|p1a: Manaphy\n|-boost|p1a: Manaphy|spa|1\n|-boost|p1a: Manaphy|spd|1\n|\n|upkeep\n|turn|19\n|\n|t:|1695171872\n|move|p2a: Ogerpon|Ivy Cudgel|p1a: Manaphy\n|-damage|p1a: Manaphy|63/100\n|move|p1a: Manaphy|Take Heart|p1a: Manaphy\n|-boost|p1a: Manaphy|spa|1\n|-boost|p1a: Manaphy|spd|1\n|\n|-heal|p1a: Manaphy|70/100|[from] item: Leftovers\n|upkeep\n|turn|20\n|\n|t:|1695171876\n|-terastallize|p2a: Ogerpon|Water\n|detailschange|p2a: Ogerpon|Ogerpon-Wellspring-Tera, F, tera:Water\n|-ability|p2a: Ogerpon|Embody Aspect (Wellspring)|boost\n|-boost|p2a: Ogerpon|spd|1\n|move|p2a: Ogerpon|Ivy Cudgel|p1a: Manaphy\n|-damage|p1a: Manaphy|23/100\n|move|p1a: Manaphy|Stored Power|p2a: Ogerpon\n|-damage|p2a: Ogerpon|47/100\n|\n|-heal|p1a: Manaphy|29/100|[from] item: Leftovers\n|-sideend|p2: Chartwig|move: Aurora Veil\n|upkeep\n|turn|21\n|\n|t:|1695171885\n|move|p2a: Ogerpon|Ivy Cudgel|p1a: Manaphy\n|-crit|p1a: Manaphy\n|-damage|p1a: Manaphy|0 fnt\n|faint|p1a: Manaphy\n|\n|upkeep\n|\n|t:|1695171889\n|switch|p1a: Greninja|Greninja, M|100/100\n|turn|22\n|\n|t:|1695171900\n|move|p1a: Greninja|Dark Pulse|p2a: Ogerpon\n|-damage|p2a: Ogerpon|8/100\n|-damage|p1a: Greninja|91/100|[from] item: Life Orb\n|move|p2a: Ogerpon|Ivy Cudgel|p1a: Greninja\n|-resisted|p1a: Greninja\n|-damage|p1a: Greninja|0 fnt\n|faint|p1a: Greninja\n|\n|upkeep\n|c|\u2606Chartwig|gg\n|\n|t:|1695171911\n|switch|p1a: Ursaluna|Ursaluna-Bloodmoon, M|100/100\n|turn|23\n|\n|t:|1695171913\n|move|p1a: Ursaluna|Vacuum Wave|p2a: Ogerpon\n|-damage|p2a: Ogerpon|0 fnt\n|faint|p2a: Ogerpon\n|\n|upkeep\n|\n|t:|1695171921\n|switch|p2a: Manaphy|Manaphy|100/100\n|-damage|p2a: Manaphy|88/100|[from] Stealth Rock\n|turn|24\n|\n|t:|1695171926\n|move|p2a: Manaphy|Surf|p1a: Ursaluna\n|-supereffective|p1a: Ursaluna\n|-damage|p1a: Ursaluna|9/100\n|move|p1a: Ursaluna|Blood Moon|p2a: Manaphy\n|-damage|p2a: Manaphy|10/100\n|\n|-heal|p2a: Manaphy|16/100|[from] item: Leftovers\n|-heal|p1a: Ursaluna|15/100|[from] item: Leftovers\n|upkeep\n|turn|25\n|\n|t:|1695171930\n|move|p1a: Ursaluna|Vacuum Wave|p2a: Manaphy\n|-damage|p2a: Manaphy|1/100\n|move|p2a: Manaphy|Surf|p1a: Ursaluna\n|-supereffective|p1a: Ursaluna\n|-damage|p1a: Ursaluna|0 fnt\n|faint|p1a: Ursaluna\n|\n|-heal|p2a: Manaphy|7/100|[from] item: Leftovers\n|upkeep\n|\n|t:|1695171933\n|switch|p1a: Ninetales|Ninetales-Alola, M|100/100 slp\n|-weather|Snow|[from] ability: Snow Warning|[of] p1a: Ninetales\n|turn|26\n|-message|Spwert forfeited.\n|\n|win|Chartwig\n|raw|Spwert's rating: 1501 &rarr; <strong>1477</strong><br />(-24 for losing)\n|raw|Chartwig's rating: 1424 &rarr; <strong>1448</strong><br />(+24 for winning)\n|l|\u2606Spwert\n", "uploadtime": 1695171942, "views": 5, "p1id": "spwert", "p2id": "chartwig", "formatid": "gen9ou", "rating": 1448, "private": 0, "password": ""}