{"id": "gen9ou-1947503678", "p1": "Goobster23", "p2": "shes cooking\u2661", "format": "gen9ou", "log": "|j|\u2606Goobster23\n|j|\u2606shes cooking\u2661\n|t:|1695167080\n|gametype|singles\n|player|p1|Goobster23|266|1191\n|player|p2|shes cooking\u2661|maid-gen4|1233\n|teamsize|p1|6\n|teamsize|p2|6\n|gen|9\n|tier|[Gen 9] OU\n|rated|\n|rule|Sleep Clause Mod: Limit one foe put to sleep\n|rule|Species Clause: Limit one of each Pok\u00e9mon\n|rule|OHKO Clause: OHKO moves are banned\n|rule|Evasion Items Clause: Evasion items are banned\n|rule|Evasion Moves Clause: Evasion moves are banned\n|rule|Endless Battle Clause: Forcing endless battles is banned\n|rule|HP Percentage Mod: HP is shown in percentages\n|clearpoke\n|poke|p1|Samurott-Hisui, M|\n|poke|p1|Kingambit, M|\n|poke|p1|Great Tusk|\n|poke|p1|Manaphy|\n|poke|p1|Slowking-Galar, F|\n|poke|p1|Mamoswine, M|\n|poke|p2|Leavanny, F|\n|poke|p2|Iron Valiant|\n|poke|p2|Kommo-o, M|\n|poke|p2|Dragapult, M|\n|poke|p2|Ogerpon-Hearthflame, F|\n|poke|p2|Garchomp, F|\n|teampreview\n|\n|t:|1695167093\n|start\n|switch|p1a: Mamoswine|Mamoswine, M|100/100\n|switch|p2a: Leavanny|Leavanny, F|100/100\n|turn|1\n|\n|t:|1695167100\n|move|p2a: Leavanny|Sticky Web|p1a: Mamoswine\n|-sidestart|p1: Goobster23|move: Sticky Web\n|move|p1a: Mamoswine|Knock Off|p2a: Leavanny\n|-damage|p2a: Leavanny|45/100\n|-enditem|p2a: Leavanny|Focus Sash|[from] move: Knock Off|[of] p1a: Mamoswine\n|\n|upkeep\n|turn|2\n|inactive|Battle timer is ON: inactive players will automatically lose when time's up. (requested by Goobster23)\n|\n|t:|1695167106\n|move|p1a: Mamoswine|Ice Shard|p2a: Leavanny\n|-supereffective|p2a: Leavanny\n|-damage|p2a: Leavanny|0 fnt\n|faint|p2a: Leavanny\n|\n|upkeep\n|\n|t:|1695167111\n|switch|p2a: Garchomp|Garchomp, F|100/100\n|turn|3\n|\n|t:|1695167116\n|-terastallize|p2a: Garchomp|Water\n|move|p1a: Mamoswine|Ice Shard|p2a: Garchomp\n|-resisted|p2a: Garchomp\n|-crit|p2a: Garchomp\n|-damage|p2a: Garchomp|82/100\n|move|p2a: Garchomp|Swords Dance|p2a: Garchomp\n|-boost|p2a: Garchomp|atk|2\n|\n|upkeep\n|turn|4\n|\n|t:|1695167123\n|move|p2a: Garchomp|Liquidation|p1a: Mamoswine\n|-supereffective|p1a: Mamoswine\n|-damage|p1a: Mamoswine|0 fnt\n|faint|p1a: Mamoswine\n|\n|upkeep\n|\n|t:|1695167128\n|switch|p1a: Great Tusk|Great Tusk|100/100\n|-activate|p1a: Great Tusk|move: Sticky Web\n|-unboost|p1a: Great Tusk|spe|1\n|turn|5\n|\n|t:|1695167133\n|-terastallize|p1a: Great Tusk|Water\n|move|p2a: Garchomp|Liquidation|p1a: Great Tusk\n|-resisted|p1a: Great Tusk\n|-damage|p1a: Great Tusk|70/100\n|-unboost|p1a: Great Tusk|def|1\n|move|p1a: Great Tusk|Rapid Spin|p2a: Garchomp\n|-damage|p2a: Garchomp|67/100\n|-boost|p1a: Great Tusk|spe|1\n|-damage|p1a: Great Tusk|58/100|[from] ability: Rough Skin|[of] p2a: Garchomp\n|-sideend|p1: Goobster23|Sticky Web|[from] move: Rapid Spin|[of] p1a: Great Tusk\n|\n|-heal|p1a: Great Tusk|64/100|[from] item: Leftovers\n|upkeep\n|turn|6\n|\n|t:|1695167147\n|move|p2a: Garchomp|Scale Shot|p1a: Great Tusk\n|-damage|p1a: Great Tusk|37/100\n|-damage|p1a: Great Tusk|10/100\n|-damage|p1a: Great Tusk|0 fnt\n|faint|p1a: Great Tusk\n|-end|p1a: Great Tusk|Protosynthesis|[silent]\n|-hitcount|p1: Great Tusk|3\n|-unboost|p2a: Garchomp|def|1\n|-boost|p2a: Garchomp|spe|1\n|\n|upkeep\n|\n|t:|1695167155\n|switch|p1a: Samurott|Samurott-Hisui, M|100/100\n|turn|7\n|\n|t:|1695167161\n|move|p1a: Samurott|Sucker Punch|p2a: Garchomp\n|-damage|p2a: Garchomp|24/100\n|-damage|p1a: Samurott|88/100|[from] ability: Rough Skin|[of] p2a: Garchomp\n|move|p2a: Garchomp|Earthquake|p1a: Samurott\n|-damage|p1a: Samurott|0 fnt\n|faint|p1a: Samurott\n|\n|upkeep\n|\n|t:|1695167164\n|switch|p1a: Kingambit|Kingambit, M|100/100\n|-activate|p1a: Kingambit|ability: Supreme Overlord\n|-start|p1a: Kingambit|fallen3|[silent]\n|turn|8\n|\n|t:|1695167172\n|move|p1a: Kingambit|Sucker Punch|p2a: Garchomp\n|-damage|p2a: Garchomp|0 fnt\n|-damage|p1a: Kingambit|88/100|[from] ability: Rough Skin|[of] p2a: Garchomp\n|faint|p2a: Garchomp\n|\n|-heal|p1a: Kingambit|94/100|[from] item: Leftovers\n|upkeep\n|\n|t:|1695167174\n|switch|p2a: Iron Valiant|Iron Valiant|100/100\n|-enditem|p2a: Iron Valiant|Booster Energy\n|-activate|p2a: Iron Valiant|ability: Quark Drive|[fromitem]\n|-start|p2a: Iron Valiant|quarkdrivespe\n|turn|9\n|\n|t:|1695167179\n|-end|p1a: Kingambit|fallen3|[silent]\n|switch|p1a: Slowking|Slowking-Galar, F|100/100\n|move|p2a: Iron Valiant|Encore||[still]\n|-fail|p2a: Iron Valiant\n|\n|upkeep\n|turn|10\n|\n|t:|1695167191\n|-end|p2a: Iron Valiant|Quark Drive|[silent]\n|switch|p2a: Dragapult|Dragapult, M|100/100\n|move|p1a: Slowking|Thunder Wave|p2a: Dragapult\n|-status|p2a: Dragapult|par\n|\n|upkeep\n|turn|11\n|\n|t:|1695167196\n|switch|p2a: Iron Valiant|Iron Valiant|100/100\n|move|p1a: Slowking|Future Sight|p2a: Iron Valiant\n|-start|p1a: Slowking|move: Future Sight\n|\n|upkeep\n|turn|12\n|\n|t:|1695167199\n|move|p2a: Iron Valiant|Encore|p1a: Slowking\n|-start|p1a: Slowking|Encore\n|move|p1a: Slowking|Future Sight||[still]\n|-fail|p1a: Slowking\n|\n|upkeep\n|turn|13\n|\n|t:|1695167203\n|-end|p2a: Iron Valiant|Quark Drive|[silent]\n|switch|p2a: Dragapult|Dragapult, M|100/100 par\n|move|p1a: Slowking|Future Sight||[still]\n|-fail|p1a: Slowking\n|\n|-end|p2a: Dragapult|move: Future Sight\n|-damage|p2a: Dragapult|41/100 par\n|-heal|p2a: Dragapult|47/100 par|[from] item: Leftovers\n|upkeep\n|turn|14\n|\n|t:|1695167207\n|move|p2a: Dragapult|Disable|p1a: Slowking\n|-start|p1a: Slowking|Disable|Future Sight\n|cant|p1a: Slowking|Disable|Future Sight\n|\n|-heal|p2a: Dragapult|53/100 par|[from] item: Leftovers\n|-end|p1a: Slowking|Encore\n|upkeep\n|turn|15\n|inactive|shes cooking\u2661 has 120 seconds left.\n|\n|t:|1695167260\n|switch|p2a: Iron Valiant|Iron Valiant|100/100\n|move|p1a: Slowking|Surf|p2a: Iron Valiant\n|-damage|p2a: Iron Valiant|63/100\n|\n|upkeep\n|turn|16\n|\n|t:|1695167265\n|move|p2a: Iron Valiant|Knock Off|p1a: Slowking\n|-supereffective|p1a: Slowking\n|-crit|p1a: Slowking\n|-damage|p1a: Slowking|0 fnt\n|-enditem|p1a: Slowking|Heavy-Duty Boots|[from] move: Knock Off|[of] p2a: Iron Valiant\n|faint|p1a: Slowking\n|\n|upkeep\n|\n|t:|1695167283\n|switch|p1a: Kingambit|Kingambit, M|94/100\n|-activate|p1a: Kingambit|ability: Supreme Overlord\n|-start|p1a: Kingambit|fallen4|[silent]\n|turn|17\n|\n|t:|1695167293\n|move|p2a: Iron Valiant|Spirit Break|p1a: Kingambit\n|-damage|p1a: Kingambit|61/100\n|-unboost|p1a: Kingambit|spa|1\n|move|p1a: Kingambit|Iron Head|p2a: Iron Valiant\n|-supereffective|p2a: Iron Valiant\n|-damage|p2a: Iron Valiant|0 fnt\n|faint|p2a: Iron Valiant\n|-end|p2a: Iron Valiant|Quark Drive|[silent]\n|\n|-heal|p1a: Kingambit|67/100|[from] item: Leftovers\n|upkeep\n|\n|t:|1695167297\n|switch|p2a: Kommo-o|Kommo-o, M|100/100\n|turn|18\n|\n|t:|1695167306\n|move|p2a: Kommo-o|Clangorous Soul|p2a: Kommo-o\n|-boost|p2a: Kommo-o|atk|1\n|-boost|p2a: Kommo-o|def|1\n|-boost|p2a: Kommo-o|spa|1\n|-boost|p2a: Kommo-o|spd|1\n|-boost|p2a: Kommo-o|spe|1\n|-damage|p2a: Kommo-o|68/100\n|-enditem|p2a: Kommo-o|Throat Spray\n|-boost|p2a: Kommo-o|spa|1|[from] item: Throat Spray\n|move|p1a: Kingambit|Swords Dance|p1a: Kingambit\n|-boost|p1a: Kingambit|atk|2\n|\n|-heal|p1a: Kingambit|73/100|[from] item: Leftovers\n|upkeep\n|turn|19\n|\n|t:|1695167310\n|move|p1a: Kingambit|Sucker Punch|p2a: Kommo-o\n|-resisted|p2a: Kommo-o\n|-damage|p2a: Kommo-o|33/100\n|move|p2a: Kommo-o|Drain Punch|p1a: Kingambit\n|-supereffective|p1a: Kingambit\n|-damage|p1a: Kingambit|0 fnt\n|-heal|p2a: Kommo-o|76/100|[from] drain|[of] p1a: Kingambit\n|faint|p1a: Kingambit\n|-end|p1a: Kingambit|fallen4|[silent]\n|\n|upkeep\n|\n|t:|1695167314\n|switch|p1a: Manaphy|Manaphy|100/100\n|turn|20\n|\n|t:|1695167319\n|move|p2a: Kommo-o|Boomburst|p1a: Manaphy\n|-damage|p1a: Manaphy|29/100\n|move|p1a: Manaphy|Acid Armor|p1a: Manaphy\n|-boost|p1a: Manaphy|def|2\n|\n|-heal|p1a: Manaphy|36/100|[from] item: Leftovers\n|upkeep\n|turn|21\n|\n|t:|1695167327\n|move|p2a: Kommo-o|Boomburst|p1a: Manaphy\n|-damage|p1a: Manaphy|0 fnt\n|faint|p1a: Manaphy\n|\n|win|shes cooking\u2661\n|raw|Goobster23's rating: 1191 &rarr; <strong>1169</strong><br />(-22 for losing)\n|raw|shes cooking\u2661's rating: 1233 &rarr; <strong>1255</strong><br />(+22 for winning)\n|l|\u2606Goobster23\n", "uploadtime": 1695167330, "views": 4, "p1id": "goobster23", "p2id": "shescooking", "formatid": "gen9ou", "rating": 1169, "private": 0, "password": ""}