{"id": "gen9ou-1947482616", "p1": "Kuzwa", "p2": "Kubedkuba", "format": "gen9ou", "log": "|j|\u2606Kuzwa\n|j|\u2606Kubedkuba\n|t:|1695164976\n|gametype|singles\n|player|p1|Kuzwa|cheren-gen5bw2|1184\n|player|p2|Kubedkuba|iris-gen5bw2|1285\n|teamsize|p1|6\n|teamsize|p2|6\n|gen|9\n|tier|[Gen 9] OU\n|rated|\n|rule|Sleep Clause Mod: Limit one foe put to sleep\n|rule|Species Clause: Limit one of each Pok\u00e9mon\n|rule|OHKO Clause: OHKO moves are banned\n|rule|Evasion Items Clause: Evasion items are banned\n|rule|Evasion Moves Clause: Evasion moves are banned\n|rule|Endless Battle Clause: Forcing endless battles is banned\n|rule|HP Percentage Mod: HP is shown in percentages\n|clearpoke\n|poke|p1|Gallade, M|\n|poke|p1|Quaquaval, M|\n|poke|p1|Clefable, F|\n|poke|p1|Infernape, M|\n|poke|p1|Scizor, M|\n|poke|p1|Meowscarada, M|\n|poke|p2|Ogerpon-Hearthflame, F|\n|poke|p2|Ambipom, F|\n|poke|p2|Torterra, M|\n|poke|p2|Great Tusk|\n|poke|p2|Ninetales-Alola, M|\n|poke|p2|Gliscor, M|\n|teampreview\n|\n|t:|1695164984\n|start\n|switch|p1a: Crow Mauler|Scizor, M|100/100\n|switch|p2a: Ambipom|Ambipom, F|100/100\n|turn|1\n|inactive|Battle timer is ON: inactive players will automatically lose when time's up. (requested by Kubedkuba)\n|\n|t:|1695164993\n|move|p2a: Ambipom|Fake Out|p1a: Crow Mauler\n|-resisted|p1a: Crow Mauler\n|-damage|p1a: Crow Mauler|85/100\n|cant|p1a: Crow Mauler|flinch\n|\n|upkeep\n|turn|2\n|\n|t:|1695165000\n|switch|p2a: Gliscor|Gliscor, M|100/100\n|move|p1a: Crow Mauler|Swords Dance|p1a: Crow Mauler\n|-boost|p1a: Crow Mauler|atk|2\n|\n|-status|p2a: Gliscor|tox|[from] item: Toxic Orb\n|upkeep\n|turn|3\n|\n|t:|1695165008\n|move|p1a: Crow Mauler|Bullet Punch|p2a: Gliscor\n|-damage|p2a: Gliscor|46/100 tox\n|move|p2a: Gliscor|Knock Off|p1a: Crow Mauler\n|-damage|p1a: Crow Mauler|64/100\n|-enditem|p1a: Crow Mauler|Focus Sash|[from] move: Knock Off|[of] p2a: Gliscor\n|\n|-heal|p2a: Gliscor|58/100 tox|[from] ability: Poison Heal\n|upkeep\n|turn|4\n|\n|t:|1695165018\n|move|p2a: Gliscor|Earthquake|p1a: Crow Mauler\n|-damage|p1a: Crow Mauler|32/100\n|move|p1a: Crow Mauler|Swords Dance|p1a: Crow Mauler\n|-boost|p1a: Crow Mauler|atk|2\n|\n|-heal|p2a: Gliscor|71/100 tox|[from] ability: Poison Heal\n|upkeep\n|turn|5\n|\n|t:|1695165027\n|move|p1a: Crow Mauler|Bullet Punch|p2a: Gliscor\n|-damage|p2a: Gliscor|0 fnt\n|faint|p2a: Gliscor\n|\n|upkeep\n|\n|t:|1695165038\n|switch|p2a: Great Tusk|Great Tusk|100/100\n|turn|6\n|\n|t:|1695165041\n|move|p1a: Crow Mauler|Bullet Punch|p2a: Great Tusk\n|-damage|p2a: Great Tusk|49/100\n|move|p2a: Great Tusk|Earthquake|p1a: Crow Mauler\n|-damage|p1a: Crow Mauler|0 fnt\n|faint|p1a: Crow Mauler\n|\n|-heal|p2a: Great Tusk|56/100|[from] item: Leftovers\n|upkeep\n|\n|t:|1695165051\n|switch|p1a: RuPaul|Quaquaval, M|100/100\n|turn|7\n|\n|t:|1695165054\n|move|p1a: RuPaul|Aqua Step|p2a: Great Tusk\n|-supereffective|p2a: Great Tusk\n|-damage|p2a: Great Tusk|15/100\n|-boost|p1a: RuPaul|spe|1\n|move|p2a: Great Tusk|Stealth Rock|p1a: RuPaul\n|-sidestart|p1: Kuzwa|move: Stealth Rock\n|\n|-heal|p2a: Great Tusk|22/100|[from] item: Leftovers\n|upkeep\n|turn|8\n|\n|t:|1695165064\n|-end|p2a: Great Tusk|Protosynthesis|[silent]\n|switch|p2a: Ninetales|Ninetales-Alola, M|100/100\n|-weather|Snow|[from] ability: Snow Warning|[of] p2a: Ninetales\n|move|p1a: RuPaul|Aqua Step|p2a: Ninetales\n|-damage|p2a: Ninetales|68/100\n|-boost|p1a: RuPaul|spe|1\n|\n|-weather|Snow|[upkeep]\n|upkeep\n|turn|9\n|\n|t:|1695165073\n|move|p1a: RuPaul|Rapid Spin|p2a: Ninetales\n|-damage|p2a: Ninetales|54/100\n|-boost|p1a: RuPaul|spe|1\n|-sideend|p1: Kuzwa|Stealth Rock|[from] move: Rapid Spin|[of] p1a: RuPaul\n|move|p2a: Ninetales|Aurora Veil|p2a: Ninetales\n|-sidestart|p2: Kubedkuba|move: Aurora Veil\n|\n|-weather|Snow|[upkeep]\n|upkeep\n|turn|10\n|\n|t:|1695165092\n|move|p1a: RuPaul|Aqua Step|p2a: Ninetales\n|-crit|p2a: Ninetales\n|-damage|p2a: Ninetales|4/100\n|-boost|p1a: RuPaul|spe|1\n|move|p2a: Ninetales|Hypnosis|p1a: RuPaul\n|-status|p1a: RuPaul|slp|[from] move: Hypnosis\n|\n|-weather|Snow|[upkeep]\n|upkeep\n|turn|11\n|\n|t:|1695165102\n|cant|p1a: RuPaul|slp\n|move|p2a: Ninetales|Freeze-Dry|p1a: RuPaul\n|-supereffective|p1a: RuPaul\n|-damage|p1a: RuPaul|39/100 slp\n|\n|-weather|Snow|[upkeep]\n|upkeep\n|turn|12\n|\n|t:|1695165110\n|-curestatus|p1a: RuPaul|slp|[msg]\n|move|p1a: RuPaul|Aqua Step|p2a: Ninetales\n|-damage|p2a: Ninetales|0 fnt\n|-boost|p1a: RuPaul|spe|1\n|faint|p2a: Ninetales\n|-ability|p1a: RuPaul|Moxie|boost\n|-boost|p1a: RuPaul|atk|1\n|\n|-weather|none\n|upkeep\n|\n|t:|1695165114\n|switch|p2a: Ambipom|Ambipom, F|100/100\n|turn|13\n|\n|t:|1695165124\n|move|p2a: Ambipom|Fake Out|p1a: RuPaul\n|-damage|p1a: RuPaul|1/100\n|cant|p1a: RuPaul|flinch\n|\n|upkeep\n|turn|14\n|\n|t:|1695165130\n|move|p1a: RuPaul|Close Combat|p2a: Ambipom\n|-supereffective|p2a: Ambipom\n|-damage|p2a: Ambipom|0 fnt\n|-unboost|p1a: RuPaul|def|1\n|-unboost|p1a: RuPaul|spd|1\n|faint|p2a: Ambipom\n|-ability|p1a: RuPaul|Moxie|boost\n|-boost|p1a: RuPaul|atk|1\n|\n|upkeep\n|\n|t:|1695165140\n|switch|p2a: Great Tusk|Great Tusk|22/100\n|turn|15\n|c|\u2606Kubedkuba|luuck as hell\n|\n|t:|1695165152\n|move|p1a: RuPaul|Aqua Step|p2a: Great Tusk\n|-supereffective|p2a: Great Tusk\n|-damage|p2a: Great Tusk|0 fnt\n|-boost|p1a: RuPaul|spe|1\n|faint|p2a: Great Tusk\n|-end|p2a: Great Tusk|Protosynthesis|[silent]\n|-ability|p1a: RuPaul|Moxie|boost\n|-boost|p1a: RuPaul|atk|1\n|\n|upkeep\n|\n|t:|1695165169\n|switch|p2a: Ogerpon|Ogerpon-Hearthflame, F|100/100\n|-ability|p2a: Ogerpon|Mold Breaker\n|turn|16\n|c|\u2606Kuzwa|Yeah\n|\n|t:|1695165180\n|move|p1a: RuPaul|Aqua Step|p2a: Ogerpon\n|-damage|p2a: Ogerpon|31/100\n|move|p2a: Ogerpon|Trailblaze|p1a: RuPaul\n|-supereffective|p1a: RuPaul\n|-damage|p1a: RuPaul|0 fnt\n|-boost|p2a: Ogerpon|spe|1\n|faint|p1a: RuPaul\n|\n|-sideend|p2: Kubedkuba|move: Aurora Veil\n|upkeep\n|\n|t:|1695165192\n|switch|p1a: Cahara|Gallade, M, shiny|100/100\n|turn|17\n|\n|t:|1695165215\n|move|p2a: Ogerpon|Horn Leech|p1a: Cahara\n|-damage|p1a: Cahara|12/100\n|-heal|p2a: Ogerpon|72/100|[from] drain|[of] p1a: Cahara\n|move|p1a: Cahara|Sacred Sword|p2a: Ogerpon\n|-damage|p2a: Ogerpon|0 fnt\n|faint|p2a: Ogerpon\n|\n|upkeep\n|inactive|Kubedkuba has 120 seconds left.\n|\n|t:|1695165230\n|switch|p2a: Torterra|Torterra, M|100/100\n|turn|18\n|\n|t:|1695165236\n|-terastallize|p1a: Cahara|Fighting\n|-terastallize|p2a: Torterra|Fire\n|move|p1a: Cahara|Sacred Sword|p2a: Torterra\n|-damage|p2a: Torterra|12/100\n|move|p2a: Torterra|Shell Smash|p2a: Torterra\n|-unboost|p2a: Torterra|def|1\n|-unboost|p2a: Torterra|spd|1\n|-boost|p2a: Torterra|atk|2\n|-boost|p2a: Torterra|spa|2\n|-boost|p2a: Torterra|spe|2\n|-enditem|p2a: Torterra|White Herb\n|-clearnegativeboost|p2a: Torterra|[silent]\n|\n|upkeep\n|turn|19\n|inactive|Kubedkuba has 120 seconds left.\n|\n|t:|1695165253\n|move|p2a: Torterra|Tera Blast|p1a: Cahara\n|-damage|p1a: Cahara|0 fnt\n|faint|p1a: Cahara\n|\n|upkeep\n|\n|t:|1695165260\n|switch|p1a: Ragnvaldr|Infernape, M|100/100\n|turn|20\n|c|\u2606Kuzwa|Gg\n|\n|t:|1695165266\n|move|p2a: Torterra|Earthquake|p1a: Ragnvaldr\n|-supereffective|p1a: Ragnvaldr\n|-enditem|p1a: Ragnvaldr|Focus Sash\n|-damage|p1a: Ragnvaldr|1/100\n|move|p1a: Ragnvaldr|Drain Punch|p2a: Torterra\n|-damage|p2a: Torterra|0 fnt\n|-heal|p1a: Ragnvaldr|7/100|[from] drain|[of] p2a: Torterra\n|faint|p2a: Torterra\n|\n|win|Kuzwa\n|raw|Kuzwa's rating: 1184 &rarr; <strong>1216</strong><br />(+32 for winning)\n|raw|Kubedkuba's rating: 1285 &rarr; <strong>1253</strong><br />(-32 for losing)\n|l|\u2606Kubedkuba\n", "uploadtime": 1695165281, "views": 2, "p1id": "kuzwa", "p2id": "kubedkuba", "formatid": "gen9ou", "rating": 1216, "private": 0, "password": ""}