{"id": "gen9ou-1947522872", "p1": "Agencyyy", "p2": "Couch Potato309", "format": "gen9ou", "log": "|j|\u2606Agencyyy\n|j|\u2606Couch Potato309\n|t:|1695168976\n|gametype|singles\n|player|p1|Agencyyy|2|1200\n|player|p2|Couch Potato309|steven|1128\n|teamsize|p1|6\n|teamsize|p2|6\n|gen|9\n|tier|[Gen 9] OU\n|rated|\n|rule|Sleep Clause Mod: Limit one foe put to sleep\n|rule|Species Clause: Limit one of each Pok\u00e9mon\n|rule|OHKO Clause: OHKO moves are banned\n|rule|Evasion Items Clause: Evasion items are banned\n|rule|Evasion Moves Clause: Evasion moves are banned\n|rule|Endless Battle Clause: Forcing endless battles is banned\n|rule|HP Percentage Mod: HP is shown in percentages\n|clearpoke\n|poke|p1|Great Tusk|\n|poke|p1|Sandslash-Alola, F|\n|poke|p1|Dragapult, M|\n|poke|p1|Iron Valiant|\n|poke|p1|Slowking-Galar, F|\n|poke|p1|Cinderace, F|\n|poke|p2|Crawdaunt, M|\n|poke|p2|Ogerpon-Hearthflame, F|\n|poke|p2|Ribombee, F|\n|poke|p2|Gholdengo|\n|poke|p2|Landorus-Therian, M|\n|poke|p2|Iron Moth|\n|teampreview\n|inactive|Battle timer is ON: inactive players will automatically lose when time's up. (requested by Couch Potato309)\n|\n|t:|1695168984\n|start\n|switch|p1a: Cinderace|Cinderace, F|100/100\n|switch|p2a: How's your day?|Ribombee, F|100/100\n|turn|1\n|\n|t:|1695168998\n|move|p2a: How's your day?|Stun Spore|p1a: Cinderace\n|-status|p1a: Cinderace|par\n|move|p1a: Cinderace|Pyro Ball|p2a: How's your day?\n|-supereffective|p2a: How's your day?\n|-enditem|p2a: How's your day?|Focus Sash\n|-damage|p2a: How's your day?|1/100\n|\n|upkeep\n|turn|2\n|\n|t:|1695169004\n|move|p2a: How's your day?|Sticky Web|p1a: Cinderace\n|-sidestart|p1: Agencyyy|move: Sticky Web\n|move|p1a: Cinderace|Pyro Ball|p2a: How's your day?\n|-supereffective|p2a: How's your day?\n|-damage|p2a: How's your day?|0 fnt\n|faint|p2a: How's your day?\n|\n|upkeep\n|\n|t:|1695169010\n|switch|p2a: Don't get cocky|Crawdaunt, M, shiny|100/100\n|turn|3\n|\n|t:|1695169014\n|move|p2a: Don't get cocky|Aqua Jet|p1a: Cinderace\n|-supereffective|p1a: Cinderace\n|-damage|p1a: Cinderace|0 fnt\n|faint|p1a: Cinderace\n|-damage|p2a: Don't get cocky|91/100|[from] item: Life Orb\n|\n|upkeep\n|\n|t:|1695169019\n|switch|p1a: Great Tusk|Great Tusk|100/100\n|-activate|p1a: Great Tusk|move: Sticky Web\n|-unboost|p1a: Great Tusk|spe|1\n|turn|4\n|\n|t:|1695169037\n|move|p2a: Don't get cocky|Aqua Jet|p1a: Great Tusk\n|-supereffective|p1a: Great Tusk\n|-damage|p1a: Great Tusk|60/100\n|-damage|p2a: Don't get cocky|74/100|[from] item: Rocky Helmet|[of] p1a: Great Tusk\n|-damage|p2a: Don't get cocky|65/100|[from] item: Life Orb\n|move|p1a: Great Tusk|Rapid Spin|p2a: Don't get cocky\n|-damage|p2a: Don't get cocky|36/100\n|-boost|p1a: Great Tusk|spe|1\n|-sideend|p1: Agencyyy|Sticky Web|[from] move: Rapid Spin|[of] p1a: Great Tusk\n|\n|upkeep\n|turn|5\n|\n|t:|1695169048\n|move|p2a: Don't get cocky|Liquidation|p1a: Great Tusk\n|-supereffective|p1a: Great Tusk\n|-damage|p1a: Great Tusk|0 fnt\n|-damage|p2a: Don't get cocky|20/100|[from] item: Rocky Helmet|[of] p1a: Great Tusk\n|faint|p1a: Great Tusk\n|-end|p1a: Great Tusk|Protosynthesis|[silent]\n|-damage|p2a: Don't get cocky|10/100|[from] item: Life Orb\n|\n|upkeep\n|\n|t:|1695169054\n|switch|p1a: Dragapult|Dragapult, M|100/100\n|turn|6\n|\n|t:|1695169058\n|move|p1a: Dragapult|U-turn|p2a: Don't get cocky\n|-supereffective|p2a: Don't get cocky\n|-damage|p2a: Don't get cocky|0 fnt\n|faint|p2a: Don't get cocky\n|\n|t:|1695169064\n|switch|p1a: Sandslash|Sandslash-Alola, F|100/100|[from] U-turn\n|\n|upkeep\n|\n|t:|1695169069\n|switch|p2a: Slither W!ng|Iron Moth|100/100\n|-enditem|p2a: Slither W!ng|Booster Energy\n|-activate|p2a: Slither W!ng|ability: Quark Drive|[fromitem]\n|-start|p2a: Slither W!ng|quarkdrivespa\n|turn|7\n|inactive|Couch Potato309 has 120 seconds left.\n|\n|t:|1695169113\n|move|p2a: Slither W!ng|Fiery Dance|p1a: Sandslash\n|-supereffective|p1a: Sandslash\n|-damage|p1a: Sandslash|0 fnt\n|faint|p1a: Sandslash\n|\n|upkeep\n|\n|t:|1695169116\n|switch|p1a: Dragapult|Dragapult, M|100/100\n|turn|8\n|\n|t:|1695169120\n|move|p1a: Dragapult|Dragon Darts|p2a: Slither W!ng\n|-damage|p2a: Slither W!ng|42/100\n|-anim|p1a: Dragapult|Dragon Darts|p2a: Slither W!ng\n|-damage|p2a: Slither W!ng|0 fnt\n|faint|p2a: Slither W!ng\n|-end|p2a: Slither W!ng|Quark Drive|[silent]\n|\n|upkeep\n|inactive|Couch Potato309 has 120 seconds left.\n|\n|t:|1695169131\n|switch|p2a: The Meta|Landorus-Therian, M|100/100\n|-ability|p2a: The Meta|Intimidate|boost\n|-unboost|p1a: Dragapult|atk|1\n|turn|9\n|\n|t:|1695169137\n|switch|p1a: Slowking|Slowking-Galar, F|100/100\n|move|p2a: The Meta|Crunch|p1a: Slowking\n|-supereffective|p1a: Slowking\n|-crit|p1a: Slowking\n|-damage|p1a: Slowking|0 fnt\n|faint|p1a: Slowking\n|\n|upkeep\n|\n|t:|1695169142\n|switch|p1a: Iron Valiant|Iron Valiant|100/100\n|-enditem|p1a: Iron Valiant|Booster Energy\n|-activate|p1a: Iron Valiant|ability: Quark Drive|[fromitem]\n|-start|p1a: Iron Valiant|quarkdrivespe\n|turn|10\n|\n|t:|1695169149\n|switch|p2a: I'm Rich!|Gholdengo|100/100\n|-item|p2a: I'm Rich!|Air Balloon\n|move|p1a: Iron Valiant|Swords Dance|p1a: Iron Valiant\n|-boost|p1a: Iron Valiant|atk|2\n|\n|upkeep\n|turn|11\n|\n|t:|1695169157\n|-terastallize|p1a: Iron Valiant|Dark\n|move|p1a: Iron Valiant|Knock Off|p2a: I'm Rich!\n|-supereffective|p2a: I'm Rich!\n|-damage|p2a: I'm Rich!|0 fnt\n|-enditem|p2a: I'm Rich!|Air Balloon\n|faint|p2a: I'm Rich!\n|\n|upkeep\n|\n|t:|1695169165\n|switch|p2a: Ogerpog|Ogerpon-Hearthflame, F|100/100\n|-ability|p2a: Ogerpog|Mold Breaker\n|turn|12\n|\n|t:|1695169171\n|-terastallize|p2a: Ogerpog|Fire\n|detailschange|p2a: Ogerpog|Ogerpon-Hearthflame-Tera, F, tera:Fire\n|-ability|p2a: Ogerpog|Embody Aspect (Hearthflame)|boost\n|-boost|p2a: Ogerpog|atk|1\n|move|p1a: Iron Valiant|Spirit Break|p2a: Ogerpog\n|-resisted|p2a: Ogerpog\n|-damage|p2a: Ogerpog|46/100\n|-unboost|p2a: Ogerpog|spa|1\n|move|p2a: Ogerpog|Ivy Cudgel|p1a: Iron Valiant\n|-damage|p1a: Iron Valiant|0 fnt\n|faint|p1a: Iron Valiant\n|-end|p1a: Iron Valiant|Quark Drive|[silent]\n|\n|upkeep\n|\n|t:|1695169179\n|switch|p1a: Dragapult|Dragapult, M|100/100\n|turn|13\n|\n|t:|1695169184\n|move|p1a: Dragapult|Dragon Darts|p2a: Ogerpog\n|-damage|p2a: Ogerpog|0 fnt\n|faint|p2a: Ogerpog\n|\n|upkeep\n|\n|t:|1695169187\n|switch|p2a: The Meta|Landorus-Therian, M|100/100\n|-ability|p2a: The Meta|Intimidate|boost\n|-unboost|p1a: Dragapult|atk|1\n|turn|14\n|\n|t:|1695169196\n|move|p1a: Dragapult|Dragon Darts|p2a: The Meta\n|-damage|p2a: The Meta|70/100\n|-anim|p1a: Dragapult|Dragon Darts|p2a: The Meta\n|-damage|p2a: The Meta|42/100\n|move|p2a: The Meta|Crunch|p1a: Dragapult\n|-supereffective|p1a: Dragapult\n|-damage|p1a: Dragapult|0 fnt\n|faint|p1a: Dragapult\n|\n|win|Couch Potato309\n|raw|Agencyyy's rating: 1200 &rarr; <strong>1170</strong><br />(-30 for losing)\n|raw|Couch Potato309's rating: 1128 &rarr; <strong>1158</strong><br />(+30 for winning)\n|l|\u2606Agencyyy\n", "uploadtime": 1695169205, "views": 3, "p1id": "agencyyy", "p2id": "couchpotato309", "formatid": "gen9ou", "rating": 1158, "private": 0, "password": ""}