{"id": "gen9ou-1947535527", "p1": "CNT JesusGP0000", "p2": "Unhappybeams", "format": "gen9ou", "log": "|j|\u2606CNT JesusGP0000\n|j|\u2606Unhappybeams\n|t:|1695170219\n|gametype|singles\n|player|p1|CNT JesusGP0000|miriam|1106\n|player|p2|Unhappybeams|giovanni|1181\n|teamsize|p1|6\n|teamsize|p2|6\n|gen|9\n|tier|[Gen 9] OU\n|rated|\n|rule|Sleep Clause Mod: Limit one foe put to sleep\n|rule|Species Clause: Limit one of each Pok\u00e9mon\n|rule|OHKO Clause: OHKO moves are banned\n|rule|Evasion Items Clause: Evasion items are banned\n|rule|Evasion Moves Clause: Evasion moves are banned\n|rule|Endless Battle Clause: Forcing endless battles is banned\n|rule|HP Percentage Mod: HP is shown in percentages\n|clearpoke\n|poke|p1|Ursaluna-Bloodmoon, M|\n|poke|p1|Dragapult, F|\n|poke|p1|Clefable, M|\n|poke|p1|Dondozo, F|\n|poke|p1|Moltres|\n|poke|p1|Kingambit, F|\n|poke|p2|Scizor, M|\n|poke|p2|Dragapult, F|\n|poke|p2|Inteleon, F|\n|poke|p2|Garchomp, M|\n|poke|p2|Salazzle, F|\n|poke|p2|Cinderace, M|\n|teampreview\n|\n|t:|1695170254\n|start\n|switch|p1a: Clefable|Clefable, M|100/100\n|switch|p2a: Dragapult|Dragapult, F|100/100\n|turn|1\n|inactive|Battle timer is ON: inactive players will automatically lose when time's up. (requested by Unhappybeams)\n|\n|t:|1695170268\n|move|p2a: Dragapult|Flamethrower|p1a: Clefable\n|-damage|p1a: Clefable|59/100\n|move|p1a: Clefable|Moonblast|p2a: Dragapult\n|-supereffective|p2a: Dragapult\n|-damage|p2a: Dragapult|20/100\n|\n|-heal|p1a: Clefable|65/100|[from] item: Leftovers\n|upkeep\n|turn|2\n|\n|t:|1695170277\n|move|p2a: Dragapult|Flamethrower|p1a: Clefable\n|-damage|p1a: Clefable|26/100\n|move|p1a: Clefable|Wish|p1a: Clefable\n|\n|-heal|p1a: Clefable|32/100|[from] item: Leftovers\n|upkeep\n|turn|3\n|\n|t:|1695170290\n|move|p1a: Clefable|Protect|p1a: Clefable\n|-singleturn|p1a: Clefable|Protect\n|move|p2a: Dragapult|Flamethrower|p1a: Clefable\n|-activate|p1a: Clefable|move: Protect\n|\n|-heal|p1a: Clefable|82/100|[from] move: Wish|[wisher] Clefable\n|-heal|p1a: Clefable|88/100|[from] item: Leftovers\n|upkeep\n|turn|4\n|\n|t:|1695170300\n|move|p2a: Dragapult|Flamethrower|p1a: Clefable\n|-damage|p1a: Clefable|49/100\n|-status|p1a: Clefable|brn\n|move|p1a: Clefable|Stealth Rock|p2a: Dragapult\n|-sidestart|p2: Unhappybeams|move: Stealth Rock\n|\n|-heal|p1a: Clefable|55/100 brn|[from] item: Leftovers\n|upkeep\n|turn|5\n|\n|t:|1695170309\n|move|p2a: Dragapult|Flamethrower|p1a: Clefable\n|-crit|p1a: Clefable\n|-damage|p1a: Clefable|0 fnt\n|faint|p1a: Clefable\n|\n|upkeep\n|\n|t:|1695170321\n|switch|p1a: Moltres|Moltres|100/100\n|turn|6\n|\n|t:|1695170331\n|switch|p2a: Garchomp|Garchomp, M|100/100\n|-damage|p2a: Garchomp|94/100|[from] Stealth Rock\n|move|p1a: Moltres|Hurricane|p2a: Garchomp\n|-damage|p2a: Garchomp|47/100\n|-start|p2a: Garchomp|confusion\n|\n|upkeep\n|turn|7\n|\n|t:|1695170342\n|-activate|p2a: Garchomp|confusion\n|move|p2a: Garchomp|Poison Jab|p1a: Moltres\n|-crit|p1a: Moltres\n|-damage|p1a: Moltres|53/100\n|-status|p1a: Moltres|psn\n|move|p1a: Moltres|Will-O-Wisp|p2a: Garchomp\n|-status|p2a: Garchomp|brn\n|\n|-damage|p1a: Moltres|41/100 psn|[from] psn\n|-damage|p2a: Garchomp|41/100 brn|[from] brn\n|upkeep\n|turn|8\n|\n|t:|1695170355\n|-end|p2a: Garchomp|confusion\n|move|p2a: Garchomp|Poison Jab|p1a: Moltres\n|-damage|p1a: Moltres|27/100 psn\n|move|p1a: Moltres|Roost|p1a: Moltres\n|-heal|p1a: Moltres|77/100 psn\n|-singleturn|p1a: Moltres|move: Roost\n|\n|-damage|p1a: Moltres|65/100 psn|[from] psn\n|-damage|p2a: Garchomp|35/100 brn|[from] brn\n|upkeep\n|turn|9\n|\n|t:|1695170373\n|move|p2a: Garchomp|Poison Jab|p1a: Moltres\n|-damage|p1a: Moltres|51/100 psn\n|move|p1a: Moltres|Hurricane|p2a: Garchomp|[miss]\n|-miss|p1a: Moltres|p2a: Garchomp\n|\n|-damage|p1a: Moltres|39/100 psn|[from] psn\n|-damage|p2a: Garchomp|29/100 brn|[from] brn\n|upkeep\n|turn|10\n|inactive|Unhappybeams has 120 seconds left.\n|\n|t:|1695170402\n|move|p2a: Garchomp|Poison Jab|p1a: Moltres\n|-damage|p1a: Moltres|23/100 psn\n|move|p1a: Moltres|Roost|p1a: Moltres\n|-heal|p1a: Moltres|73/100 psn\n|-singleturn|p1a: Moltres|move: Roost\n|\n|-damage|p1a: Moltres|61/100 psn|[from] psn\n|-damage|p2a: Garchomp|23/100 brn|[from] brn\n|upkeep\n|turn|11\n|inactive|Unhappybeams has 120 seconds left.\n|\n|t:|1695170416\n|move|p2a: Garchomp|Poison Jab|p1a: Moltres\n|-damage|p1a: Moltres|46/100 psn\n|move|p1a: Moltres|Roost|p1a: Moltres\n|-heal|p1a: Moltres|96/100 psn\n|-singleturn|p1a: Moltres|move: Roost\n|\n|-damage|p1a: Moltres|84/100 psn|[from] psn\n|-damage|p2a: Garchomp|16/100 brn|[from] brn\n|upkeep\n|turn|12\n|inactive|Unhappybeams has 120 seconds left.\n|\n|t:|1695170426\n|move|p2a: Garchomp|Poison Jab|p1a: Moltres\n|-damage|p1a: Moltres|70/100 psn\n|move|p1a: Moltres|Hurricane|p2a: Garchomp|[miss]\n|-miss|p1a: Moltres|p2a: Garchomp\n|\n|-damage|p1a: Moltres|57/100 psn|[from] psn\n|-damage|p2a: Garchomp|10/100 brn|[from] brn\n|upkeep\n|turn|13\n|\n|t:|1695170436\n|move|p2a: Garchomp|Dragon Claw|p1a: Moltres\n|-damage|p1a: Moltres|34/100 psn\n|move|p1a: Moltres|Roost|p1a: Moltres\n|-heal|p1a: Moltres|84/100 psn\n|-singleturn|p1a: Moltres|move: Roost\n|\n|-damage|p1a: Moltres|72/100 psn|[from] psn\n|-damage|p2a: Garchomp|4/100 brn|[from] brn\n|upkeep\n|turn|14\n|inactive|Unhappybeams has 120 seconds left.\n|\n|t:|1695170453\n|move|p2a: Garchomp|Dragon Claw|p1a: Moltres\n|-damage|p1a: Moltres|49/100 psn\n|move|p1a: Moltres|Roost|p1a: Moltres\n|-heal|p1a: Moltres|99/100 psn\n|-singleturn|p1a: Moltres|move: Roost\n|\n|-damage|p1a: Moltres|86/100 psn|[from] psn\n|-damage|p2a: Garchomp|0 fnt|[from] brn\n|faint|p2a: Garchomp\n|upkeep\n|inactive|Unhappybeams has 120 seconds left.\n|\n|t:|1695170484\n|switch|p2a: Cinderace|Cinderace, M|100/100\n|turn|15\n|\n|t:|1695170497\n|move|p2a: Cinderace|Pyro Ball|p1a: Moltres\n|-resisted|p1a: Moltres\n|-damage|p1a: Moltres|58/100 psn\n|move|p1a: Moltres|Will-O-Wisp|p2a: Cinderace\n|-immune|p2a: Cinderace\n|\n|-damage|p1a: Moltres|46/100 psn|[from] psn\n|upkeep\n|turn|16\n|\n|t:|1695170506\n|switch|p1a: Dondozo|Dondozo, F|100/100\n|move|p2a: Cinderace|Court Change|p2a: Cinderace\n|-start|p2a: Cinderace|typechange|Normal|[from] ability: Libero\n|-swapsideconditions\n|-activate|p2a: Cinderace|move: Court Change\n|\n|upkeep\n|turn|17\n|\n|t:|1695170513\n|move|p2a: Cinderace|U-turn|p1a: Dondozo\n|-damage|p1a: Dondozo|91/100\n|\n|t:|1695170526\n|switch|p2a: Dragapult|Dragapult, F|20/100|[from] U-turn\n|move|p1a: Dondozo|Body Press|p2a: Dragapult\n|-immune|p2a: Dragapult\n|\n|upkeep\n|turn|18\n|\n|t:|1695170537\n|move|p2a: Dragapult|Thunderbolt|p1a: Dondozo\n|-supereffective|p1a: Dondozo\n|-damage|p1a: Dondozo|7/100\n|move|p1a: Dondozo|Liquidation|p2a: Dragapult\n|-resisted|p2a: Dragapult\n|-damage|p2a: Dragapult|2/100\n|-unboost|p2a: Dragapult|def|1\n|\n|upkeep\n|turn|19\n|\n|t:|1695170546\n|switch|p1a: Ursaluna|Ursaluna-Bloodmoon, M|100/100\n|-damage|p1a: Ursaluna|94/100|[from] Stealth Rock\n|move|p2a: Dragapult|Thunderbolt|p1a: Ursaluna\n|-immune|p1a: Ursaluna\n|\n|-heal|p1a: Ursaluna|100/100|[from] item: Leftovers\n|upkeep\n|turn|20\n|\n|t:|1695170557\n|switch|p2a: Salazzle|Salazzle, F|100/100\n|move|p1a: Ursaluna|Vacuum Wave|p2a: Salazzle\n|-resisted|p2a: Salazzle\n|-damage|p2a: Salazzle|85/100\n|\n|upkeep\n|turn|21\n|\n|t:|1695170565\n|move|p2a: Salazzle|Toxic|p1a: Ursaluna\n|-status|p1a: Ursaluna|tox\n|move|p1a: Ursaluna|Calm Mind|p1a: Ursaluna\n|-boost|p1a: Ursaluna|spa|1\n|-boost|p1a: Ursaluna|spd|1\n|\n|-damage|p1a: Ursaluna|94/100 tox|[from] psn\n|upkeep\n|turn|22\n|\n|t:|1695170573\n|move|p2a: Salazzle|Flamethrower|p1a: Ursaluna\n|-crit|p1a: Ursaluna\n|-damage|p1a: Ursaluna|20/100 tox\n|move|p1a: Ursaluna|Earth Power|p2a: Salazzle\n|-supereffective|p2a: Salazzle\n|-damage|p2a: Salazzle|0 fnt\n|faint|p2a: Salazzle\n|\n|-heal|p1a: Ursaluna|26/100 tox|[from] item: Leftovers\n|-damage|p1a: Ursaluna|14/100 tox|[from] psn\n|upkeep\n|\n|t:|1695170587\n|switch|p2a: Dragapult|Dragapult, F|2/100\n|turn|23\n|\n|t:|1695170593\n|move|p1a: Ursaluna|Vacuum Wave|p2a: Dragapult\n|-damage|p2a: Dragapult|0 fnt\n|faint|p2a: Dragapult\n|\n|-heal|p1a: Ursaluna|20/100 tox|[from] item: Leftovers\n|-damage|p1a: Ursaluna|1/100 tox|[from] psn\n|upkeep\n|\n|t:|1695170601\n|switch|p2a: Inteleon|Inteleon, F|100/100\n|turn|24\n|\n|t:|1695170605\n|move|p1a: Ursaluna|Vacuum Wave|p2a: Inteleon\n|-damage|p2a: Inteleon|58/100\n|move|p2a: Inteleon|Fell Stinger|p1a: Ursaluna\n|-damage|p1a: Ursaluna|0 fnt\n|faint|p1a: Ursaluna\n|-boost|p2a: Inteleon|atk|3\n|\n|upkeep\n|\n|t:|1695170611\n|switch|p1a: Dragapult|Dragapult, F|100/100\n|-damage|p1a: Dragapult|88/100|[from] Stealth Rock\n|turn|25\n|\n|t:|1695170618\n|move|p2a: Inteleon|Sucker Punch||[still]\n|-fail|p2a: Inteleon\n|move|p1a: Dragapult|Substitute|p1a: Dragapult\n|-start|p1a: Dragapult|Substitute\n|-damage|p1a: Dragapult|63/100\n|\n|-heal|p1a: Dragapult|69/100|[from] item: Leftovers\n|upkeep\n|turn|26\n|\n|t:|1695170637\n|move|p2a: Inteleon|Sucker Punch||[still]\n|-fail|p2a: Inteleon\n|move|p1a: Dragapult|Will-O-Wisp|p2a: Inteleon\n|-status|p2a: Inteleon|brn\n|\n|-heal|p1a: Dragapult|75/100|[from] item: Leftovers\n|-damage|p2a: Inteleon|52/100 brn|[from] brn\n|upkeep\n|turn|27\n|\n|t:|1695170649\n|move|p1a: Dragapult|Hex|p2a: Inteleon\n|-damage|p2a: Inteleon|0 fnt\n|faint|p2a: Inteleon\n|\n|-heal|p1a: Dragapult|81/100|[from] item: Leftovers\n|upkeep\n|\n|t:|1695170658\n|switch|p2a: Scizor|Scizor, M|100/100\n|turn|28\n|\n|t:|1695170662\n|switch|p2a: Cinderace|Cinderace, M|100/100\n|move|p1a: Dragapult|Will-O-Wisp|p2a: Cinderace|[miss]\n|-miss|p1a: Dragapult|p2a: Cinderace\n|\n|-heal|p1a: Dragapult|87/100|[from] item: Leftovers\n|upkeep\n|turn|29\n|\n|t:|1695170674\n|move|p1a: Dragapult|Dragon Darts|p2a: Cinderace\n|-damage|p2a: Cinderace|71/100\n|-anim|p1a: Dragapult|Dragon Darts|p2a: Cinderace\n|-damage|p2a: Cinderace|42/100\n|move|p2a: Cinderace|Pyro Ball|p1a: Dragapult\n|-resisted|p1a: Dragapult\n|-end|p1a: Dragapult|Substitute\n|\n|-heal|p1a: Dragapult|93/100|[from] item: Leftovers\n|upkeep\n|turn|30\n|\n|t:|1695170690\n|move|p1a: Dragapult|Dragon Darts|p2a: Cinderace\n|-damage|p2a: Cinderace|9/100\n|-anim|p1a: Dragapult|Dragon Darts|p2a: Cinderace\n|-damage|p2a: Cinderace|0 fnt\n|faint|p2a: Cinderace\n|\n|-heal|p1a: Dragapult|99/100|[from] item: Leftovers\n|upkeep\n|\n|t:|1695170699\n|switch|p2a: Scizor|Scizor, M|100/100\n|turn|31\n|\n|t:|1695170703\n|move|p1a: Dragapult|Will-O-Wisp|p2a: Scizor\n|-status|p2a: Scizor|brn\n|move|p2a: Scizor|Knock Off|p1a: Dragapult\n|-supereffective|p1a: Dragapult\n|-damage|p1a: Dragapult|41/100\n|-enditem|p1a: Dragapult|Leftovers|[from] move: Knock Off|[of] p2a: Scizor\n|\n|-damage|p2a: Scizor|94/100 brn|[from] brn\n|upkeep\n|turn|32\n|-message|Unhappybeams forfeited.\n|\n|win|CNT JesusGP0000\n|raw|CNT JesusGP0000's rating: 1106 &rarr; <strong>1136</strong><br />(+30 for winning)\n|raw|Unhappybeams's rating: 1181 &rarr; <strong>1151</strong><br />(-30 for losing)\n|l|\u2606Unhappybeams\n|l|\u2606CNT JesusGP0000\n|j|\u2606CNT JesusGP0000\n|player|p1|CNT JesusGP0000|miriam\n", "uploadtime": 1695170735, "views": 2, "p1id": "cntjesusgp0000", "p2id": "unhappybeams", "formatid": "gen9ou", "rating": 1136, "private": 0, "password": ""}