{"id": "gen9ou-1947481585", "p1": "Rockworker", "p2": "itsagha_", "format": "gen9ou", "log": "|j|\u2606Rockworker\n|j|\u2606itsagha_\n|t:|1695164875\n|gametype|singles\n|player|p1|Rockworker|worker|1171\n|player|p2|itsagha_|steven|1181\n|teamsize|p1|6\n|teamsize|p2|6\n|gen|9\n|tier|[Gen 9] OU\n|rated|\n|rule|Sleep Clause Mod: Limit one foe put to sleep\n|rule|Species Clause: Limit one of each Pok\u00e9mon\n|rule|OHKO Clause: OHKO moves are banned\n|rule|Evasion Items Clause: Evasion items are banned\n|rule|Evasion Moves Clause: Evasion moves are banned\n|rule|Endless Battle Clause: Forcing endless battles is banned\n|rule|HP Percentage Mod: HP is shown in percentages\n|clearpoke\n|poke|p1|Corviknight, F|\n|poke|p1|Gliscor, F|\n|poke|p1|Landorus-Therian, M|\n|poke|p1|Tyranitar, F|\n|poke|p1|Basculegion, M|\n|poke|p1|Sandy Shocks|\n|poke|p2|Ogerpon, F|\n|poke|p2|Dragapult, M|\n|poke|p2|Tyranitar, M|\n|poke|p2|Dondozo, M|\n|poke|p2|Zapdos|\n|poke|p2|Ceruledge, M|\n|teampreview\n|\n|t:|1695164882\n|start\n|switch|p1a: Basculegion|Basculegion, M, shiny|100/100\n|switch|p2a: Ceruledge|Ceruledge, M|100/100\n|turn|1\n|\n|t:|1695164893\n|move|p2a: Ceruledge|Swords Dance|p2a: Ceruledge\n|-boost|p2a: Ceruledge|atk|2\n|move|p1a: Basculegion|Wave Crash|p2a: Ceruledge\n|-supereffective|p2a: Ceruledge\n|-enditem|p2a: Ceruledge|Focus Sash\n|-damage|p2a: Ceruledge|1/100\n|-ability|p2a: Ceruledge|Weak Armor|boost\n|-unboost|p2a: Ceruledge|def|1\n|-boost|p2a: Ceruledge|spe|2\n|-damage|p1a: Basculegion|77/100|[from] Recoil\n|\n|upkeep\n|turn|2\n|\n|t:|1695164900\n|move|p1a: Basculegion|Aqua Jet|p2a: Ceruledge\n|-supereffective|p2a: Ceruledge\n|-damage|p2a: Ceruledge|0 fnt\n|faint|p2a: Ceruledge\n|\n|upkeep\n|\n|t:|1695164903\n|switch|p2a: Ogerpon|Ogerpon, F|100/100\n|turn|3\n|\n|t:|1695164910\n|switch|p1a: Corviknight|Corviknight, F, shiny|100/100\n|-terastallize|p2a: Ogerpon|Grass\n|detailschange|p2a: Ogerpon|Ogerpon-Teal-Tera, F, tera:Grass\n|-ability|p2a: Ogerpon|Embody Aspect (Teal)|boost\n|-boost|p2a: Ogerpon|spe|1\n|move|p2a: Ogerpon|Swords Dance|p2a: Ogerpon\n|-boost|p2a: Ogerpon|atk|2\n|\n|upkeep\n|turn|4\n|\n|t:|1695164920\n|move|p2a: Ogerpon|Ivy Cudgel|p1a: Corviknight\n|-resisted|p1a: Corviknight\n|-damage|p1a: Corviknight|67/100\n|move|p1a: Corviknight|Brave Bird|p2a: Ogerpon\n|-supereffective|p2a: Ogerpon\n|-enditem|p2a: Ogerpon|Focus Sash\n|-damage|p2a: Ogerpon|1/100\n|-damage|p1a: Corviknight|37/100|[from] Recoil\n|\n|upkeep\n|turn|5\n|\n|t:|1695164929\n|move|p2a: Ogerpon|Ivy Cudgel|p1a: Corviknight\n|-resisted|p1a: Corviknight\n|-damage|p1a: Corviknight|5/100\n|move|p1a: Corviknight|Brave Bird|p2a: Ogerpon\n|-supereffective|p2a: Ogerpon\n|-damage|p2a: Ogerpon|0 fnt\n|faint|p2a: Ogerpon\n|-damage|p1a: Corviknight|4/100|[from] Recoil\n|\n|upkeep\n|\n|t:|1695164937\n|switch|p2a: Zapdos|Zapdos|100/100\n|turn|6\n|\n|t:|1695164941\n|switch|p1a: Sandy Shocks|Sandy Shocks|100/100\n|move|p2a: Zapdos|Ancient Power|p1a: Sandy Shocks\n|-resisted|p1a: Sandy Shocks\n|-damage|p1a: Sandy Shocks|88/100\n|\n|-heal|p1a: Sandy Shocks|94/100|[from] item: Leftovers\n|upkeep\n|turn|7\n|\n|t:|1695164946\n|switch|p2a: Dondozo|Dondozo, M|100/100\n|move|p1a: Sandy Shocks|Spikes|p2a: Dondozo\n|-sidestart|p2: itsagha_|Spikes\n|\n|-heal|p1a: Sandy Shocks|99/100|[from] item: Leftovers\n|upkeep\n|turn|8\n|\n|t:|1695164950\n|move|p1a: Sandy Shocks|Thunderbolt|p2a: Dondozo\n|-supereffective|p2a: Dondozo\n|-damage|p2a: Dondozo|30/100\n|move|p2a: Dondozo|Wave Crash|p1a: Sandy Shocks\n|-supereffective|p1a: Sandy Shocks\n|-damage|p1a: Sandy Shocks|0 fnt\n|faint|p1a: Sandy Shocks\n|-end|p1a: Sandy Shocks|Protosynthesis|[silent]\n|-damage|p2a: Dondozo|9/100|[from] Recoil\n|\n|upkeep\n|\n|t:|1695164963\n|switch|p1a: Gliscor|Gliscor, F, shiny|100/100\n|turn|9\n|\n|t:|1695164966\n|move|p1a: Gliscor|Earthquake|p2a: Dondozo\n|-crit|p2a: Dondozo\n|-damage|p2a: Dondozo|0 fnt\n|faint|p2a: Dondozo\n|\n|-status|p1a: Gliscor|tox|[from] item: Toxic Orb\n|upkeep\n|\n|t:|1695164969\n|switch|p2a: Tyranitar|Tyranitar, M|100/100\n|-damage|p2a: Tyranitar|88/100|[from] Spikes\n|-weather|Sandstorm|[from] ability: Sand Stream|[of] p2a: Tyranitar\n|turn|10\n|\n|t:|1695164973\n|move|p1a: Gliscor|U-turn|p2a: Tyranitar\n|-supereffective|p2a: Tyranitar\n|-damage|p2a: Tyranitar|64/100\n|\n|t:|1695164975\n|switch|p1a: Corviknight|Corviknight, F, shiny|4/100|[from] U-turn\n|move|p2a: Tyranitar|Avalanche|p1a: Corviknight\n|-damage|p1a: Corviknight|0 fnt\n|faint|p1a: Corviknight\n|\n|-weather|Sandstorm|[upkeep]\n|-heal|p2a: Tyranitar|70/100|[from] item: Leftovers\n|upkeep\n|\n|t:|1695164981\n|switch|p1a: Gliscor|Gliscor, F, shiny|100/100 tox\n|turn|11\n|\n|t:|1695164984\n|move|p1a: Gliscor|Swords Dance|p1a: Gliscor\n|-boost|p1a: Gliscor|atk|2\n|move|p2a: Tyranitar|Avalanche|p1a: Gliscor\n|-supereffective|p1a: Gliscor\n|-damage|p1a: Gliscor|23/100 tox\n|\n|-weather|Sandstorm|[upkeep]\n|-heal|p2a: Tyranitar|76/100|[from] item: Leftovers\n|-heal|p1a: Gliscor|35/100 tox|[from] ability: Poison Heal\n|upkeep\n|turn|12\n|\n|t:|1695164987\n|move|p1a: Gliscor|Earthquake|p2a: Tyranitar\n|-supereffective|p2a: Tyranitar\n|-damage|p2a: Tyranitar|0 fnt\n|faint|p2a: Tyranitar\n|\n|-weather|Sandstorm|[upkeep]\n|-heal|p1a: Gliscor|48/100 tox|[from] ability: Poison Heal\n|upkeep\n|\n|t:|1695164991\n|switch|p2a: Dragapult|Dragapult, M|100/100\n|-damage|p2a: Dragapult|88/100|[from] Spikes\n|turn|13\n|\n|t:|1695164995\n|move|p2a: Dragapult|Dragon Darts|p1a: Gliscor\n|-damage|p1a: Gliscor|27/100 tox\n|-anim|p2a: Dragapult|Dragon Darts|p1a: Gliscor\n|-damage|p1a: Gliscor|8/100 tox\n|move|p1a: Gliscor|Ice Fang|p2a: Dragapult\n|-supereffective|p2a: Dragapult\n|-damage|p2a: Dragapult|0 fnt\n|faint|p2a: Dragapult\n|\n|-weather|Sandstorm|[upkeep]\n|-heal|p1a: Gliscor|20/100 tox|[from] ability: Poison Heal\n|upkeep\n|\n|t:|1695164998\n|switch|p2a: Zapdos|Zapdos|100/100\n|turn|14\n|\n|t:|1695165000\n|move|p2a: Zapdos|Ancient Power|p1a: Gliscor\n|-damage|p1a: Gliscor|0 fnt\n|faint|p1a: Gliscor\n|\n|-weather|none\n|upkeep\n|\n|t:|1695165009\n|switch|p1a: Tyranitar|Tyranitar, F|100/100\n|-weather|Sandstorm|[from] ability: Sand Stream|[of] p1a: Tyranitar\n|turn|15\n|\n|t:|1695165014\n|move|p2a: Zapdos|Discharge|p1a: Tyranitar\n|-damage|p1a: Tyranitar|79/100\n|move|p1a: Tyranitar|Knock Off|p2a: Zapdos\n|-damage|p2a: Zapdos|41/100\n|-enditem|p2a: Zapdos|Leftovers|[from] move: Knock Off|[of] p1a: Tyranitar\n|\n|-weather|Sandstorm|[upkeep]\n|-damage|p2a: Zapdos|35/100|[from] Sandstorm\n|-heal|p1a: Tyranitar|86/100|[from] item: Leftovers\n|upkeep\n|turn|16\n|\n|t:|1695165020\n|move|p2a: Zapdos|Discharge|p1a: Tyranitar\n|-damage|p1a: Tyranitar|65/100\n|-status|p1a: Tyranitar|par\n|move|p1a: Tyranitar|Knock Off|p2a: Zapdos\n|-damage|p2a: Zapdos|0 fnt\n|faint|p2a: Zapdos\n|\n|win|Rockworker\n|raw|Rockworker's rating: 1171 &rarr; <strong>1197</strong><br />(+26 for winning)\n|raw|itsagha_'s rating: 1181 &rarr; <strong>1155</strong><br />(-26 for losing)\n", "uploadtime": 1695165025, "views": 1, "p1id": "rockworker", "p2id": "itsagha", "formatid": "gen9ou", "rating": 1155, "private": 0, "password": ""}