{"id": "gen9ou-1947529015", "p1": "valakmtn", "p2": "CNT JesusGP0000", "format": "gen9ou", "log": "|j|\u2606valakmtn\n|j|\u2606CNT JesusGP0000\n|t:|1695169584\n|gametype|singles\n|player|p1|valakmtn|grimsley|1134\n|player|p2|CNT JesusGP0000|miriam|1040\n|teamsize|p1|6\n|teamsize|p2|6\n|gen|9\n|tier|[Gen 9] OU\n|rated|\n|rule|Sleep Clause Mod: Limit one foe put to sleep\n|rule|Species Clause: Limit one of each Pok\u00e9mon\n|rule|OHKO Clause: OHKO moves are banned\n|rule|Evasion Items Clause: Evasion items are banned\n|rule|Evasion Moves Clause: Evasion moves are banned\n|rule|Endless Battle Clause: Forcing endless battles is banned\n|rule|HP Percentage Mod: HP is shown in percentages\n|clearpoke\n|poke|p1|Torkoal, M|\n|poke|p1|Ogerpon-Hearthflame, F|\n|poke|p1|Roaring Moon|\n|poke|p1|Walking Wake|\n|poke|p1|Great Tusk|\n|poke|p1|Scream Tail|\n|poke|p2|Ursaluna-Bloodmoon, M|\n|poke|p2|Dragapult, F|\n|poke|p2|Clefable, F|\n|poke|p2|Dondozo, F|\n|poke|p2|Moltres|\n|poke|p2|Kingambit, M|\n|teampreview\n|inactive|Battle timer is ON: inactive players will automatically lose when time's up. (requested by valakmtn)\n|\n|t:|1695169616\n|start\n|switch|p1a: Torkoal|Torkoal, M|100/100\n|switch|p2a: Clefable|Clefable, F|100/100\n|-weather|SunnyDay|[from] ability: Drought|[of] p1a: Torkoal\n|turn|1\n|\n|t:|1695169620\n|move|p2a: Clefable|Stealth Rock|p1a: Torkoal\n|-sidestart|p1: valakmtn|move: Stealth Rock\n|move|p1a: Torkoal|Stealth Rock|p2a: Clefable\n|-sidestart|p2: CNT JesusGP0000|move: Stealth Rock\n|\n|-weather|SunnyDay|[upkeep]\n|upkeep\n|turn|2\n|\n|t:|1695169629\n|move|p2a: Clefable|Moonblast|p1a: Torkoal\n|-resisted|p1a: Torkoal\n|-damage|p1a: Torkoal|84/100\n|move|p1a: Torkoal|Rapid Spin|p2a: Clefable\n|-damage|p2a: Clefable|94/100\n|-boost|p1a: Torkoal|spe|1\n|-sideend|p1: valakmtn|Stealth Rock|[from] move: Rapid Spin|[of] p1a: Torkoal\n|\n|-weather|SunnyDay|[upkeep]\n|-heal|p2a: Clefable|99/100|[from] item: Leftovers\n|upkeep\n|turn|3\n|\n|t:|1695169636\n|move|p2a: Clefable|Stealth Rock|p1a: Torkoal\n|-sidestart|p1: valakmtn|move: Stealth Rock\n|move|p1a: Torkoal|Yawn|p2a: Clefable\n|-start|p2a: Clefable|move: Yawn|[of] p1a: Torkoal\n|\n|-weather|SunnyDay|[upkeep]\n|-heal|p2a: Clefable|100/100|[from] item: Leftovers\n|upkeep\n|turn|4\n|\n|t:|1695169639\n|switch|p2a: Dragapult|Dragapult, F|100/100\n|-damage|p2a: Dragapult|88/100|[from] Stealth Rock\n|move|p1a: Torkoal|Rapid Spin|p2a: Dragapult\n|-immune|p2a: Dragapult\n|\n|-weather|SunnyDay|[upkeep]\n|-heal|p2a: Dragapult|94/100|[from] item: Leftovers\n|upkeep\n|turn|5\n|\n|t:|1695169645\n|switch|p1a: Scream Tail|Scream Tail|100/100\n|-damage|p1a: Scream Tail|88/100|[from] Stealth Rock\n|-activate|p1a: Scream Tail|ability: Protosynthesis\n|-start|p1a: Scream Tail|protosynthesisspd\n|move|p2a: Dragapult|Hex|p1a: Scream Tail\n|-supereffective|p1a: Scream Tail\n|-damage|p1a: Scream Tail|68/100\n|\n|-weather|SunnyDay|[upkeep]\n|-heal|p2a: Dragapult|99/100|[from] item: Leftovers\n|-heal|p1a: Scream Tail|74/100|[from] item: Leftovers\n|upkeep\n|turn|6\n|\n|t:|1695169659\n|switch|p2a: Moltres|Moltres|100/100\n|move|p1a: Scream Tail|Wish|p1a: Scream Tail\n|\n|-weather|SunnyDay|[upkeep]\n|-heal|p1a: Scream Tail|81/100|[from] item: Leftovers\n|upkeep\n|turn|7\n|\n|t:|1695169663\n|-end|p1a: Scream Tail|Protosynthesis|[silent]\n|switch|p1a: Torkoal|Torkoal, M|84/100\n|-damage|p1a: Torkoal|59/100|[from] Stealth Rock\n|move|p2a: Moltres|Will-O-Wisp|p1a: Torkoal\n|-immune|p1a: Torkoal\n|\n|-weather|SunnyDay|[upkeep]\n|-heal|p1a: Torkoal|100/100|[from] move: Wish|[wisher] Scream Tail\n|upkeep\n|turn|8\n|\n|t:|1695169670\n|move|p2a: Moltres|Hurricane|p1a: Torkoal|[miss]\n|-miss|p2a: Moltres|p1a: Torkoal\n|move|p1a: Torkoal|Rapid Spin|p2a: Moltres\n|-damage|p2a: Moltres|91/100\n|-boost|p1a: Torkoal|spe|1\n|-sideend|p1: valakmtn|Stealth Rock|[from] move: Rapid Spin|[of] p1a: Torkoal\n|\n|-weather|none\n|upkeep\n|turn|9\n|\n|t:|1695169674\n|move|p2a: Moltres|Hurricane|p1a: Torkoal\n|-damage|p1a: Torkoal|58/100\n|move|p1a: Torkoal|Yawn|p2a: Moltres\n|-start|p2a: Moltres|move: Yawn|[of] p1a: Torkoal\n|\n|upkeep\n|turn|10\n|\n|t:|1695169681\n|switch|p2a: Dragapult|Dragapult, F|99/100\n|-damage|p2a: Dragapult|88/100|[from] Stealth Rock\n|switch|p1a: Scream Tail|Scream Tail|81/100\n|\n|-heal|p2a: Dragapult|94/100|[from] item: Leftovers\n|-heal|p1a: Scream Tail|87/100|[from] item: Leftovers\n|upkeep\n|turn|11\n|\n|t:|1695169691\n|switch|p2a: Moltres|Moltres|91/100\n|move|p1a: Scream Tail|Wish|p1a: Scream Tail\n|\n|-heal|p1a: Scream Tail|93/100|[from] item: Leftovers\n|upkeep\n|turn|12\n|\n|t:|1695169699\n|-end|p1a: Scream Tail|Protosynthesis|[silent]\n|switch|p1a: Torkoal|Torkoal, M|58/100\n|-weather|SunnyDay|[from] ability: Drought|[of] p1a: Torkoal\n|move|p2a: Moltres|Hurricane|p1a: Torkoal\n|-damage|p1a: Torkoal|10/100\n|\n|-weather|SunnyDay|[upkeep]\n|-heal|p1a: Torkoal|73/100|[from] move: Wish|[wisher] Scream Tail\n|upkeep\n|turn|13\n|\n|t:|1695169708\n|switch|p2a: Ursaluna|Ursaluna-Bloodmoon, M|100/100\n|-damage|p2a: Ursaluna|94/100|[from] Stealth Rock\n|move|p1a: Torkoal|Yawn|p2a: Ursaluna\n|-start|p2a: Ursaluna|move: Yawn|[of] p1a: Torkoal\n|\n|-weather|SunnyDay|[upkeep]\n|-heal|p2a: Ursaluna|100/100|[from] item: Leftovers\n|upkeep\n|turn|14\n|\n|t:|1695169716\n|switch|p2a: Dragapult|Dragapult, F|94/100\n|-damage|p2a: Dragapult|82/100|[from] Stealth Rock\n|switch|p1a: Scream Tail|Scream Tail|93/100\n|-activate|p1a: Scream Tail|ability: Protosynthesis\n|-start|p1a: Scream Tail|protosynthesisspd\n|\n|-weather|SunnyDay|[upkeep]\n|-heal|p2a: Dragapult|88/100|[from] item: Leftovers\n|-heal|p1a: Scream Tail|99/100|[from] item: Leftovers\n|upkeep\n|turn|15\n|\n|t:|1695169723\n|move|p2a: Dragapult|Will-O-Wisp|p1a: Scream Tail\n|-status|p1a: Scream Tail|brn\n|move|p1a: Scream Tail|Wish|p1a: Scream Tail\n|\n|-weather|SunnyDay|[upkeep]\n|-heal|p2a: Dragapult|94/100|[from] item: Leftovers\n|-heal|p1a: Scream Tail|100/100 brn|[from] item: Leftovers\n|-damage|p1a: Scream Tail|94/100 brn|[from] brn\n|upkeep\n|turn|16\n|\n|t:|1695169730\n|-end|p1a: Scream Tail|Protosynthesis|[silent]\n|switch|p1a: Walking Wake|Walking Wake|100/100\n|-activate|p1a: Walking Wake|ability: Protosynthesis\n|-start|p1a: Walking Wake|protosynthesisspe\n|move|p2a: Dragapult|Substitute|p2a: Dragapult\n|-start|p2a: Dragapult|Substitute\n|-damage|p2a: Dragapult|69/100\n|\n|-weather|SunnyDay|[upkeep]\n|-heal|p2a: Dragapult|75/100|[from] item: Leftovers\n|upkeep\n|turn|17\n|\n|t:|1695169736\n|-end|p1a: Walking Wake|Protosynthesis|[silent]\n|switch|p1a: Scream Tail|Scream Tail|94/100 brn\n|-activate|p1a: Scream Tail|ability: Protosynthesis\n|-start|p1a: Scream Tail|protosynthesisspd\n|move|p2a: Dragapult|Dragon Darts|p1a: Scream Tail\n|-immune|p1a: Scream Tail\n|\n|-weather|SunnyDay|[upkeep]\n|-heal|p2a: Dragapult|81/100|[from] item: Leftovers\n|-heal|p1a: Scream Tail|100/100 brn|[from] item: Leftovers\n|-damage|p1a: Scream Tail|94/100 brn|[from] brn\n|upkeep\n|turn|18\n|\n|t:|1695169742\n|move|p2a: Dragapult|Hex|p1a: Scream Tail\n|-supereffective|p1a: Scream Tail\n|-damage|p1a: Scream Tail|51/100 brn\n|move|p1a: Scream Tail|Dazzling Gleam|p2a: Dragapult\n|-supereffective|p2a: Dragapult\n|-end|p2a: Dragapult|Substitute\n|\n|-weather|SunnyDay|[upkeep]\n|-heal|p2a: Dragapult|87/100|[from] item: Leftovers\n|-heal|p1a: Scream Tail|58/100 brn|[from] item: Leftovers\n|-damage|p1a: Scream Tail|51/100 brn|[from] brn\n|upkeep\n|turn|19\n|\n|t:|1695169750\n|switch|p2a: Moltres|Moltres|91/100\n|move|p1a: Scream Tail|Dazzling Gleam|p2a: Moltres\n|-resisted|p2a: Moltres\n|-crit|p2a: Moltres\n|-damage|p2a: Moltres|81/100\n|\n|-weather|none\n|-end|p1a: Scream Tail|Protosynthesis\n|-heal|p1a: Scream Tail|58/100 brn|[from] item: Leftovers\n|-damage|p1a: Scream Tail|51/100 brn|[from] brn\n|upkeep\n|turn|20\n|\n|t:|1695169757\n|switch|p2a: Ursaluna|Ursaluna-Bloodmoon, M|100/100\n|-damage|p2a: Ursaluna|94/100|[from] Stealth Rock\n|move|p1a: Scream Tail|Wish|p1a: Scream Tail\n|\n|-heal|p1a: Scream Tail|58/100 brn|[from] item: Leftovers\n|-heal|p2a: Ursaluna|100/100|[from] item: Leftovers\n|-damage|p1a: Scream Tail|51/100 brn|[from] brn\n|upkeep\n|turn|21\n|\n|t:|1695169763\n|move|p1a: Scream Tail|Protect|p1a: Scream Tail\n|-singleturn|p1a: Scream Tail|Protect\n|move|p2a: Ursaluna|Calm Mind|p2a: Ursaluna\n|-boost|p2a: Ursaluna|spa|1\n|-boost|p2a: Ursaluna|spd|1\n|\n|-heal|p1a: Scream Tail|100/100 brn|[from] move: Wish|[wisher] Scream Tail\n|-damage|p1a: Scream Tail|94/100 brn|[from] brn\n|upkeep\n|turn|22\n|\n|t:|1695169767\n|move|p1a: Scream Tail|Encore|p2a: Ursaluna\n|-start|p2a: Ursaluna|Encore\n|move|p2a: Ursaluna|Calm Mind|p2a: Ursaluna\n|-boost|p2a: Ursaluna|spa|1\n|-boost|p2a: Ursaluna|spd|1\n|\n|-heal|p1a: Scream Tail|100/100 brn|[from] item: Leftovers\n|-damage|p1a: Scream Tail|94/100 brn|[from] brn\n|upkeep\n|turn|23\n|\n|t:|1695169775\n|-end|p1a: Scream Tail|Protosynthesis|[silent]\n|switch|p1a: Ogerpon|Ogerpon-Hearthflame, F|100/100\n|-ability|p1a: Ogerpon|Mold Breaker\n|move|p2a: Ursaluna|Calm Mind|p2a: Ursaluna\n|-boost|p2a: Ursaluna|spa|1\n|-boost|p2a: Ursaluna|spd|1\n|\n|upkeep\n|turn|24\n|\n|t:|1695169780\n|switch|p2a: Moltres|Moltres|81/100\n|move|p1a: Ogerpon|Horn Leech|p2a: Moltres\n|-resisted|p2a: Moltres\n|-damage|p2a: Moltres|69/100\n|\n|upkeep\n|turn|25\n|\n|t:|1695169787\n|switch|p1a: Scream Tail|Scream Tail|94/100 brn\n|move|p2a: Moltres|Hurricane|p1a: Scream Tail\n|-damage|p1a: Scream Tail|70/100 brn\n|\n|-heal|p1a: Scream Tail|76/100 brn|[from] item: Leftovers\n|-damage|p1a: Scream Tail|70/100 brn|[from] brn\n|upkeep\n|turn|26\n|\n|t:|1695169796\n|move|p1a: Scream Tail|Wish|p1a: Scream Tail\n|move|p2a: Moltres|Flamethrower|p1a: Scream Tail\n|-damage|p1a: Scream Tail|49/100 brn\n|\n|-heal|p1a: Scream Tail|55/100 brn|[from] item: Leftovers\n|-damage|p1a: Scream Tail|49/100 brn|[from] brn\n|upkeep\n|turn|27\n|\n|t:|1695169802\n|-end|p1a: Scream Tail|Protosynthesis|[silent]\n|switch|p1a: Torkoal|Torkoal, M|73/100\n|-weather|SunnyDay|[from] ability: Drought|[of] p1a: Torkoal\n|move|p2a: Moltres|Hurricane|p1a: Torkoal|[miss]\n|-miss|p2a: Moltres|p1a: Torkoal\n|\n|-weather|SunnyDay|[upkeep]\n|-heal|p1a: Torkoal|100/100|[from] move: Wish|[wisher] Scream Tail\n|upkeep\n|turn|28\n|\n|t:|1695169808\n|switch|p2a: Ursaluna|Ursaluna-Bloodmoon, M|100/100\n|-damage|p2a: Ursaluna|94/100|[from] Stealth Rock\n|move|p1a: Torkoal|Yawn|p2a: Ursaluna\n|-start|p2a: Ursaluna|move: Yawn|[of] p1a: Torkoal\n|\n|-weather|SunnyDay|[upkeep]\n|-heal|p2a: Ursaluna|100/100|[from] item: Leftovers\n|upkeep\n|turn|29\n|\n|t:|1695169812\n|move|p2a: Ursaluna|Earth Power|p1a: Torkoal\n|-supereffective|p1a: Torkoal\n|-damage|p1a: Torkoal|0 fnt\n|faint|p1a: Torkoal\n|\n|-weather|SunnyDay|[upkeep]\n|-end|p2a: Ursaluna|move: Yawn|[silent]\n|-status|p2a: Ursaluna|slp\n|upkeep\n|\n|t:|1695169816\n|switch|p1a: Walking Wake|Walking Wake|100/100\n|-activate|p1a: Walking Wake|ability: Protosynthesis\n|-start|p1a: Walking Wake|protosynthesisspe\n|turn|30\n|\n|t:|1695169820\n|switch|p2a: Dondozo|Dondozo, F|100/100\n|move|p1a: Walking Wake|Flip Turn|p2a: Dondozo\n|-resisted|p2a: Dondozo\n|-damage|p2a: Dondozo|99/100\n|\n|t:|1695169822\n|-end|p1a: Walking Wake|Protosynthesis|[silent]\n|switch|p1a: Ogerpon|Ogerpon-Hearthflame, F|100/100|[from] Flip Turn\n|-ability|p1a: Ogerpon|Mold Breaker\n|\n|-weather|SunnyDay|[upkeep]\n|upkeep\n|turn|31\n|\n|t:|1695169828\n|switch|p2a: Moltres|Moltres|69/100\n|move|p1a: Ogerpon|Horn Leech|p2a: Moltres\n|-resisted|p2a: Moltres\n|-damage|p2a: Moltres|59/100\n|\n|-weather|SunnyDay|[upkeep]\n|upkeep\n|turn|32\n|\n|t:|1695169832\n|-terastallize|p1a: Ogerpon|Fire\n|detailschange|p1a: Ogerpon|Ogerpon-Hearthflame-Tera, F, tera:Fire\n|-ability|p1a: Ogerpon|Embody Aspect (Hearthflame)|boost\n|-boost|p1a: Ogerpon|atk|1\n|move|p1a: Ogerpon|Swords Dance|p1a: Ogerpon\n|-boost|p1a: Ogerpon|atk|2\n|move|p2a: Moltres|Roost|p2a: Moltres\n|-heal|p2a: Moltres|100/100\n|-singleturn|p2a: Moltres|move: Roost\n|\n|-weather|SunnyDay|[upkeep]\n|upkeep\n|turn|33\n|\n|t:|1695169838\n|move|p1a: Ogerpon|Ivy Cudgel|p2a: Moltres\n|-resisted|p2a: Moltres\n|-damage|p2a: Moltres|0 fnt\n|faint|p2a: Moltres\n|\n|-weather|SunnyDay|[upkeep]\n|upkeep\n|\n|t:|1695169842\n|switch|p2a: Dondozo|Dondozo, F|99/100\n|turn|34\n|\n|t:|1695169852\n|-terastallize|p2a: Dondozo|Dragon\n|move|p1a: Ogerpon|Horn Leech|p2a: Dondozo\n|-resisted|p2a: Dondozo\n|-damage|p2a: Dondozo|89/100\n|move|p2a: Dondozo|Liquidation|p1a: Ogerpon\n|-supereffective|p1a: Ogerpon\n|-damage|p1a: Ogerpon|60/100\n|\n|-weather|none\n|upkeep\n|turn|35\n|\n|t:|1695169858\n|move|p1a: Ogerpon|Play Rough|p2a: Dondozo\n|-supereffective|p2a: Dondozo\n|-damage|p2a: Dondozo|60/100\n|move|p2a: Dondozo|Body Press|p1a: Ogerpon\n|-damage|p1a: Ogerpon|20/100\n|\n|upkeep\n|turn|36\n|\n|t:|1695169865\n|move|p1a: Ogerpon|Play Rough|p2a: Dondozo\n|-supereffective|p2a: Dondozo\n|-damage|p2a: Dondozo|28/100\n|move|p2a: Dondozo|Rest|p2a: Dondozo\n|-status|p2a: Dondozo|slp|[from] move: Rest\n|-heal|p2a: Dondozo|100/100 slp|[silent]\n|\n|upkeep\n|turn|37\n|\n|t:|1695169868\n|move|p1a: Ogerpon|Ivy Cudgel|p2a: Dondozo\n|-resisted|p2a: Dondozo\n|-damage|p2a: Dondozo|83/100 slp\n|cant|p2a: Dondozo|slp\n|move|p2a: Dondozo|Sleep Talk|p2a: Dondozo\n|move|p2a: Dondozo|Liquidation|p1a: Ogerpon|[from]move: Sleep Talk\n|-supereffective|p1a: Ogerpon\n|-damage|p1a: Ogerpon|0 fnt\n|faint|p1a: Ogerpon\n|\n|upkeep\n|\n|t:|1695169881\n|switch|p1a: Walking Wake|Walking Wake|100/100\n|turn|38\n|\n|t:|1695169885\n|switch|p2a: Clefable|Clefable, F|100/100\n|move|p1a: Walking Wake|Draco Meteor|p2a: Clefable\n|-immune|p2a: Clefable\n|\n|upkeep\n|turn|39\n|\n|t:|1695169889\n|-end|p1a: Walking Wake|Protosynthesis|[silent]\n|switch|p1a: Roaring Moon|Roaring Moon|100/100\n|move|p2a: Clefable|Moonblast|p1a: Roaring Moon\n|-supereffective|p1a: Roaring Moon\n|-crit|p1a: Roaring Moon\n|-damage|p1a: Roaring Moon|0 fnt\n|faint|p1a: Roaring Moon\n|-end|p1a: Roaring Moon|Protosynthesis|[silent]\n|\n|upkeep\n|-message|valakmtn forfeited.\n|\n|win|CNT JesusGP0000\n|raw|valakmtn's rating: 1134 &rarr; <strong>1102</strong><br />(-32 for losing)\n|raw|CNT JesusGP0000's rating: 1040 &rarr; <strong>1083</strong><br />(+43 for winning)\n|l|\u2606valakmtn\n", "uploadtime": 1695169901, "views": 2, "p1id": "valakmtn", "p2id": "cntjesusgp0000", "formatid": "gen9ou", "rating": 1083, "private": 0, "password": ""}