{"id": "gen9ou-1947513174", "p1": "CNT JesusGP00", "p2": "zeref203", "format": "gen9ou", "log": "|j|\u2606CNT JesusGP00\n|j|\u2606zeref203\n|t:|1695168006\n|gametype|singles\n|player|p1|CNT JesusGP00|miriam|1000\n|player|p2|zeref203|265|1041\n|teamsize|p1|6\n|teamsize|p2|6\n|gen|9\n|tier|[Gen 9] OU\n|rated|\n|rule|Sleep Clause Mod: Limit one foe put to sleep\n|rule|Species Clause: Limit one of each Pok\u00e9mon\n|rule|OHKO Clause: OHKO moves are banned\n|rule|Evasion Items Clause: Evasion items are banned\n|rule|Evasion Moves Clause: Evasion moves are banned\n|rule|Endless Battle Clause: Forcing endless battles is banned\n|rule|HP Percentage Mod: HP is shown in percentages\n|clearpoke\n|poke|p1|Ursaluna-Bloodmoon, M|\n|poke|p1|Dragapult, F|\n|poke|p1|Clefable, M|\n|poke|p1|Dondozo, M|\n|poke|p1|Moltres|\n|poke|p1|Kingambit, M|\n|poke|p2|Gholdengo|\n|poke|p2|Great Tusk|\n|poke|p2|Arcanine-Hisui, M|\n|poke|p2|Hatterene, F|\n|poke|p2|Ogerpon-Wellspring, F|\n|poke|p2|Milotic, M|\n|teampreview\n|inactive|Battle timer is ON: inactive players will automatically lose when time's up. (requested by zeref203)\n|\n|t:|1695168017\n|start\n|switch|p1a: Clefable|Clefable, M|100/100\n|switch|p2a: Selene|Hatterene, F, shiny|100/100\n|turn|1\n|\n|t:|1695168025\n|move|p1a: Clefable|Moonblast|p2a: Selene\n|-damage|p2a: Selene|64/100\n|move|p2a: Selene|Mystical Fire|p1a: Clefable\n|-damage|p1a: Clefable|72/100\n|-unboost|p1a: Clefable|spa|1\n|\n|-heal|p1a: Clefable|78/100|[from] item: Leftovers\n|upkeep\n|turn|2\n|\n|t:|1695168035\n|switch|p1a: Moltres|Moltres|100/100\n|move|p2a: Selene|Giga Drain|p1a: Moltres\n|-resisted|p1a: Moltres\n|-damage|p1a: Moltres|95/100\n|-heal|p2a: Selene|67/100|[from] drain|[of] p1a: Moltres\n|\n|upkeep\n|turn|3\n|\n|t:|1695168043\n|switch|p2a: Mercuphobia|Milotic, M, shiny|100/100\n|move|p1a: Moltres|Hurricane|p2a: Mercuphobia\n|-damage|p2a: Mercuphobia|68/100\n|-start|p2a: Mercuphobia|confusion\n|\n|-status|p2a: Mercuphobia|brn|[from] item: Flame Orb\n|upkeep\n|turn|4\n|\n|t:|1695168057\n|switch|p1a: Dondozo|Dondozo, M|100/100\n|-activate|p2a: Mercuphobia|confusion\n|-damage|p2a: Mercuphobia|64/100 brn|[from] confusion\n|\n|-damage|p2a: Mercuphobia|58/100 brn|[from] brn\n|upkeep\n|turn|5\n|\n|t:|1695168068\n|-activate|p2a: Mercuphobia|confusion\n|move|p2a: Mercuphobia|Recover|p2a: Mercuphobia\n|-heal|p2a: Mercuphobia|100/100 brn\n|move|p1a: Dondozo|Body Press|p2a: Mercuphobia\n|-damage|p2a: Mercuphobia|85/100 brn\n|\n|-damage|p2a: Mercuphobia|79/100 brn|[from] brn\n|upkeep\n|turn|6\n|\n|t:|1695168077\n|-end|p2a: Mercuphobia|confusion\n|move|p2a: Mercuphobia|Scald|p1a: Dondozo\n|-resisted|p1a: Dondozo\n|-damage|p1a: Dondozo|88/100\n|-status|p1a: Dondozo|brn\n|move|p1a: Dondozo|Body Press|p2a: Mercuphobia\n|-damage|p2a: Mercuphobia|72/100 brn\n|\n|-damage|p2a: Mercuphobia|66/100 brn|[from] brn\n|-damage|p1a: Dondozo|82/100 brn|[from] brn\n|upkeep\n|turn|7\n|\n|t:|1695168089\n|move|p2a: Mercuphobia|Flip Turn|p1a: Dondozo\n|-resisted|p1a: Dondozo\n|-damage|p1a: Dondozo|80/100 brn\n|\n|t:|1695168093\n|switch|p2a: Aldoron|Ogerpon-Wellspring, F, shiny|100/100|[from] Flip Turn\n|move|p1a: Dondozo|Body Press|p2a: Aldoron\n|-damage|p2a: Aldoron|82/100\n|\n|-damage|p1a: Dondozo|74/100 brn|[from] brn\n|upkeep\n|turn|8\n|\n|t:|1695168104\n|move|p2a: Aldoron|Horn Leech|p1a: Dondozo\n|-supereffective|p1a: Dondozo\n|-damage|p1a: Dondozo|35/100 brn\n|-heal|p2a: Aldoron|100/100|[from] drain|[of] p1a: Dondozo\n|move|p1a: Dondozo|Rest|p1a: Dondozo\n|-status|p1a: Dondozo|slp|[from] move: Rest\n|-heal|p1a: Dondozo|100/100 slp|[silent]\n|\n|upkeep\n|turn|9\n|\n|t:|1695168115\n|move|p2a: Aldoron|Horn Leech|p1a: Dondozo\n|-supereffective|p1a: Dondozo\n|-damage|p1a: Dondozo|62/100 slp\n|cant|p1a: Dondozo|slp\n|move|p1a: Dondozo|Sleep Talk|p1a: Dondozo\n|move|p1a: Dondozo|Rest||[from]move: Sleep Talk|[still]\n|-fail|p1a: Dondozo\n|\n|upkeep\n|turn|10\n|\n|t:|1695168124\n|move|p2a: Aldoron|Horn Leech|p1a: Dondozo\n|-supereffective|p1a: Dondozo\n|-damage|p1a: Dondozo|25/100 slp\n|cant|p1a: Dondozo|slp\n|move|p1a: Dondozo|Sleep Talk|p1a: Dondozo\n|move|p1a: Dondozo|Body Press|p2a: Aldoron|[from]move: Sleep Talk\n|-damage|p2a: Aldoron|64/100\n|\n|upkeep\n|turn|11\n|\n|t:|1695168135\n|switch|p1a: Moltres|Moltres|95/100\n|move|p2a: Aldoron|Horn Leech|p1a: Moltres\n|-resisted|p1a: Moltres\n|-damage|p1a: Moltres|84/100\n|-heal|p2a: Aldoron|71/100|[from] drain|[of] p1a: Moltres\n|\n|upkeep\n|turn|12\n|\n|t:|1695168142\n|-terastallize|p2a: Aldoron|Water\n|detailschange|p2a: Aldoron|Ogerpon-Wellspring-Tera, F, shiny, tera:Water\n|-ability|p2a: Aldoron|Embody Aspect (Wellspring)|boost\n|-boost|p2a: Aldoron|spd|1\n|move|p2a: Aldoron|Ivy Cudgel|p1a: Moltres\n|-supereffective|p1a: Moltres\n|-damage|p1a: Moltres|0 fnt\n|faint|p1a: Moltres\n|\n|upkeep\n|\n|t:|1695168145\n|switch|p1a: Dragapult|Dragapult, F|100/100\n|turn|13\n|\n|t:|1695168157\n|move|p1a: Dragapult|Substitute|p1a: Dragapult\n|-start|p1a: Dragapult|Substitute\n|-damage|p1a: Dragapult|76/100\n|move|p2a: Aldoron|Ivy Cudgel|p1a: Dragapult\n|-resisted|p1a: Dragapult\n|-end|p1a: Dragapult|Substitute\n|\n|-heal|p1a: Dragapult|82/100|[from] item: Leftovers\n|upkeep\n|turn|14\n|\n|t:|1695168165\n|move|p1a: Dragapult|Dragon Darts|p2a: Aldoron\n|-damage|p2a: Aldoron|43/100\n|-anim|p1a: Dragapult|Dragon Darts|p2a: Aldoron\n|-damage|p2a: Aldoron|15/100\n|move|p2a: Aldoron|Ivy Cudgel|p1a: Dragapult\n|-resisted|p1a: Dragapult\n|-damage|p1a: Dragapult|19/100\n|\n|-heal|p1a: Dragapult|25/100|[from] item: Leftovers\n|upkeep\n|turn|15\n|\n|t:|1695168180\n|switch|p2a: Selene|Hatterene, F, shiny|67/100\n|move|p1a: Dragapult|Dragon Darts|p2a: Selene\n|-immune|p2a: Selene\n|\n|-heal|p1a: Dragapult|31/100|[from] item: Leftovers\n|upkeep\n|turn|16\n|\n|t:|1695168188\n|move|p1a: Dragapult|Hex|p2a: Selene\n|-supereffective|p2a: Selene\n|-damage|p2a: Selene|5/100\n|-enditem|p2a: Selene|Weakness Policy\n|-boost|p2a: Selene|atk|2|[from] item: Weakness Policy\n|-boost|p2a: Selene|spa|2|[from] item: Weakness Policy\n|move|p2a: Selene|Trick Room|p2a: Selene\n|-fieldstart|move: Trick Room|[of] p2a: Selene\n|\n|-heal|p1a: Dragapult|37/100|[from] item: Leftovers\n|upkeep\n|turn|17\n|\n|t:|1695168197\n|move|p2a: Selene|Giga Drain|p1a: Dragapult\n|-resisted|p1a: Dragapult\n|-damage|p1a: Dragapult|0 fnt\n|-heal|p2a: Selene|27/100|[from] drain|[of] p1a: Dragapult\n|faint|p1a: Dragapult\n|\n|upkeep\n|\n|t:|1695168204\n|switch|p1a: Ursaluna|Ursaluna-Bloodmoon, M|100/100\n|turn|18\n|\n|t:|1695168209\n|move|p2a: Selene|Giga Drain|p1a: Ursaluna\n|-supereffective|p1a: Ursaluna\n|-damage|p1a: Ursaluna|0 fnt\n|-heal|p2a: Selene|100/100|[from] drain|[of] p1a: Ursaluna\n|faint|p1a: Ursaluna\n|\n|upkeep\n|-message|CNT JesusGP00 forfeited.\n|\n|win|zeref203\n|raw|CNT JesusGP00's rating: 1000 &rarr; <strong>1000</strong><br />(+0 for losing)\n|raw|zeref203's rating: 1041 &rarr; <strong>1071</strong><br />(+30 for winning)\n|l|\u2606CNT JesusGP00\n", "uploadtime": 1695168218, "views": 6, "p1id": "cntjesusgp00", "p2id": "zeref203", "formatid": "gen9ou", "rating": 1000, "private": 0, "password": ""}