{"id": "gen9ou-1947564696", "p1": "captainSC", "p2": "Dr. Drake6782", "format": "gen9ou", "log": "|j|\u2606captainSC\n|j|\u2606Dr. Drake6782\n|t:|1695173043\n|gametype|singles\n|player|p1|captainSC|leaf-masters|1617\n|player|p2|Dr. Drake6782|hilbert-masters|1643\n|teamsize|p1|6\n|teamsize|p2|6\n|gen|9\n|tier|[Gen 9] OU\n|rated|\n|rule|Sleep Clause Mod: Limit one foe put to sleep\n|rule|Species Clause: Limit one of each Pok\u00e9mon\n|rule|OHKO Clause: OHKO moves are banned\n|rule|Evasion Items Clause: Evasion items are banned\n|rule|Evasion Moves Clause: Evasion moves are banned\n|rule|Endless Battle Clause: Forcing endless battles is banned\n|rule|HP Percentage Mod: HP is shown in percentages\n|clearpoke\n|poke|p1|Thundurus-Therian, M|\n|poke|p1|Goodra-Hisui, F|\n|poke|p1|Cinderace, F|\n|poke|p1|Landorus-Therian, M|\n|poke|p1|Iron Valiant|\n|poke|p1|Kingambit, F|\n|poke|p2|Kingambit, F|\n|poke|p2|Glimmora, M|\n|poke|p2|Zamazenta-*|\n|poke|p2|Iron Valiant|\n|poke|p2|Iron Moth|\n|poke|p2|Ogerpon-Wellspring, F|\n|teampreview\n|inactive|Battle timer is ON: inactive players will automatically lose when time's up. (requested by Dr. Drake6782)\n|j| YJLF\n|l| YJLF\n|inactive|Dr. Drake6782 has 120 seconds left.\n|\n|t:|1695173076\n|start\n|switch|p1a: Thundurus|Thundurus-Therian, M|100/100\n|switch|p2a: Glimmora|Glimmora, M|100/100\n|turn|1\n|inactive|captainSC has 120 seconds left.\n|\n|t:|1695173111\n|move|p1a: Thundurus|Volt Switch|p2a: Glimmora\n|-damage|p2a: Glimmora|12/100\n|\n|t:|1695173114\n|switch|p1a: Goodra|Goodra-Hisui, F|100/100|[from] Volt Switch\n|move|p2a: Glimmora|Stealth Rock|p1a: Goodra\n|-sidestart|p1: captainSC|move: Stealth Rock\n|\n|upkeep\n|turn|2\n|\n|t:|1695173125\n|move|p2a: Glimmora|Earth Power|p1a: Goodra\n|-supereffective|p1a: Goodra\n|-damage|p1a: Goodra|73/100\n|move|p1a: Goodra|Flash Cannon|p2a: Glimmora\n|-supereffective|p2a: Glimmora\n|-damage|p2a: Glimmora|0 fnt\n|faint|p2a: Glimmora\n|\n|upkeep\n|\n|t:|1695173130\n|switch|p2a: Ogerpon|Ogerpon-Wellspring, F, shiny|100/100\n|turn|3\n|\n|t:|1695173137\n|-terastallize|p2a: Ogerpon|Water\n|detailschange|p2a: Ogerpon|Ogerpon-Wellspring-Tera, F, shiny, tera:Water\n|-ability|p2a: Ogerpon|Embody Aspect (Wellspring)|boost\n|-boost|p2a: Ogerpon|spd|1\n|move|p2a: Ogerpon|Swords Dance|p2a: Ogerpon\n|-boost|p2a: Ogerpon|atk|2\n|move|p1a: Goodra|Draco Meteor|p2a: Ogerpon\n|-damage|p2a: Ogerpon|47/100\n|-unboost|p1a: Goodra|spa|2\n|\n|upkeep\n|turn|4\n|\n|t:|1695173166\n|switch|p1a: Kingambit|Kingambit, F|100/100\n|-damage|p1a: Kingambit|94/100|[from] Stealth Rock\n|-item|p1a: Kingambit|Air Balloon\n|move|p2a: Ogerpon|Ivy Cudgel|p1a: Kingambit\n|-damage|p1a: Kingambit|0 fnt\n|-enditem|p1a: Kingambit|Air Balloon\n|faint|p1a: Kingambit\n|-end|p1a: Kingambit|fallenundefined|[silent]\n|\n|upkeep\n|\n|t:|1695173175\n|switch|p1a: Iron Valiant|Iron Valiant|100/100\n|-damage|p1a: Iron Valiant|94/100|[from] Stealth Rock\n|-enditem|p1a: Iron Valiant|Booster Energy\n|-activate|p1a: Iron Valiant|ability: Quark Drive|[fromitem]\n|-start|p1a: Iron Valiant|quarkdrivespe\n|turn|5\n|\n|t:|1695173188\n|move|p1a: Iron Valiant|Close Combat|p2a: Ogerpon\n|-damage|p2a: Ogerpon|0 fnt\n|-unboost|p1a: Iron Valiant|def|1\n|-unboost|p1a: Iron Valiant|spd|1\n|faint|p2a: Ogerpon\n|\n|upkeep\n|\n|t:|1695173194\n|switch|p2a: Iron Moth|Iron Moth|100/100\n|-enditem|p2a: Iron Moth|Booster Energy\n|-activate|p2a: Iron Moth|ability: Quark Drive|[fromitem]\n|-start|p2a: Iron Moth|quarkdrivespe\n|turn|6\n|\n|t:|1695173206\n|-end|p1a: Iron Valiant|Quark Drive|[silent]\n|switch|p1a: Goodra|Goodra-Hisui, F|73/100\n|-damage|p1a: Goodra|67/100|[from] Stealth Rock\n|move|p2a: Iron Moth|Fiery Dance|p1a: Goodra\n|-damage|p1a: Goodra|49/100\n|\n|upkeep\n|turn|7\n|\n|t:|1695173211\n|move|p2a: Iron Moth|Substitute|p2a: Iron Moth\n|-start|p2a: Iron Moth|Substitute\n|-damage|p2a: Iron Moth|76/100\n|move|p1a: Goodra|Earthquake|p2a: Iron Moth\n|-supereffective|p2a: Iron Moth\n|-end|p2a: Iron Moth|Substitute\n|\n|upkeep\n|turn|8\n|\n|t:|1695173222\n|-end|p2a: Iron Moth|Quark Drive|[silent]\n|switch|p2a: Zamazenta|Zamazenta, shiny|100/100\n|-ability|p2a: Zamazenta|Dauntless Shield|boost\n|-boost|p2a: Zamazenta|def|1\n|move|p1a: Goodra|Flash Cannon|p2a: Zamazenta\n|-damage|p2a: Zamazenta|61/100\n|\n|-heal|p2a: Zamazenta|68/100|[from] item: Leftovers\n|upkeep\n|turn|9\n|\n|t:|1695173228\n|switch|p1a: Cinderace|Cinderace, F|100/100\n|move|p2a: Zamazenta|Body Press|p1a: Cinderace\n|-damage|p1a: Cinderace|37/100\n|\n|-heal|p2a: Zamazenta|74/100|[from] item: Leftovers\n|upkeep\n|turn|10\n|\n|t:|1695173234\n|switch|p1a: Landorus|Landorus-Therian, M|100/100\n|-damage|p1a: Landorus|88/100|[from] Stealth Rock\n|-ability|p1a: Landorus|Intimidate|boost\n|-unboost|p2a: Zamazenta|atk|1\n|move|p2a: Zamazenta|Body Press|p1a: Landorus\n|-resisted|p1a: Landorus\n|-damage|p1a: Landorus|70/100\n|-damage|p2a: Zamazenta|57/100|[from] item: Rocky Helmet|[of] p1a: Landorus\n|\n|-heal|p2a: Zamazenta|63/100|[from] item: Leftovers\n|upkeep\n|turn|11\n|\n|t:|1695173242\n|switch|p1a: Iron Valiant|Iron Valiant|94/100\n|-damage|p1a: Iron Valiant|88/100|[from] Stealth Rock\n|move|p2a: Zamazenta|Iron Defense|p2a: Zamazenta\n|-boost|p2a: Zamazenta|def|2\n|\n|-heal|p2a: Zamazenta|69/100|[from] item: Leftovers\n|upkeep\n|turn|12\n|\n|t:|1695173247\n|switch|p2a: Iron Moth|Iron Moth|76/100\n|move|p1a: Iron Valiant|Encore||[still]\n|-fail|p1a: Iron Valiant\n|\n|upkeep\n|turn|13\n|\n|t:|1695173259\n|-end|p1a: Iron Valiant|Quark Drive|[silent]\n|switch|p1a: Goodra|Goodra-Hisui, F|49/100\n|-damage|p1a: Goodra|43/100|[from] Stealth Rock\n|move|p2a: Iron Moth|Sludge Wave|p1a: Goodra\n|-immune|p1a: Goodra\n|\n|upkeep\n|turn|14\n|j| Ultramanball1\n|\n|t:|1695173272\n|move|p2a: Iron Moth|Fiery Dance|p1a: Goodra\n|-damage|p1a: Goodra|23/100\n|-boost|p2a: Iron Moth|spa|1\n|move|p1a: Goodra|Earthquake|p2a: Iron Moth\n|-supereffective|p2a: Iron Moth\n|-damage|p2a: Iron Moth|0 fnt\n|faint|p2a: Iron Moth\n|-end|p2a: Iron Moth|Quark Drive|[silent]\n|\n|upkeep\n|l| Ultramanball1\n|\n|t:|1695173287\n|switch|p2a: Kingambit|Kingambit, F|100/100\n|-activate|p2a: Kingambit|ability: Supreme Overlord\n|-start|p2a: Kingambit|fallen3|[silent]\n|turn|15\n|\n|t:|1695173290\n|move|p2a: Kingambit|Swords Dance|p2a: Kingambit\n|-boost|p2a: Kingambit|atk|2\n|move|p1a: Goodra|Flamethrower|p2a: Kingambit\n|-supereffective|p2a: Kingambit\n|-damage|p2a: Kingambit|25/100\n|\n|upkeep\n|turn|16\n|\n|t:|1695173297\n|move|p2a: Kingambit|Kowtow Cleave|p1a: Goodra\n|-damage|p1a: Goodra|0 fnt\n|faint|p1a: Goodra\n|\n|upkeep\n|\n|t:|1695173301\n|switch|p1a: Cinderace|Cinderace, F|37/100\n|turn|17\n|\n|t:|1695173304\n|move|p1a: Cinderace|Will-O-Wisp|p2a: Kingambit|[miss]\n|-miss|p1a: Cinderace|p2a: Kingambit\n|move|p2a: Kingambit|Kowtow Cleave|p1a: Cinderace\n|-damage|p1a: Cinderace|0 fnt\n|faint|p1a: Cinderace\n|\n|upkeep\n|\n|t:|1695173307\n|switch|p1a: Landorus|Landorus-Therian, M|70/100\n|-damage|p1a: Landorus|57/100|[from] Stealth Rock\n|-ability|p1a: Landorus|Intimidate|boost\n|-unboost|p2a: Kingambit|atk|1\n|turn|18\n|\n|t:|1695173309\n|move|p2a: Kingambit|Sucker Punch|p1a: Landorus\n|-damage|p1a: Landorus|0 fnt\n|-damage|p2a: Kingambit|9/100|[from] item: Rocky Helmet|[of] p1a: Landorus\n|faint|p1a: Landorus\n|\n|upkeep\n|\n|t:|1695173313\n|switch|p1a: Iron Valiant|Iron Valiant|88/100\n|-damage|p1a: Iron Valiant|82/100|[from] Stealth Rock\n|turn|19\n|\n|t:|1695173320\n|-end|p2a: Kingambit|fallen3|[silent]\n|switch|p2a: Iron Valiant|Iron Valiant|100/100\n|-enditem|p2a: Iron Valiant|Booster Energy\n|-activate|p2a: Iron Valiant|ability: Quark Drive|[fromitem]\n|-start|p2a: Iron Valiant|quarkdrivespe\n|move|p1a: Iron Valiant|Encore||[still]\n|-fail|p1a: Iron Valiant\n|\n|upkeep\n|turn|20\n|\n|t:|1695173323\n|move|p2a: Iron Valiant|Moonblast|p1a: Iron Valiant\n|-supereffective|p1a: Iron Valiant\n|-damage|p1a: Iron Valiant|0 fnt\n|faint|p1a: Iron Valiant\n|-end|p1a: Iron Valiant|Quark Drive|[silent]\n|\n|upkeep\n|c|\u2606Dr. Drake6782|ggs\n|-message|captainSC forfeited.\n|\n|win|Dr. Drake6782\n|raw|captainSC's rating: 1617 &rarr; <strong>1597</strong><br />(-20 for losing)\n|raw|Dr. Drake6782's rating: 1618 &rarr; <strong>1638</strong><br />(+20 for winning)\n|l|\u2606captainSC\n", "uploadtime": 1695173329, "views": 3, "p1id": "captainsc", "p2id": "drdrake6782", "formatid": "gen9ou", "rating": 1597, "private": 0, "password": ""}