{"id": "gen9ou-1947585800", "p1": "galaxy619ivory", "p2": "Chartwig", "format": "gen9ou", "log": "|j|\u2606galaxy619ivory\n|j|\u2606Chartwig\n|t:|1695175093\n|gametype|singles\n|player|p1|galaxy619ivory|acetrainerf-gen4dp|1347\n|player|p2|Chartwig|hilbert|1363\n|teamsize|p1|6\n|teamsize|p2|6\n|gen|9\n|tier|[Gen 9] OU\n|rated|\n|rule|Sleep Clause Mod: Limit one foe put to sleep\n|rule|Species Clause: Limit one of each Pok\u00e9mon\n|rule|OHKO Clause: OHKO moves are banned\n|rule|Evasion Items Clause: Evasion items are banned\n|rule|Evasion Moves Clause: Evasion moves are banned\n|rule|Endless Battle Clause: Forcing endless battles is banned\n|rule|HP Percentage Mod: HP is shown in percentages\n|clearpoke\n|poke|p1|Clefable, F|\n|poke|p1|Skeledirge, M|\n|poke|p1|Kingambit, M|\n|poke|p1|Iron Treads|\n|poke|p1|Meowscarada, F|\n|poke|p1|Dragapult, M|\n|poke|p2|Ogerpon-Hearthflame, F|\n|poke|p2|Torkoal, M|\n|poke|p2|Lilligant-Hisui, F|\n|poke|p2|Enamorus, F|\n|poke|p2|Walking Wake|\n|poke|p2|Kommo-o, F|\n|teampreview\n|inactive|Battle timer is ON: inactive players will automatically lose when time's up. (requested by galaxy619ivory)\n|\n|t:|1695175120\n|start\n|switch|p1a: Meowscarada|Meowscarada, F|100/100\n|switch|p2a: Torkoal|Torkoal, M|100/100\n|-weather|SunnyDay|[from] ability: Drought|[of] p2a: Torkoal\n|turn|1\n|\n|t:|1695175123\n|move|p1a: Meowscarada|Toxic Spikes|p2a: Torkoal\n|-sidestart|p2: Chartwig|move: Toxic Spikes\n|move|p2a: Torkoal|Lava Plume|p1a: Meowscarada\n|-supereffective|p1a: Meowscarada\n|-enditem|p1a: Meowscarada|Focus Sash\n|-damage|p1a: Meowscarada|1/100\n|\n|-weather|SunnyDay|[upkeep]\n|upkeep\n|turn|2\n|\n|t:|1695175151\n|switch|p1a: Skeledirge|Skeledirge, M|100/100\n|move|p2a: Torkoal|Rapid Spin|p1a: Skeledirge\n|-immune|p1a: Skeledirge\n|\n|-weather|SunnyDay|[upkeep]\n|upkeep\n|turn|3\n|\n|t:|1695175155\n|move|p1a: Skeledirge|Substitute|p1a: Skeledirge\n|-start|p1a: Skeledirge|Substitute\n|-damage|p1a: Skeledirge|75/100\n|move|p2a: Torkoal|Yawn||[still]\n|-fail|p2a: Torkoal\n|\n|-weather|SunnyDay|[upkeep]\n|-heal|p1a: Skeledirge|82/100|[from] item: Leftovers\n|upkeep\n|turn|4\n|inactive|Chartwig has 120 seconds left.\n|\n|t:|1695175190\n|switch|p2a: Walking Wake|Walking Wake|100/100\n|-status|p2a: Walking Wake|psn\n|-activate|p2a: Walking Wake|ability: Protosynthesis\n|-start|p2a: Walking Wake|protosynthesisspe\n|move|p1a: Skeledirge|Torch Song|p2a: Walking Wake\n|-resisted|p2a: Walking Wake\n|-damage|p2a: Walking Wake|88/100 psn\n|-boost|p1a: Skeledirge|spa|1\n|\n|-weather|SunnyDay|[upkeep]\n|-heal|p1a: Skeledirge|88/100|[from] item: Leftovers\n|-damage|p2a: Walking Wake|75/100 psn|[from] psn\n|upkeep\n|turn|5\n|\n|t:|1695175202\n|move|p2a: Walking Wake|Hydro Steam|p1a: Skeledirge\n|-supereffective|p1a: Skeledirge\n|-end|p1a: Skeledirge|Substitute\n|move|p1a: Skeledirge|Hex|p2a: Walking Wake\n|-damage|p2a: Walking Wake|0 fnt\n|faint|p2a: Walking Wake\n|-end|p2a: Walking Wake|Protosynthesis|[silent]\n|\n|-weather|SunnyDay|[upkeep]\n|-heal|p1a: Skeledirge|94/100|[from] item: Leftovers\n|upkeep\n|inactive|Chartwig has 90 seconds left.\n|\n|t:|1695175256\n|switch|p2a: Enamorus|Enamorus, F|100/100\n|turn|6\n|\n|t:|1695175264\n|switch|p1a: Kingambit|Kingambit, M|100/100\n|-item|p1a: Kingambit|Air Balloon\n|move|p2a: Enamorus|Earth Power|p1a: Kingambit\n|-immune|p1a: Kingambit\n|\n|-weather|SunnyDay|[upkeep]\n|upkeep\n|turn|7\n|\n|t:|1695175289\n|-end|p1a: Kingambit|fallenundefined|[silent]\n|switch|p1a: Meowscarada|Meowscarada, F|1/100\n|move|p2a: Enamorus|Mystical Fire|p1a: Meowscarada\n|-supereffective|p1a: Meowscarada\n|-damage|p1a: Meowscarada|0 fnt\n|faint|p1a: Meowscarada\n|\n|-weather|SunnyDay|[upkeep]\n|upkeep\n|\n|t:|1695175304\n|switch|p1a: Dragapult|Dragapult, M|100/100\n|turn|8\n|\n|t:|1695175309\n|-terastallize|p1a: Dragapult|Ghost\n|move|p1a: Dragapult|Shadow Ball|p2a: Enamorus\n|-damage|p2a: Enamorus|0 fnt\n|faint|p2a: Enamorus\n|\n|-weather|none\n|upkeep\n|\n|t:|1695175323\n|switch|p2a: Throat goat|Kommo-o, F|100/100\n|-status|p2a: Throat goat|psn\n|turn|9\n|\n|t:|1695175329\n|switch|p1a: Skeledirge|Skeledirge, M|94/100\n|move|p2a: Throat goat|Clangorous Soul|p2a: Throat goat\n|-boost|p2a: Throat goat|atk|1\n|-boost|p2a: Throat goat|def|1\n|-boost|p2a: Throat goat|spa|1\n|-boost|p2a: Throat goat|spd|1\n|-boost|p2a: Throat goat|spe|1\n|-damage|p2a: Throat goat|68/100 psn\n|-enditem|p2a: Throat goat|Throat Spray\n|-boost|p2a: Throat goat|spa|1|[from] item: Throat Spray\n|\n|-heal|p1a: Skeledirge|99/100|[from] item: Leftovers\n|-damage|p2a: Throat goat|55/100 psn|[from] psn\n|upkeep\n|turn|10\n|\n|t:|1695175335\n|move|p2a: Throat goat|Clanging Scales|p1a: Skeledirge\n|-damage|p1a: Skeledirge|61/100\n|-unboost|p2a: Throat goat|def|1\n|move|p1a: Skeledirge|Torch Song|p2a: Throat goat\n|-resisted|p2a: Throat goat\n|-damage|p2a: Throat goat|40/100 psn\n|-boost|p1a: Skeledirge|spa|1\n|\n|-heal|p1a: Skeledirge|67/100|[from] item: Leftovers\n|-damage|p2a: Throat goat|27/100 psn|[from] psn\n|upkeep\n|turn|11\n|\n|t:|1695175347\n|move|p2a: Throat goat|Clanging Scales|p1a: Skeledirge\n|-damage|p1a: Skeledirge|31/100\n|-unboost|p2a: Throat goat|def|1\n|move|p1a: Skeledirge|Slack Off|p1a: Skeledirge\n|-heal|p1a: Skeledirge|81/100\n|\n|-heal|p1a: Skeledirge|87/100|[from] item: Leftovers\n|-damage|p2a: Throat goat|15/100 psn|[from] psn\n|upkeep\n|turn|12\n|\n|t:|1695175352\n|move|p2a: Throat goat|Clanging Scales|p1a: Skeledirge\n|-damage|p1a: Skeledirge|48/100\n|-unboost|p2a: Throat goat|def|1\n|move|p1a: Skeledirge|Slack Off|p1a: Skeledirge\n|-heal|p1a: Skeledirge|98/100\n|\n|-heal|p1a: Skeledirge|100/100|[from] item: Leftovers\n|-damage|p2a: Throat goat|3/100 psn|[from] psn\n|upkeep\n|turn|13\n|\n|t:|1695175356\n|move|p2a: Throat goat|Clanging Scales|p1a: Skeledirge\n|-damage|p1a: Skeledirge|62/100\n|-unboost|p2a: Throat goat|def|1\n|move|p1a: Skeledirge|Substitute|p1a: Skeledirge\n|-start|p1a: Skeledirge|Substitute\n|-damage|p1a: Skeledirge|37/100\n|\n|-heal|p1a: Skeledirge|43/100|[from] item: Leftovers\n|-damage|p2a: Throat goat|0 fnt|[from] psn\n|faint|p2a: Throat goat\n|upkeep\n|-message|Chartwig forfeited.\n|\n|win|galaxy619ivory\n|raw|galaxy619ivory's rating: 1347 &rarr; <strong>1367</strong><br />(+20 for winning)\n|raw|Chartwig's rating: 1346 &rarr; <strong>1326</strong><br />(-20 for losing)\n", "uploadtime": 1695175367, "views": 2, "p1id": "galaxy619ivory", "p2id": "chartwig", "formatid": "gen9ou", "rating": 1326, "private": 0, "password": ""}