{"id": "gen9ou-1947481080", "p1": "Aggarcia8", "p2": "thunderdog_32", "format": "gen9ou", "log": "|j|\u2606Aggarcia8\n|j|\u2606thunderdog_32\n|t:|1695164824\n|gametype|singles\n|player|p1|Aggarcia8|265|1156\n|player|p2|thunderdog_32|169|1232\n|teamsize|p1|6\n|teamsize|p2|6\n|gen|9\n|tier|[Gen 9] OU\n|rated|\n|rule|Sleep Clause Mod: Limit one foe put to sleep\n|rule|Species Clause: Limit one of each Pok\u00e9mon\n|rule|OHKO Clause: OHKO moves are banned\n|rule|Evasion Items Clause: Evasion items are banned\n|rule|Evasion Moves Clause: Evasion moves are banned\n|rule|Endless Battle Clause: Forcing endless battles is banned\n|rule|HP Percentage Mod: HP is shown in percentages\n|clearpoke\n|poke|p1|Ursaluna-Bloodmoon, M|\n|poke|p1|Landorus-Therian, M|\n|poke|p1|Toxapex, F|\n|poke|p1|Gholdengo|\n|poke|p1|Maushold-Four|\n|poke|p1|Meowscarada, M|\n|poke|p2|Samurott-Hisui, F|\n|poke|p2|Zapdos|\n|poke|p2|Cyclizar, F|\n|poke|p2|Gholdengo|\n|poke|p2|Cinderace, F|\n|poke|p2|Weezing-Galar, M|\n|teampreview\n|inactive|Battle timer is ON: inactive players will automatically lose when time's up. (requested by thunderdog_32)\n|\n|t:|1695164846\n|start\n|switch|p1a: Landorus|Landorus-Therian, M|100/100\n|switch|p2a: Weezing|Weezing-Galar, M|100/100\n|-ability|p1a: Landorus|Intimidate|boost\n|-unboost|p2a: Weezing|atk|1\n|turn|1\n|\n|t:|1695164854\n|switch|p2a: Zapdos|Zapdos|100/100\n|move|p1a: Landorus|Stealth Rock|p2a: Zapdos\n|-sidestart|p2: thunderdog_32|move: Stealth Rock\n|\n|upkeep\n|turn|2\n|\n|t:|1695164862\n|move|p2a: Zapdos|Hurricane|p1a: Landorus\n|-damage|p1a: Landorus|49/100\n|move|p1a: Landorus|U-turn|p2a: Zapdos\n|-resisted|p2a: Zapdos\n|-damage|p2a: Zapdos|91/100\n|-status|p1a: Landorus|par|[from] ability: Static|[of] p2a: Zapdos\n|\n|t:|1695164870\n|switch|p1a: Ursaluna|Ursaluna-Bloodmoon, M|100/100|[from] U-turn\n|\n|upkeep\n|turn|3\n|\n|t:|1695164876\n|switch|p2a: Gholdengo|Gholdengo|100/100\n|-damage|p2a: Gholdengo|94/100|[from] Stealth Rock\n|move|p1a: Ursaluna|Blood Moon|p2a: Gholdengo\n|-resisted|p2a: Gholdengo\n|-damage|p2a: Gholdengo|43/100\n|\n|upkeep\n|turn|4\n|\n|t:|1695164882\n|move|p2a: Gholdengo|Trick|p1a: Ursaluna\n|-activate|p2a: Gholdengo|move: Trick|[of] p1a: Ursaluna\n|-item|p1a: Ursaluna|Choice Scarf|[from] move: Trick\n|-item|p2a: Gholdengo|Assault Vest|[from] move: Trick\n|move|p1a: Ursaluna|Earth Power|p2a: Gholdengo\n|-supereffective|p2a: Gholdengo\n|-damage|p2a: Gholdengo|0 fnt\n|faint|p2a: Gholdengo\n|\n|upkeep\n|\n|t:|1695164897\n|switch|p2a: Cinderace|Cinderace, F|100/100\n|turn|5\n|\n|t:|1695164903\n|move|p2a: Cinderace|Court Change|p2a: Cinderace\n|-start|p2a: Cinderace|typechange|Normal|[from] ability: Libero\n|-swapsideconditions\n|-activate|p2a: Cinderace|move: Court Change\n|move|p1a: Ursaluna|Earth Power|p2a: Cinderace\n|-damage|p2a: Cinderace|18/100\n|\n|upkeep\n|turn|6\n|\n|t:|1695164911\n|switch|p1a: Landorus|Landorus-Therian, M|49/100 par\n|-damage|p1a: Landorus|37/100 par|[from] Stealth Rock\n|-ability|p1a: Landorus|Intimidate|boost\n|-unboost|p2a: Cinderace|atk|1\n|move|p2a: Cinderace|U-turn|p1a: Landorus\n|-resisted|p1a: Landorus\n|-damage|p1a: Landorus|31/100 par\n|-damage|p2a: Cinderace|2/100|[from] item: Rocky Helmet|[of] p1a: Landorus\n|\n|t:|1695164917\n|switch|p2a: Cyclizar|Cyclizar, F|100/100|[from] U-turn\n|\n|upkeep\n|turn|7\n|\n|t:|1695164922\n|move|p2a: Cyclizar|Draco Meteor|p1a: Landorus\n|-damage|p1a: Landorus|0 fnt\n|-unboost|p2a: Cyclizar|spa|2\n|faint|p1a: Landorus\n|\n|upkeep\n|\n|t:|1695164929\n|switch|p1a: Maushold|Maushold-Four|100/100\n|-damage|p1a: Maushold|88/100|[from] Stealth Rock\n|turn|8\n|\n|t:|1695164944\n|move|p2a: Cyclizar|U-turn|p1a: Maushold\n|-damage|p1a: Maushold|63/100\n|\n|t:|1695164946\n|switch|p2a: Samurott|Samurott-Hisui, F|100/100|[from] U-turn\n|move|p1a: Maushold|Tidy Up|p1a: Maushold\n|-sideend|p1: Aggarcia8|Stealth Rock\n|-activate|p1a: Maushold|move: Tidy Up\n|-boost|p1a: Maushold|atk|1\n|-boost|p1a: Maushold|spe|1\n|\n|upkeep\n|turn|9\n|\n|t:|1695164965\n|-terastallize|p1a: Maushold|Normal\n|-terastallize|p2a: Samurott|Ghost\n|move|p1a: Maushold|Population Bomb|p2a: Samurott\n|-immune|p2a: Samurott\n|move|p2a: Samurott|Ceaseless Edge|p1a: Maushold\n|-damage|p1a: Maushold|0 fnt\n|-sidestart|p1: Aggarcia8|Spikes\n|faint|p1a: Maushold\n|\n|upkeep\n|\n|t:|1695164975\n|switch|p1a: Gholdengo|Gholdengo|100/100\n|-damage|p1a: Gholdengo|88/100|[from] Spikes\n|turn|10\n|\n|t:|1695164980\n|move|p1a: Gholdengo|Shadow Ball|p2a: Samurott\n|-supereffective|p2a: Samurott\n|-enditem|p2a: Samurott|Focus Sash\n|-damage|p2a: Samurott|1/100\n|move|p2a: Samurott|Knock Off|p1a: Gholdengo\n|-supereffective|p1a: Gholdengo\n|-damage|p1a: Gholdengo|0 fnt\n|-enditem|p1a: Gholdengo|Choice Scarf|[from] move: Knock Off|[of] p2a: Samurott\n|faint|p1a: Gholdengo\n|\n|upkeep\n|\n|t:|1695164984\n|switch|p1a: Meowscarada|Meowscarada, M|100/100\n|-damage|p1a: Meowscarada|88/100|[from] Spikes\n|turn|11\n|\n|t:|1695164994\n|move|p1a: Meowscarada|Sucker Punch|p2a: Samurott\n|-start|p1a: Meowscarada|typechange|Dark|[from] ability: Protean\n|-supereffective|p2a: Samurott\n|-damage|p2a: Samurott|0 fnt\n|faint|p2a: Samurott\n|-damage|p1a: Meowscarada|78/100|[from] item: Life Orb\n|\n|upkeep\n|\n|t:|1695165002\n|switch|p2a: Weezing|Weezing-Galar, M|100/100\n|turn|12\n|\n|t:|1695165023\n|move|p1a: Meowscarada|U-turn|p2a: Weezing\n|-resisted|p2a: Weezing\n|-damage|p2a: Weezing|94/100\n|-damage|p1a: Meowscarada|68/100|[from] item: Life Orb\n|\n|t:|1695165027\n|switch|p1a: Ursaluna|Ursaluna-Bloodmoon, M|100/100|[from] U-turn\n|-damage|p1a: Ursaluna|88/100|[from] Spikes\n|move|p2a: Weezing|Dazzling Gleam|p1a: Ursaluna\n|-damage|p1a: Ursaluna|61/100\n|\n|-heal|p2a: Weezing|99/100|[from] item: Black Sludge\n|upkeep\n|turn|13\n|\n|t:|1695165036\n|move|p1a: Ursaluna|Earth Power|p2a: Weezing\n|-immune|p2a: Weezing|[from] ability: Levitate\n|move|p2a: Weezing|Dazzling Gleam|p1a: Ursaluna\n|-damage|p1a: Ursaluna|32/100\n|\n|-heal|p2a: Weezing|100/100|[from] item: Black Sludge\n|upkeep\n|turn|14\n|-message|Aggarcia8 forfeited.\n|\n|win|thunderdog_32\n|raw|Aggarcia8's rating: 1156 &rarr; <strong>1136</strong><br />(-20 for losing)\n|raw|thunderdog_32's rating: 1232 &rarr; <strong>1252</strong><br />(+20 for winning)\n|l|\u2606Aggarcia8\n", "uploadtime": 1695165050, "views": 1, "p1id": "aggarcia8", "p2id": "thunderdog32", "formatid": "gen9ou", "rating": 1136, "private": 0, "password": ""}