{"id": "gen9ou-1947485468", "p1": "tealguccimask", "p2": "thunderdog_32", "format": "gen9ou", "log": "|j|\u2606tealguccimask\n|j|\u2606thunderdog_32\n|t:|1695165261\n|gametype|singles\n|player|p1|tealguccimask|1|1147\n|player|p2|thunderdog_32|169|1252\n|teamsize|p1|6\n|teamsize|p2|6\n|gen|9\n|tier|[Gen 9] OU\n|rated|\n|rule|Sleep Clause Mod: Limit one foe put to sleep\n|rule|Species Clause: Limit one of each Pok\u00e9mon\n|rule|OHKO Clause: OHKO moves are banned\n|rule|Evasion Items Clause: Evasion items are banned\n|rule|Evasion Moves Clause: Evasion moves are banned\n|rule|Endless Battle Clause: Forcing endless battles is banned\n|rule|HP Percentage Mod: HP is shown in percentages\n|clearpoke\n|poke|p1|Ogerpon-Wellspring, F|\n|poke|p1|Gholdengo|\n|poke|p1|Kingambit, M|\n|poke|p1|Glimmora, M|\n|poke|p1|Iron Moth|\n|poke|p1|Iron Valiant|\n|poke|p2|Samurott-Hisui, F|\n|poke|p2|Zapdos|\n|poke|p2|Cyclizar, M|\n|poke|p2|Gholdengo|\n|poke|p2|Cinderace, M|\n|poke|p2|Weezing-Galar, F|\n|teampreview\n|inactive|Battle timer is ON: inactive players will automatically lose when time's up. (requested by thunderdog_32)\n|c|\u2606tealguccimask|ty for letting me know I gotta update my gholdengo sprite XD\n|\n|t:|1695165293\n|start\n|switch|p1a: Glimmora|Glimmora, M|100/100\n|switch|p2a: Cyclizar|Cyclizar, M|100/100\n|turn|1\n|\n|t:|1695165307\n|move|p2a: Cyclizar|Draco Meteor|p1a: Glimmora\n|-damage|p1a: Glimmora|54/100\n|-unboost|p2a: Cyclizar|spa|2\n|move|p1a: Glimmora|Stealth Rock|p2a: Cyclizar\n|-sidestart|p2: thunderdog_32|move: Stealth Rock\n|\n|upkeep\n|turn|2\n|\n|t:|1695165336\n|move|p2a: Cyclizar|Knock Off|p1a: Glimmora\n|-damage|p1a: Glimmora|30/100\n|-activate|p1a: Glimmora|ability: Toxic Debris\n|-sidestart|p2: thunderdog_32|move: Toxic Spikes\n|-enditem|p1a: Glimmora|Focus Sash|[from] move: Knock Off|[of] p2a: Cyclizar\n|move|p1a: Glimmora|Power Gem|p2a: Cyclizar\n|-damage|p2a: Cyclizar|65/100\n|\n|upkeep\n|turn|3\n|inactive|thunderdog_32 has 120 seconds left.\n|\n|t:|1695165370\n|move|p2a: Cyclizar|Knock Off|p1a: Glimmora\n|-damage|p1a: Glimmora|12/100\n|-activate|p1a: Glimmora|ability: Toxic Debris\n|-sidestart|p2: thunderdog_32|move: Toxic Spikes\n|move|p1a: Glimmora|Power Gem|p2a: Cyclizar\n|-damage|p2a: Cyclizar|29/100\n|\n|upkeep\n|turn|4\n|inactive|thunderdog_32 has 120 seconds left.\n|\n|t:|1695165379\n|move|p2a: Cyclizar|Knock Off|p1a: Glimmora\n|-damage|p1a: Glimmora|0 fnt\n|faint|p1a: Glimmora\n|\n|upkeep\n|inactive|tealguccimask has 120 seconds left.\n|\n|t:|1695165397\n|switch|p1a: Iron Valiant|Iron Valiant|100/100\n|-enditem|p1a: Iron Valiant|Booster Energy\n|-activate|p1a: Iron Valiant|ability: Quark Drive|[fromitem]\n|-start|p1a: Iron Valiant|quarkdrivespe\n|turn|5\n|inactive|tealguccimask has 120 seconds left.\n|inactive|thunderdog_32 has 120 seconds left.\n|\n|t:|1695165438\n|move|p1a: Iron Valiant|Calm Mind|p1a: Iron Valiant\n|-boost|p1a: Iron Valiant|spa|1\n|-boost|p1a: Iron Valiant|spd|1\n|move|p2a: Cyclizar|U-turn|p1a: Iron Valiant\n|-resisted|p1a: Iron Valiant\n|-damage|p1a: Iron Valiant|96/100\n|inactive|thunderdog_32 has 90 seconds left.\n|\n|t:|1695165450\n|switch|p2a: Cinderace|Cinderace, M|100/100|[from] U-turn\n|\n|upkeep\n|turn|6\n|inactive|tealguccimask has 120 seconds left.\n|\n|t:|1695165463\n|-terastallize|p1a: Iron Valiant|Electric\n|move|p1a: Iron Valiant|Thunderbolt|p2a: Cinderace\n|-damage|p2a: Cinderace|12/100\n|move|p2a: Cinderace|Court Change|p2a: Cinderace\n|-start|p2a: Cinderace|typechange|Normal|[from] ability: Libero\n|-swapsideconditions\n|-activate|p2a: Cinderace|move: Court Change\n|\n|upkeep\n|turn|7\n|inactive|tealguccimask has 120 seconds left.\n|\n|t:|1695165483\n|move|p2a: Cinderace|Sucker Punch||[still]\n|-fail|p2a: Cinderace\n|move|p1a: Iron Valiant|Calm Mind|p1a: Iron Valiant\n|-boost|p1a: Iron Valiant|spa|1\n|-boost|p1a: Iron Valiant|spd|1\n|\n|upkeep\n|turn|8\n|\n|t:|1695165488\n|move|p1a: Iron Valiant|Calm Mind|p1a: Iron Valiant\n|-boost|p1a: Iron Valiant|spa|1\n|-boost|p1a: Iron Valiant|spd|1\n|move|p2a: Cinderace|Pyro Ball|p1a: Iron Valiant\n|-damage|p1a: Iron Valiant|45/100\n|\n|upkeep\n|turn|9\n|\n|t:|1695165496\n|move|p2a: Cinderace|Sucker Punch|p1a: Iron Valiant\n|-damage|p1a: Iron Valiant|13/100\n|move|p1a: Iron Valiant|Thunderbolt|p2a: Cinderace\n|-damage|p2a: Cinderace|0 fnt\n|faint|p2a: Cinderace\n|\n|upkeep\n|\n|t:|1695165501\n|switch|p2a: Samurott|Samurott-Hisui, F|100/100\n|turn|10\n|\n|t:|1695165506\n|move|p2a: Samurott|Aqua Jet|p1a: Iron Valiant\n|-damage|p1a: Iron Valiant|0 fnt\n|faint|p1a: Iron Valiant\n|-end|p1a: Iron Valiant|Quark Drive|[silent]\n|\n|upkeep\n|\n|t:|1695165513\n|switch|p1a: Ogerpon|Ogerpon-Wellspring, F|100/100\n|-damage|p1a: Ogerpon|88/100|[from] Stealth Rock\n|-status|p1a: Ogerpon|tox\n|turn|11\n|inactive|thunderdog_32 has 120 seconds left.\n|\n|t:|1695165531\n|switch|p2a: Weezing|Weezing-Galar, F|100/100\n|move|p1a: Ogerpon|Power Whip|p2a: Weezing|[miss]\n|-miss|p1a: Ogerpon|p2a: Weezing\n|\n|-damage|p1a: Ogerpon|82/100 tox|[from] psn\n|upkeep\n|turn|12\n|inactive|thunderdog_32 has 120 seconds left.\n|\n|t:|1695165547\n|switch|p2a: Zapdos|Zapdos|100/100\n|move|p1a: Ogerpon|Ivy Cudgel|p2a: Zapdos\n|-crit|p2a: Zapdos\n|-damage|p2a: Zapdos|22/100\n|\n|-damage|p1a: Ogerpon|70/100 tox|[from] psn\n|upkeep\n|turn|13\n|inactive|thunderdog_32 has 120 seconds left.\n|\n|t:|1695165557\n|move|p1a: Ogerpon|Play Rough|p2a: Zapdos\n|-damage|p2a: Zapdos|0 fnt\n|faint|p2a: Zapdos\n|\n|-damage|p1a: Ogerpon|52/100 tox|[from] psn\n|upkeep\n|\n|t:|1695165561\n|switch|p2a: Weezing|Weezing-Galar, F|100/100\n|turn|14\n|\n|t:|1695165571\n|move|p1a: Ogerpon|Ivy Cudgel|p2a: Weezing\n|-damage|p2a: Weezing|48/100\n|move|p2a: Weezing|Sludge Bomb|p1a: Ogerpon\n|-supereffective|p1a: Ogerpon\n|-damage|p1a: Ogerpon|0 fnt\n|faint|p1a: Ogerpon\n|\n|-heal|p2a: Weezing|54/100|[from] item: Black Sludge\n|upkeep\n|\n|t:|1695165588\n|switch|p1a: Gholdengo|Gholdengo|100/100\n|-damage|p1a: Gholdengo|94/100|[from] Stealth Rock\n|-item|p1a: Gholdengo|Air Balloon\n|turn|15\n|\n|t:|1695165603\n|move|p1a: Gholdengo|Make It Rain|p2a: Weezing\n|-supereffective|p2a: Weezing\n|-damage|p2a: Weezing|0 fnt\n|-unboost|p1a: Gholdengo|spa|1\n|faint|p2a: Weezing\n|\n|upkeep\n|\n|t:|1695165610\n|switch|p2a: Samurott|Samurott-Hisui, F|100/100\n|turn|16\n|\n|t:|1695165627\n|switch|p1a: Kingambit|Kingambit, M|100/100\n|-damage|p1a: Kingambit|94/100|[from] Stealth Rock\n|-activate|p1a: Kingambit|ability: Supreme Overlord\n|-start|p1a: Kingambit|fallen3|[silent]\n|move|p2a: Samurott|Ceaseless Edge|p1a: Kingambit\n|-resisted|p1a: Kingambit\n|-damage|p1a: Kingambit|76/100\n|-sidestart|p1: tealguccimask|Spikes\n|\n|upkeep\n|turn|17\n|\n|t:|1695165641\n|-terastallize|p2a: Samurott|Ghost\n|move|p2a: Samurott|Razor Shell|p1a: Kingambit\n|-damage|p1a: Kingambit|32/100\n|move|p1a: Kingambit|Kowtow Cleave|p2a: Samurott\n|-supereffective|p2a: Samurott\n|-enditem|p2a: Samurott|Focus Sash\n|-damage|p2a: Samurott|1/100\n|\n|upkeep\n|turn|18\n|\n|t:|1695165655\n|move|p2a: Samurott|Aqua Jet|p1a: Kingambit\n|-damage|p1a: Kingambit|15/100\n|move|p1a: Kingambit|Sucker Punch||[still]\n|-fail|p1a: Kingambit\n|\n|upkeep\n|turn|19\n|\n|t:|1695165669\n|move|p2a: Samurott|Aqua Jet|p1a: Kingambit\n|-damage|p1a: Kingambit|0 fnt\n|faint|p1a: Kingambit\n|-end|p1a: Kingambit|fallen3|[silent]\n|\n|upkeep\n|\n|t:|1695165679\n|switch|p1a: Gholdengo|Gholdengo|94/100\n|-damage|p1a: Gholdengo|88/100|[from] Stealth Rock\n|-item|p1a: Gholdengo|Air Balloon\n|turn|20\n|\n|t:|1695165685\n|move|p2a: Samurott|Ceaseless Edge|p1a: Gholdengo|[miss]\n|-miss|p2a: Samurott|p1a: Gholdengo\n|move|p1a: Gholdengo|Shadow Ball|p2a: Samurott\n|-supereffective|p2a: Samurott\n|-damage|p2a: Samurott|0 fnt\n|faint|p2a: Samurott\n|\n|upkeep\n|\n|t:|1695165693\n|switch|p2a: Gholdengo|Gholdengo|100/100\n|turn|21\n|\n|t:|1695165704\n|move|p2a: Gholdengo|Shadow Ball|p1a: Gholdengo\n|-supereffective|p1a: Gholdengo\n|-damage|p1a: Gholdengo|0 fnt\n|-enditem|p1a: Gholdengo|Air Balloon\n|faint|p1a: Gholdengo\n|\n|upkeep\n|\n|t:|1695165714\n|switch|p1a: Iron Moth|Iron Moth|100/100\n|-damage|p1a: Iron Moth|76/100|[from] Stealth Rock\n|-sideend|p1: tealguccimask|move: Toxic Spikes|[of] p1a: Iron Moth\n|-damage|p1a: Iron Moth|63/100|[from] Spikes\n|-enditem|p1a: Iron Moth|Booster Energy\n|-activate|p1a: Iron Moth|ability: Quark Drive|[fromitem]\n|-start|p1a: Iron Moth|quarkdrivespe\n|turn|22\n|\n|t:|1695165725\n|move|p1a: Iron Moth|Fiery Dance|p2a: Gholdengo\n|-supereffective|p2a: Gholdengo\n|-damage|p2a: Gholdengo|11/100\n|move|p2a: Gholdengo|Shadow Ball|p1a: Iron Moth\n|-damage|p1a: Iron Moth|16/100\n|\n|upkeep\n|turn|23\n|\n|t:|1695165732\n|move|p1a: Iron Moth|Fiery Dance|p2a: Gholdengo\n|-supereffective|p2a: Gholdengo\n|-crit|p2a: Gholdengo\n|-damage|p2a: Gholdengo|0 fnt\n|faint|p2a: Gholdengo\n|\n|upkeep\n|\n|t:|1695165735\n|switch|p2a: Cyclizar|Cyclizar, M|62/100\n|turn|24\n|\n|t:|1695165740\n|move|p1a: Iron Moth|Dazzling Gleam|p2a: Cyclizar\n|-supereffective|p2a: Cyclizar\n|-damage|p2a: Cyclizar|17/100\n|move|p2a: Cyclizar|Knock Off|p1a: Iron Moth\n|-damage|p1a: Iron Moth|0 fnt\n|faint|p1a: Iron Moth\n|-end|p1a: Iron Moth|Quark Drive|[silent]\n|\n|win|thunderdog_32\n|raw|tealguccimask's rating: 1147 &rarr; <strong>1129</strong><br />(-18 for losing)\n|raw|thunderdog_32's rating: 1252 &rarr; <strong>1270</strong><br />(+18 for winning)\n|c|\u2606thunderdog_32|ggs\n", "uploadtime": 1695165748, "views": 2, "p1id": "tealguccimask", "p2id": "thunderdog32", "formatid": "gen9ou", "rating": 1129, "private": 0, "password": ""}