{"id": "gen9ou-1947516738", "p1": "Couch Potato309", "p2": "Tribalraq", "format": "gen9ou", "log": "|j|\u2606Couch Potato309\n|j|\u2606Tribalraq\n|t:|1695168364\n|gametype|singles\n|player|p1|Couch Potato309|steven|1100\n|player|p2|Tribalraq|cilan|1136\n|teamsize|p1|6\n|teamsize|p2|6\n|gen|9\n|tier|[Gen 9] OU\n|rated|\n|rule|Sleep Clause Mod: Limit one foe put to sleep\n|rule|Species Clause: Limit one of each Pok\u00e9mon\n|rule|OHKO Clause: OHKO moves are banned\n|rule|Evasion Items Clause: Evasion items are banned\n|rule|Evasion Moves Clause: Evasion moves are banned\n|rule|Endless Battle Clause: Forcing endless battles is banned\n|rule|HP Percentage Mod: HP is shown in percentages\n|clearpoke\n|poke|p1|Crawdaunt, M|\n|poke|p1|Ogerpon-Hearthflame, F|\n|poke|p1|Ribombee, F|\n|poke|p1|Gholdengo|\n|poke|p1|Landorus-Therian, M|\n|poke|p1|Iron Moth|\n|poke|p2|Dragapult, M|\n|poke|p2|Kommo-o, M|\n|poke|p2|Ribombee, M|\n|poke|p2|Dragonite, M|\n|poke|p2|Corviknight, M|\n|poke|p2|Manaphy|\n|teampreview\n|inactive|Battle timer is ON: inactive players will automatically lose when time's up. (requested by Couch Potato309)\n|inactive|Tribalraq also wants the timer to be on.\n|inactive|Tribalraq has 120 seconds left.\n|\n|t:|1695168395\n|start\n|switch|p1a: How's your day?|Ribombee, F|100/100\n|switch|p2a: Ribombee|Ribombee, M|100/100\n|turn|1\n|c|\u2606Couch Potato309|Ah. I see. Another Ribombee lead enjoyer.\n|c|\u2606Tribalraq|hell yeah\n|\n|t:|1695168409\n|move|p2a: Ribombee|Sticky Web|p1a: How's your day?\n|-sidestart|p1: Couch Potato309|move: Sticky Web\n|move|p1a: How's your day?|Sticky Web|p2a: Ribombee\n|-sidestart|p2: Tribalraq|move: Sticky Web\n|\n|upkeep\n|turn|2\n|\n|t:|1695168424\n|move|p2a: Ribombee|Tailwind|p2a: Ribombee\n|-sidestart|p2: Tribalraq|move: Tailwind\n|move|p1a: How's your day?|Stun Spore|p2a: Ribombee\n|-status|p2a: Ribombee|par\n|\n|upkeep\n|turn|3\n|inactive|Tribalraq has 120 seconds left.\n|\n|t:|1695168476\n|switch|p2a: Corviknight|Corviknight, M|100/100\n|-ability|p2a: Corviknight|Pressure\n|move|p1a: How's your day?|Moonblast|p2a: Corviknight\n|-resisted|p2a: Corviknight\n|-damage|p2a: Corviknight|84/100\n|\n|upkeep\n|turn|4\n|\n|t:|1695168487\n|switch|p1a: I'm Rich!|Gholdengo|100/100\n|-item|p1a: I'm Rich!|Air Balloon\n|move|p2a: Corviknight|Defog|p1a: I'm Rich!\n|-immune|p1a: I'm Rich!|[from] ability: Good as Gold\n|\n|upkeep\n|turn|5\n|\n|t:|1695168496\n|move|p2a: Corviknight|U-turn|p1a: I'm Rich!\n|-resisted|p1a: I'm Rich!\n|-damage|p1a: I'm Rich!|97/100\n|-enditem|p1a: I'm Rich!|Air Balloon\n|\n|t:|1695168500\n|switch|p2a: Dragapult|Dragapult, M|100/100|[from] U-turn\n|-activate|p2a: Dragapult|move: Sticky Web\n|-unboost|p2a: Dragapult|spe|1\n|move|p1a: I'm Rich!|Nasty Plot|p1a: I'm Rich!\n|-boost|p1a: I'm Rich!|spa|2\n|\n|-sideend|p2: Tribalraq|move: Tailwind\n|upkeep\n|turn|6\n|\n|t:|1695168512\n|switch|p2a: Ribombee|Ribombee, M|100/100 par\n|-activate|p2a: Ribombee|move: Sticky Web\n|-unboost|p2a: Ribombee|spe|1\n|move|p1a: I'm Rich!|Shadow Ball|p2a: Ribombee\n|-enditem|p2a: Ribombee|Focus Sash\n|-damage|p2a: Ribombee|1/100 par\n|\n|upkeep\n|turn|7\n|\n|t:|1695168525\n|move|p1a: I'm Rich!|Shadow Ball|p2a: Ribombee\n|-damage|p2a: Ribombee|0 fnt\n|faint|p2a: Ribombee\n|\n|upkeep\n|inactive|Tribalraq has 120 seconds left.\n|\n|t:|1695168569\n|switch|p2a: Dragonite|Dragonite, M|100/100\n|turn|8\n|\n|t:|1695168578\n|move|p1a: I'm Rich!|Nasty Plot|p1a: I'm Rich!\n|-boost|p1a: I'm Rich!|spa|2\n|move|p2a: Dragonite|Dragon Dance|p2a: Dragonite\n|-boost|p2a: Dragonite|atk|1\n|-boost|p2a: Dragonite|spe|1\n|\n|upkeep\n|turn|9\n|\n|t:|1695168584\n|move|p2a: Dragonite|Earthquake|p1a: I'm Rich!\n|-supereffective|p1a: I'm Rich!\n|-damage|p1a: I'm Rich!|0 fnt\n|faint|p1a: I'm Rich!\n|\n|upkeep\n|\n|t:|1695168590\n|switch|p1a: How's your day?|Ribombee, F|100/100\n|-activate|p1a: How's your day?|move: Sticky Web\n|-unboost|p1a: How's your day?|spe|1\n|turn|10\n|inactive|Tribalraq has 120 seconds left.\n|inactive|Tribalraq has 90 seconds left.\n|\n|t:|1695168635\n|-terastallize|p2a: Dragonite|Normal\n|move|p2a: Dragonite|Extreme Speed|p1a: How's your day?\n|-enditem|p1a: How's your day?|Focus Sash\n|-damage|p1a: How's your day?|1/100\n|move|p1a: How's your day?|Stun Spore|p2a: Dragonite\n|-status|p2a: Dragonite|par\n|\n|upkeep\n|turn|11\n|\n|t:|1695168643\n|move|p2a: Dragonite|Extreme Speed|p1a: How's your day?\n|-damage|p1a: How's your day?|0 fnt\n|faint|p1a: How's your day?\n|\n|upkeep\n|\n|t:|1695168662\n|switch|p1a: The Meta|Landorus-Therian, M|100/100\n|-ability|p1a: The Meta|Intimidate|boost\n|-unboost|p2a: Dragonite|atk|1\n|turn|12\n|inactive|Tribalraq has 90 seconds left.\n|\n|t:|1695168707\n|cant|p2a: Dragonite|par\n|move|p1a: The Meta|Earthquake|p2a: Dragonite\n|-damage|p2a: Dragonite|50/100 par\n|\n|-heal|p2a: Dragonite|57/100 par|[from] item: Leftovers\n|upkeep\n|turn|13\n|\n|t:|1695168714\n|move|p1a: The Meta|Earthquake|p2a: Dragonite\n|-damage|p2a: Dragonite|0 fnt\n|faint|p2a: Dragonite\n|\n|upkeep\n|inactive|Tribalraq has 60 seconds left.\n|\n|t:|1695168745\n|switch|p2a: Corviknight|Corviknight, M|84/100\n|-ability|p2a: Corviknight|Pressure\n|turn|14\n|\n|t:|1695168758\n|switch|p1a: Slither W!ng|Iron Moth|100/100\n|-enditem|p1a: Slither W!ng|Booster Energy\n|-activate|p1a: Slither W!ng|ability: Quark Drive|[fromitem]\n|-start|p1a: Slither W!ng|quarkdrivespa\n|-activate|p1a: Slither W!ng|move: Sticky Web\n|-unboost|p1a: Slither W!ng|spe|1\n|move|p2a: Corviknight|Defog|p1a: Slither W!ng\n|-unboost|p1a: Slither W!ng|evasion|1\n|-sideend|p1: Couch Potato309|Sticky Web|[from] move: Defog|[of] p2a: Corviknight\n|-sideend|p2: Tribalraq|Sticky Web|[from] move: Defog|[of] p2a: Corviknight\n|\n|upkeep\n|turn|15\n|inactive|Tribalraq has 60 seconds left.\n|\n|t:|1695168775\n|move|p1a: Slither W!ng|Fiery Dance|p2a: Corviknight\n|-supereffective|p2a: Corviknight\n|-damage|p2a: Corviknight|0 fnt\n|faint|p2a: Corviknight\n|\n|upkeep\n|inactive|Tribalraq has 30 seconds left.\n|\n|t:|1695168810\n|switch|p2a: Kommo-o|Kommo-o, M|100/100\n|turn|16\n|inactive|Tribalraq has 30 seconds left.\n|\n|t:|1695168822\n|move|p2a: Kommo-o|Clangorous Soul|p2a: Kommo-o\n|-boost|p2a: Kommo-o|atk|1\n|-boost|p2a: Kommo-o|def|1\n|-boost|p2a: Kommo-o|spa|1\n|-boost|p2a: Kommo-o|spd|1\n|-boost|p2a: Kommo-o|spe|1\n|-damage|p2a: Kommo-o|68/100\n|-enditem|p2a: Kommo-o|Throat Spray\n|-boost|p2a: Kommo-o|spa|1|[from] item: Throat Spray\n|move|p1a: Slither W!ng|Dazzling Gleam|p2a: Kommo-o\n|-supereffective|p2a: Kommo-o\n|-damage|p2a: Kommo-o|0 fnt\n|faint|p2a: Kommo-o\n|\n|upkeep\n|inactive|Tribalraq has 30 seconds left this turn.\n|c|\u2606Tribalraq|rip\n|inactive|Tribalraq has 20 seconds left.\n|c|\u2606Couch Potato309|rip\n|\n|t:|1695168834\n|switch|p2a: Dragapult|Dragapult, M|100/100\n|turn|17\n|inactive|Tribalraq has 30 seconds left this turn.\n|inactive|Tribalraq has 20 seconds left.\n|\n|t:|1695168844\n|move|p2a: Dragapult|Draco Meteor|p1a: Slither W!ng\n|-damage|p1a: Slither W!ng|12/100\n|-unboost|p2a: Dragapult|spa|2\n|move|p1a: Slither W!ng|Dazzling Gleam|p2a: Dragapult\n|-supereffective|p2a: Dragapult\n|-damage|p2a: Dragapult|0 fnt\n|faint|p2a: Dragapult\n|\n|upkeep\n|inactive|Tribalraq has 25 seconds left this turn.\n|\n|t:|1695168848\n|switch|p2a: Manaphy|Manaphy|100/100\n|turn|18\n|c|\u2606Couch Potato309|muhuhaha\n|\n|t:|1695168857\n|-terastallize|p1a: Slither W!ng|Grass\n|move|p2a: Manaphy|Scald|p1a: Slither W!ng\n|-resisted|p1a: Slither W!ng\n|-damage|p1a: Slither W!ng|0 fnt\n|faint|p1a: Slither W!ng\n|-end|p1a: Slither W!ng|Quark Drive|[silent]\n|\n|upkeep\n|c|\u2606Couch Potato309|shit\n|\n|t:|1695168867\n|switch|p1a: Don't get cocky|Crawdaunt, M, shiny|100/100\n|turn|19\n|c|\u2606Tribalraq|yay\n|\n|t:|1695168882\n|move|p2a: Manaphy|Take Heart|p2a: Manaphy\n|-boost|p2a: Manaphy|spa|1\n|-boost|p2a: Manaphy|spd|1\n|move|p1a: Don't get cocky|Dragon Dance|p1a: Don't get cocky\n|-boost|p1a: Don't get cocky|atk|1\n|-boost|p1a: Don't get cocky|spe|1\n|\n|upkeep\n|turn|20\n|\n|t:|1695168893\n|move|p1a: Don't get cocky|Knock Off|p2a: Manaphy\n|-damage|p2a: Manaphy|0 fnt\n|-enditem|p2a: Manaphy|Leftovers|[from] move: Knock Off|[of] p1a: Don't get cocky\n|faint|p2a: Manaphy\n|-damage|p1a: Don't get cocky|91/100|[from] item: Life Orb\n|\n|win|Couch Potato309\n|raw|Couch Potato309's rating: 1100 &rarr; <strong>1128</strong><br />(+28 for winning)\n|raw|Tribalraq's rating: 1136 &rarr; <strong>1108</strong><br />(-28 for losing)\n|c|\u2606Tribalraq|gg\n|c|\u2606Couch Potato309|ggs\n|c|\u2606Couch Potato309|wp\n|l|\u2606Tribalraq\n", "uploadtime": 1695168906, "views": 3, "p1id": "couchpotato309", "p2id": "tribalraq", "formatid": "gen9ou", "rating": 1108, "private": 0, "password": ""}