{"id": "gen9ou-1947565453", "p1": "Winterchillz", "p2": "AkieAkie", "format": "gen9ou", "log": "|j|\u2606Winterchillz\n|j|\u2606AkieAkie\n|t:|1695173113\n|gametype|singles\n|player|p1|Winterchillz|grimsley|1462\n|player|p2|AkieAkie|rosa|1459\n|teamsize|p1|6\n|teamsize|p2|6\n|gen|9\n|tier|[Gen 9] OU\n|rated|\n|rule|Sleep Clause Mod: Limit one foe put to sleep\n|rule|Species Clause: Limit one of each Pok\u00e9mon\n|rule|OHKO Clause: OHKO moves are banned\n|rule|Evasion Items Clause: Evasion items are banned\n|rule|Evasion Moves Clause: Evasion moves are banned\n|rule|Endless Battle Clause: Forcing endless battles is banned\n|rule|HP Percentage Mod: HP is shown in percentages\n|clearpoke\n|poke|p1|Clefable, F|\n|poke|p1|Gliscor, M|\n|poke|p1|Moltres|\n|poke|p1|Zamazenta-*|\n|poke|p1|Dragonite, F|\n|poke|p1|Toxapex, F|\n|poke|p2|Samurott-Hisui, F|\n|poke|p2|Kingambit, F|\n|poke|p2|Sandy Shocks|\n|poke|p2|Gholdengo|\n|poke|p2|Iron Valiant|\n|poke|p2|Walking Wake|\n|teampreview\n|inactive|Battle timer is ON: inactive players will automatically lose when time's up. (requested by AkieAkie)\n|\n|t:|1695173118\n|start\n|switch|p1a: Gliscor|Gliscor, M|100/100\n|switch|p2a: Samurott|Samurott-Hisui, F|100/100\n|turn|1\n|\n|t:|1695173131\n|move|p1a: Gliscor|Protect|p1a: Gliscor\n|-singleturn|p1a: Gliscor|Protect\n|move|p2a: Samurott|Razor Shell|p1a: Gliscor\n|-activate|p1a: Gliscor|move: Protect\n|\n|-status|p1a: Gliscor|tox|[from] item: Toxic Orb\n|upkeep\n|turn|2\n|\n|t:|1695173138\n|switch|p1a: Clefable|Clefable, F|100/100\n|move|p2a: Samurott|Razor Shell|p1a: Clefable\n|-damage|p1a: Clefable|61/100\n|\n|-heal|p1a: Clefable|67/100|[from] item: Leftovers\n|upkeep\n|turn|3\n|\n|t:|1695173145\n|move|p2a: Samurott|Ceaseless Edge|p1a: Clefable\n|-resisted|p1a: Clefable\n|-damage|p1a: Clefable|50/100\n|-sidestart|p1: Winterchillz|Spikes\n|move|p1a: Clefable|Wish|p1a: Clefable\n|\n|-heal|p1a: Clefable|56/100|[from] item: Leftovers\n|upkeep\n|turn|4\n|\n|t:|1695173148\n|move|p2a: Samurott|Ceaseless Edge|p1a: Clefable\n|-resisted|p1a: Clefable\n|-damage|p1a: Clefable|38/100\n|-sidestart|p1: Winterchillz|Spikes\n|move|p1a: Clefable|Moonblast|p2a: Samurott\n|-supereffective|p2a: Samurott\n|-damage|p2a: Samurott|14/100\n|\n|-heal|p1a: Clefable|88/100|[from] move: Wish|[wisher] Clefable\n|-heal|p1a: Clefable|94/100|[from] item: Leftovers\n|upkeep\n|turn|5\n|\n|t:|1695173153\n|move|p2a: Samurott|Ceaseless Edge|p1a: Clefable\n|-resisted|p1a: Clefable\n|-damage|p1a: Clefable|79/100\n|-sidestart|p1: Winterchillz|Spikes\n|move|p1a: Clefable|Stealth Rock|p2a: Samurott\n|-sidestart|p2: AkieAkie|move: Stealth Rock\n|\n|-heal|p1a: Clefable|85/100|[from] item: Leftovers\n|upkeep\n|turn|6\n|\n|t:|1695173159\n|move|p2a: Samurott|Razor Shell|p1a: Clefable\n|-damage|p1a: Clefable|49/100\n|-unboost|p1a: Clefable|def|1\n|move|p1a: Clefable|Moonblast|p2a: Samurott\n|-supereffective|p2a: Samurott\n|-damage|p2a: Samurott|0 fnt\n|faint|p2a: Samurott\n|\n|-heal|p1a: Clefable|55/100|[from] item: Leftovers\n|upkeep\n|\n|t:|1695173172\n|switch|p2a: Walking Wake|Walking Wake|100/100\n|-damage|p2a: Walking Wake|88/100|[from] Stealth Rock\n|-enditem|p2a: Walking Wake|Booster Energy\n|-activate|p2a: Walking Wake|ability: Protosynthesis|[fromitem]\n|-start|p2a: Walking Wake|protosynthesisspa\n|turn|7\n|\n|t:|1695173180\n|switch|p1a: Toxapex|Toxapex, F|100/100\n|move|p2a: Walking Wake|Surf|p1a: Toxapex\n|-resisted|p1a: Toxapex\n|-damage|p1a: Toxapex|74/100\n|\n|upkeep\n|turn|8\n|\n|t:|1695173187\n|move|p2a: Walking Wake|Substitute|p2a: Walking Wake\n|-start|p2a: Walking Wake|Substitute\n|-damage|p2a: Walking Wake|63/100\n|move|p1a: Toxapex|Recover|p1a: Toxapex\n|-heal|p1a: Toxapex|100/100\n|\n|upkeep\n|turn|9\n|\n|t:|1695173196\n|move|p2a: Walking Wake|Dragon Pulse|p1a: Toxapex\n|-damage|p1a: Toxapex|51/100\n|move|p1a: Toxapex|Surf|p2a: Walking Wake\n|-resisted|p2a: Walking Wake\n|-activate|p2a: Walking Wake|move: Substitute|[damage]\n|\n|upkeep\n|turn|10\n|\n|t:|1695173200\n|move|p2a: Walking Wake|Dragon Pulse|p1a: Toxapex\n|-damage|p1a: Toxapex|5/100\n|move|p1a: Toxapex|Recover|p1a: Toxapex\n|-heal|p1a: Toxapex|55/100\n|\n|upkeep\n|turn|11\n|\n|t:|1695173213\n|switch|p1a: Clefable|Clefable, F|55/100\n|move|p2a: Walking Wake|Dragon Pulse|p1a: Clefable\n|-immune|p1a: Clefable\n|\n|-heal|p1a: Clefable|61/100|[from] item: Leftovers\n|upkeep\n|turn|12\n|\n|t:|1695173216\n|move|p2a: Walking Wake|Surf|p1a: Clefable\n|-damage|p1a: Clefable|6/100\n|move|p1a: Clefable|Wish|p1a: Clefable\n|\n|-heal|p1a: Clefable|12/100|[from] item: Leftovers\n|upkeep\n|turn|13\n|\n|t:|1695173221\n|move|p1a: Clefable|Protect|p1a: Clefable\n|-singleturn|p1a: Clefable|Protect\n|move|p2a: Walking Wake|Surf|p1a: Clefable\n|-activate|p1a: Clefable|move: Protect\n|\n|-heal|p1a: Clefable|62/100|[from] move: Wish|[wisher] Clefable\n|-heal|p1a: Clefable|68/100|[from] item: Leftovers\n|upkeep\n|turn|14\n|\n|t:|1695173225\n|move|p2a: Walking Wake|Surf|p1a: Clefable\n|-damage|p1a: Clefable|9/100\n|move|p1a: Clefable|Wish|p1a: Clefable\n|\n|-heal|p1a: Clefable|15/100|[from] item: Leftovers\n|upkeep\n|turn|15\n|\n|t:|1695173228\n|move|p1a: Clefable|Protect|p1a: Clefable\n|-singleturn|p1a: Clefable|Protect\n|move|p2a: Walking Wake|Surf|p1a: Clefable\n|-activate|p1a: Clefable|move: Protect\n|\n|-heal|p1a: Clefable|65/100|[from] move: Wish|[wisher] Clefable\n|-heal|p1a: Clefable|71/100|[from] item: Leftovers\n|upkeep\n|turn|16\n|\n|t:|1695173232\n|move|p2a: Walking Wake|Surf|p1a: Clefable\n|-damage|p1a: Clefable|14/100\n|move|p1a: Clefable|Wish|p1a: Clefable\n|\n|-heal|p1a: Clefable|20/100|[from] item: Leftovers\n|upkeep\n|turn|17\n|\n|t:|1695173236\n|move|p1a: Clefable|Protect|p1a: Clefable\n|-singleturn|p1a: Clefable|Protect\n|move|p2a: Walking Wake|Surf|p1a: Clefable\n|-activate|p1a: Clefable|move: Protect\n|\n|-heal|p1a: Clefable|70/100|[from] move: Wish|[wisher] Clefable\n|-heal|p1a: Clefable|76/100|[from] item: Leftovers\n|upkeep\n|turn|18\n|\n|t:|1695173244\n|move|p2a: Walking Wake|Surf|p1a: Clefable\n|-damage|p1a: Clefable|19/100\n|move|p1a: Clefable|Wish|p1a: Clefable\n|\n|-heal|p1a: Clefable|25/100|[from] item: Leftovers\n|upkeep\n|turn|19\n|\n|t:|1695173250\n|move|p1a: Clefable|Protect|p1a: Clefable\n|-singleturn|p1a: Clefable|Protect\n|move|p2a: Walking Wake|Surf|p1a: Clefable\n|-activate|p1a: Clefable|move: Protect\n|\n|-heal|p1a: Clefable|75/100|[from] move: Wish|[wisher] Clefable\n|-heal|p1a: Clefable|81/100|[from] item: Leftovers\n|upkeep\n|turn|20\n|\n|t:|1695173258\n|move|p2a: Walking Wake|Surf|p1a: Clefable\n|-damage|p1a: Clefable|28/100\n|move|p1a: Clefable|Wish|p1a: Clefable\n|\n|-heal|p1a: Clefable|34/100|[from] item: Leftovers\n|upkeep\n|turn|21\n|\n|t:|1695173263\n|move|p1a: Clefable|Protect|p1a: Clefable\n|-singleturn|p1a: Clefable|Protect\n|move|p2a: Walking Wake|Surf|p1a: Clefable\n|-activate|p1a: Clefable|move: Protect\n|\n|-heal|p1a: Clefable|84/100|[from] move: Wish|[wisher] Clefable\n|-heal|p1a: Clefable|90/100|[from] item: Leftovers\n|upkeep\n|turn|22\n|\n|t:|1695173269\n|move|p2a: Walking Wake|Surf|p1a: Clefable\n|-damage|p1a: Clefable|30/100\n|move|p1a: Clefable|Wish|p1a: Clefable\n|\n|-heal|p1a: Clefable|36/100|[from] item: Leftovers\n|upkeep\n|turn|23\n|\n|t:|1695173279\n|move|p1a: Clefable|Protect|p1a: Clefable\n|-singleturn|p1a: Clefable|Protect\n|move|p2a: Walking Wake|Surf|p1a: Clefable\n|-activate|p1a: Clefable|move: Protect\n|\n|-heal|p1a: Clefable|86/100|[from] move: Wish|[wisher] Clefable\n|-heal|p1a: Clefable|92/100|[from] item: Leftovers\n|upkeep\n|turn|24\n|\n|t:|1695173284\n|move|p2a: Walking Wake|Surf|p1a: Clefable\n|-damage|p1a: Clefable|36/100\n|move|p1a: Clefable|Wish|p1a: Clefable\n|\n|-heal|p1a: Clefable|42/100|[from] item: Leftovers\n|upkeep\n|turn|25\n|\n|t:|1695173289\n|move|p1a: Clefable|Protect|p1a: Clefable\n|-singleturn|p1a: Clefable|Protect\n|move|p2a: Walking Wake|Surf|p1a: Clefable\n|-activate|p1a: Clefable|move: Protect\n|\n|-heal|p1a: Clefable|92/100|[from] move: Wish|[wisher] Clefable\n|-heal|p1a: Clefable|98/100|[from] item: Leftovers\n|upkeep\n|turn|26\n|\n|t:|1695173298\n|move|p2a: Walking Wake|Surf|p1a: Clefable\n|-damage|p1a: Clefable|42/100\n|move|p1a: Clefable|Wish|p1a: Clefable\n|\n|-heal|p1a: Clefable|48/100|[from] item: Leftovers\n|upkeep\n|turn|27\n|\n|t:|1695173302\n|move|p1a: Clefable|Protect|p1a: Clefable\n|-singleturn|p1a: Clefable|Protect\n|move|p2a: Walking Wake|Surf|p1a: Clefable\n|-activate|p1a: Clefable|move: Protect\n|\n|-heal|p1a: Clefable|98/100|[from] move: Wish|[wisher] Clefable\n|-heal|p1a: Clefable|100/100|[from] item: Leftovers\n|upkeep\n|turn|28\n|\n|t:|1695173306\n|move|p2a: Walking Wake|Surf|p1a: Clefable\n|-damage|p1a: Clefable|45/100\n|move|p1a: Clefable|Moonblast|p2a: Walking Wake\n|-supereffective|p2a: Walking Wake\n|-end|p2a: Walking Wake|Substitute\n|\n|-heal|p1a: Clefable|52/100|[from] item: Leftovers\n|upkeep\n|turn|29\n|\n|t:|1695173317\n|-terastallize|p2a: Walking Wake|Water\n|move|p1a: Clefable|Protect|p1a: Clefable\n|-singleturn|p1a: Clefable|Protect\n|move|p2a: Walking Wake|Surf|p1a: Clefable\n|-activate|p1a: Clefable|move: Protect\n|\n|-heal|p1a: Clefable|58/100|[from] item: Leftovers\n|upkeep\n|turn|30\n|c|\u2606AkieAkie|how are you landing all of these protects\n|c|\u2606AkieAkie|im so confused\n|c|\u2606Winterchillz|wdym?\n|\n|t:|1695173338\n|switch|p1a: Toxapex|Toxapex, F|89/100\n|move|p2a: Walking Wake|Surf|p1a: Toxapex\n|-resisted|p1a: Toxapex\n|-damage|p1a: Toxapex|54/100\n|\n|upkeep\n|turn|31\n|c|\u2606AkieAkie|doesn't the success per use?\n|c|\u2606AkieAkie|or is it only consecutive use\n|c|\u2606AkieAkie|success drop per use **\n|c|\u2606Winterchillz|consecutive\n|c|\u2606AkieAkie|ah i see\n|inactive|Winterchillz has 120 seconds left.\n|\n|t:|1695173369\n|move|p2a: Walking Wake|Surf|p1a: Toxapex\n|-resisted|p1a: Toxapex\n|-crit|p1a: Toxapex\n|-damage|p1a: Toxapex|6/100\n|move|p1a: Toxapex|Recover|p1a: Toxapex\n|-heal|p1a: Toxapex|56/100\n|\n|upkeep\n|turn|32\n|\n|t:|1695173378\n|move|p2a: Walking Wake|Dragon Pulse|p1a: Toxapex\n|-damage|p1a: Toxapex|4/100\n|move|p1a: Toxapex|Toxic|p2a: Walking Wake\n|-status|p2a: Walking Wake|tox\n|\n|-damage|p2a: Walking Wake|57/100 tox|[from] psn\n|upkeep\n|turn|33\n|inactive|Winterchillz has 120 seconds left.\n|\n|t:|1695173388\n|move|p2a: Walking Wake|Surf|p1a: Toxapex\n|-resisted|p1a: Toxapex\n|-damage|p1a: Toxapex|0 fnt\n|faint|p1a: Toxapex\n|\n|-damage|p2a: Walking Wake|45/100 tox|[from] psn\n|upkeep\n|\n|t:|1695173400\n|switch|p1a: Dragonite|Dragonite, F|100/100\n|turn|34\n|\n|t:|1695173404\n|-terastallize|p1a: Dragonite|Normal\n|move|p2a: Walking Wake|Dragon Pulse|p1a: Dragonite\n|-damage|p1a: Dragonite|67/100\n|move|p1a: Dragonite|Dragon Dance|p1a: Dragonite\n|-boost|p1a: Dragonite|atk|1\n|-boost|p1a: Dragonite|spe|1\n|\n|-damage|p2a: Walking Wake|27/100 tox|[from] psn\n|upkeep\n|turn|35\n|inactive|Winterchillz has 120 seconds left.\n|\n|t:|1695173416\n|move|p1a: Dragonite|Roost|p1a: Dragonite\n|-heal|p1a: Dragonite|100/100\n|move|p2a: Walking Wake|Surf|p1a: Dragonite\n|-damage|p1a: Dragonite|55/100\n|\n|-damage|p2a: Walking Wake|3/100 tox|[from] psn\n|upkeep\n|turn|36\n|\n|t:|1695173425\n|move|p1a: Dragonite|Roost|p1a: Dragonite\n|-heal|p1a: Dragonite|100/100\n|move|p2a: Walking Wake|Surf|p1a: Dragonite\n|-damage|p1a: Dragonite|56/100\n|\n|-damage|p2a: Walking Wake|0 fnt|[from] psn\n|faint|p2a: Walking Wake\n|-end|p2a: Walking Wake|Protosynthesis|[silent]\n|upkeep\n|\n|t:|1695173431\n|switch|p2a: Iron Valiant|Iron Valiant|100/100\n|-damage|p2a: Iron Valiant|94/100|[from] Stealth Rock\n|-enditem|p2a: Iron Valiant|Booster Energy\n|-activate|p2a: Iron Valiant|ability: Quark Drive|[fromitem]\n|-start|p2a: Iron Valiant|quarkdrivespe\n|turn|37\n|\n|t:|1695173444\n|switch|p1a: Moltres|Moltres|100/100\n|move|p2a: Iron Valiant|Close Combat|p1a: Moltres\n|-resisted|p1a: Moltres\n|-damage|p1a: Moltres|70/100\n|-unboost|p2a: Iron Valiant|def|1\n|-unboost|p2a: Iron Valiant|spd|1\n|\n|upkeep\n|turn|38\n|\n|t:|1695173451\n|move|p2a: Iron Valiant|Knock Off|p1a: Moltres\n|-damage|p1a: Moltres|35/100\n|-enditem|p1a: Moltres|Heavy-Duty Boots|[from] move: Knock Off|[of] p2a: Iron Valiant\n|move|p1a: Moltres|Flamethrower|p2a: Iron Valiant\n|-crit|p2a: Iron Valiant\n|-damage|p2a: Iron Valiant|0 fnt\n|faint|p2a: Iron Valiant\n|-end|p2a: Iron Valiant|Quark Drive|[silent]\n|\n|upkeep\n|\n|t:|1695173463\n|switch|p2a: Sandy Shocks|Sandy Shocks|100/100\n|-damage|p2a: Sandy Shocks|94/100|[from] Stealth Rock\n|-enditem|p2a: Sandy Shocks|Booster Energy\n|-activate|p2a: Sandy Shocks|ability: Protosynthesis|[fromitem]\n|-start|p2a: Sandy Shocks|protosynthesisspe\n|turn|39\n|\n|t:|1695173473\n|move|p2a: Sandy Shocks|Thunderbolt|p1a: Moltres\n|-supereffective|p1a: Moltres\n|-damage|p1a: Moltres|0 fnt\n|faint|p1a: Moltres\n|\n|upkeep\n|\n|t:|1695173478\n|switch|p1a: Gliscor|Gliscor, M|100/100 tox\n|turn|40\n|\n|t:|1695173482\n|move|p2a: Sandy Shocks|Stealth Rock|p1a: Gliscor\n|-sidestart|p1: Winterchillz|move: Stealth Rock\n|move|p1a: Gliscor|Spikes|p2a: Sandy Shocks\n|-sidestart|p2: AkieAkie|Spikes\n|\n|upkeep\n|turn|41\n|\n|t:|1695173493\n|-end|p2a: Sandy Shocks|Protosynthesis|[silent]\n|switch|p2a: Gholdengo|Gholdengo|100/100\n|-damage|p2a: Gholdengo|94/100|[from] Stealth Rock\n|-item|p2a: Gholdengo|Air Balloon\n|move|p1a: Gliscor|Spikes|p2a: Gholdengo\n|-sidestart|p2: AkieAkie|Spikes\n|\n|upkeep\n|turn|42\n|\n|t:|1695173501\n|move|p2a: Gholdengo|Shadow Ball|p1a: Gliscor\n|-damage|p1a: Gliscor|64/100 tox\n|move|p1a: Gliscor|Knock Off|p2a: Gholdengo\n|-supereffective|p2a: Gholdengo\n|-damage|p2a: Gholdengo|54/100\n|-enditem|p2a: Gholdengo|Air Balloon\n|\n|-heal|p1a: Gliscor|76/100 tox|[from] ability: Poison Heal\n|upkeep\n|turn|43\n|\n|t:|1695173508\n|move|p2a: Gholdengo|Shadow Ball|p1a: Gliscor\n|-damage|p1a: Gliscor|41/100 tox\n|move|p1a: Gliscor|Earthquake|p2a: Gholdengo\n|-supereffective|p2a: Gholdengo\n|-damage|p2a: Gholdengo|0 fnt\n|faint|p2a: Gholdengo\n|\n|-heal|p1a: Gliscor|53/100 tox|[from] ability: Poison Heal\n|upkeep\n|\n|t:|1695173513\n|switch|p2a: Kingambit|Kingambit, F|100/100\n|-damage|p2a: Kingambit|94/100|[from] Stealth Rock\n|-damage|p2a: Kingambit|78/100|[from] Spikes\n|-activate|p2a: Kingambit|ability: Supreme Overlord\n|-start|p2a: Kingambit|fallen4|[silent]\n|turn|44\n|\n|t:|1695173522\n|move|p1a: Gliscor|Earthquake|p2a: Kingambit\n|-supereffective|p2a: Kingambit\n|-damage|p2a: Kingambit|31/100\n|move|p2a: Kingambit|Kowtow Cleave|p1a: Gliscor\n|-crit|p1a: Gliscor\n|-damage|p1a: Gliscor|0 fnt\n|faint|p1a: Gliscor\n|\n|-heal|p2a: Kingambit|37/100|[from] item: Leftovers\n|upkeep\n|\n|t:|1695173527\n|switch|p1a: Zamazenta|Zamazenta|100/100\n|-ability|p1a: Zamazenta|Dauntless Shield|boost\n|-boost|p1a: Zamazenta|def|1\n|turn|45\n|\n|t:|1695173536\n|move|p1a: Zamazenta|Close Combat|p2a: Kingambit\n|-supereffective|p2a: Kingambit\n|-damage|p2a: Kingambit|0 fnt\n|-unboost|p1a: Zamazenta|def|1\n|-unboost|p1a: Zamazenta|spd|1\n|faint|p2a: Kingambit\n|-end|p2a: Kingambit|fallen4|[silent]\n|\n|upkeep\n|\n|t:|1695173539\n|switch|p2a: Sandy Shocks|Sandy Shocks|94/100\n|-damage|p2a: Sandy Shocks|88/100|[from] Stealth Rock\n|-damage|p2a: Sandy Shocks|72/100|[from] Spikes\n|turn|46\n|\n|t:|1695173545\n|move|p1a: Zamazenta|Close Combat|p2a: Sandy Shocks\n|-damage|p2a: Sandy Shocks|1/100\n|-unboost|p1a: Zamazenta|def|1\n|-unboost|p1a: Zamazenta|spd|1\n|move|p2a: Sandy Shocks|Thunderbolt|p1a: Zamazenta\n|-damage|p1a: Zamazenta|27/100\n|-status|p1a: Zamazenta|par\n|\n|upkeep\n|turn|47\n|\n|t:|1695173551\n|move|p2a: Sandy Shocks|Thunderbolt|p1a: Zamazenta\n|-damage|p1a: Zamazenta|0 fnt\n|faint|p1a: Zamazenta\n|\n|upkeep\n|\n|t:|1695173553\n|switch|p1a: Dragonite|Dragonite, F, tera:Normal|56/100\n|turn|48\n|\n|t:|1695173555\n|move|p1a: Dragonite|Extreme Speed|p2a: Sandy Shocks\n|-damage|p2a: Sandy Shocks|0 fnt\n|faint|p2a: Sandy Shocks\n|-end|p2a: Sandy Shocks|Protosynthesis|[silent]\n|\n|win|Winterchillz\n|raw|Winterchillz's rating: 1462 &rarr; <strong>1482</strong><br />(+20 for winning)\n|raw|AkieAkie's rating: 1459 &rarr; <strong>1439</strong><br />(-20 for losing)\n|l|\u2606AkieAkie\n|c|\u2606Winterchillz|Gg\n", "uploadtime": 1695173561, "views": 2, "p1id": "winterchillz", "p2id": "akieakie", "formatid": "gen9ou", "rating": 1439, "private": 0, "password": ""}