{"id": "gen9ou-1947557499", "p1": "Audio Peel", "p2": "Klopple", "format": "gen9ou", "log": "|j|\u2606Audio Peel\n|j|\u2606Klopple\n|t:|1695172340\n|gametype|singles\n|player|p1|Audio Peel|170|1666\n|player|p2|Klopple|cheryl|1566\n|teamsize|p1|6\n|teamsize|p2|6\n|gen|9\n|tier|[Gen 9] OU\n|rated|\n|rule|Sleep Clause Mod: Limit one foe put to sleep\n|rule|Species Clause: Limit one of each Pok\u00e9mon\n|rule|OHKO Clause: OHKO moves are banned\n|rule|Evasion Items Clause: Evasion items are banned\n|rule|Evasion Moves Clause: Evasion moves are banned\n|rule|Endless Battle Clause: Forcing endless battles is banned\n|rule|HP Percentage Mod: HP is shown in percentages\n|clearpoke\n|poke|p1|Ogerpon-Hearthflame, F|\n|poke|p1|Ursaluna-Bloodmoon, M|\n|poke|p1|Corviknight, M|\n|poke|p1|Slowking-Galar, F|\n|poke|p1|Rotom-Wash|\n|poke|p1|Kingambit, M|\n|poke|p2|Ogerpon-Cornerstone, F|\n|poke|p2|Zapdos-Galar|\n|poke|p2|Hatterene, F|\n|poke|p2|Manaphy|\n|poke|p2|Greninja-*, M|\n|poke|p2|Heatran, M|\n|teampreview\n|j| Stairs of learning\n|\n|t:|1695172367\n|start\n|switch|p1a: Ursaluna|Ursaluna-Bloodmoon, M|100/100\n|switch|p2a: Ogerpon|Ogerpon-Cornerstone, F|100/100\n|turn|1\n|\n|t:|1695172377\n|move|p2a: Ogerpon|Power Whip|p1a: Ursaluna\n|-supereffective|p1a: Ursaluna\n|-damage|p1a: Ursaluna|12/100\n|move|p1a: Ursaluna|Earth Power|p2a: Ogerpon\n|-damage|p2a: Ogerpon|38/100\n|\n|-heal|p1a: Ursaluna|18/100|[from] item: Leftovers\n|upkeep\n|turn|2\n|\n|t:|1695172390\n|switch|p2a: Zapdos|Zapdos-Galar|100/100\n|move|p1a: Ursaluna|Vacuum Wave|p2a: Zapdos\n|-resisted|p2a: Zapdos\n|-damage|p2a: Zapdos|92/100\n|\n|-heal|p1a: Ursaluna|24/100|[from] item: Leftovers\n|upkeep\n|turn|3\n|\n|t:|1695172397\n|move|p2a: Zapdos|Knock Off|p1a: Ursaluna\n|-damage|p1a: Ursaluna|0 fnt\n|-enditem|p1a: Ursaluna|Leftovers|[from] move: Knock Off|[of] p2a: Zapdos\n|faint|p1a: Ursaluna\n|\n|upkeep\n|\n|t:|1695172402\n|switch|p1a: Rotom|Rotom-Wash|100/100\n|turn|4\n|\n|t:|1695172413\n|switch|p2a: Hatterene|Hatterene, F|100/100\n|move|p1a: Rotom|Volt Switch|p2a: Hatterene\n|-damage|p2a: Hatterene|75/100\n|\n|t:|1695172418\n|switch|p1a: Slowking|Slowking-Galar, F|100/100|[from] Volt Switch\n|\n|-heal|p2a: Hatterene|81/100|[from] item: Leftovers\n|upkeep\n|turn|5\n|\n|t:|1695172422\n|switch|p2a: Heatran|Heatran, M|100/100\n|-item|p2a: Heatran|Air Balloon\n|move|p1a: Slowking|Future Sight|p2a: Heatran\n|-start|p1a: Slowking|move: Future Sight\n|\n|upkeep\n|turn|6\n|\n|t:|1695172429\n|switch|p1a: Rotom|Rotom-Wash|100/100\n|move|p2a: Heatran|Taunt|p1a: Rotom\n|-start|p1a: Rotom|move: Taunt\n|\n|upkeep\n|turn|7\n|\n|t:|1695172435\n|move|p1a: Rotom|Hydro Pump|p2a: Heatran\n|-supereffective|p2a: Heatran\n|-damage|p2a: Heatran|19/100\n|-enditem|p2a: Heatran|Air Balloon\n|move|p2a: Heatran|Stealth Rock|p1a: Rotom\n|-sidestart|p1: Audio Peel|move: Stealth Rock\n|\n|-end|p2a: Heatran|move: Future Sight\n|-resisted|p2a: Heatran\n|-damage|p2a: Heatran|0 fnt\n|faint|p2a: Heatran\n|upkeep\n|\n|t:|1695172442\n|switch|p2a: Ogerpon|Ogerpon-Cornerstone, F|38/100\n|turn|8\n|\n|t:|1695172448\n|switch|p1a: Corviknight|Corviknight, M|100/100\n|-damage|p1a: Corviknight|88/100|[from] Stealth Rock\n|-ability|p1a: Corviknight|Pressure\n|move|p2a: Ogerpon|Ivy Cudgel|p1a: Corviknight\n|-damage|p1a: Corviknight|56/100\n|\n|upkeep\n|turn|9\n|\n|t:|1695172457\n|move|p2a: Ogerpon|Swords Dance|p2a: Ogerpon\n|-boost|p2a: Ogerpon|atk|2\n|move|p1a: Corviknight|Roost|p1a: Corviknight\n|-heal|p1a: Corviknight|100/100\n|-singleturn|p1a: Corviknight|move: Roost\n|\n|upkeep\n|turn|10\n|\n|t:|1695172461\n|move|p2a: Ogerpon|Ivy Cudgel|p1a: Corviknight\n|-damage|p1a: Corviknight|31/100\n|move|p1a: Corviknight|Body Press|p2a: Ogerpon\n|-supereffective|p2a: Ogerpon\n|-damage|p2a: Ogerpon|0 fnt\n|faint|p2a: Ogerpon\n|\n|upkeep\n|\n|t:|1695172468\n|switch|p2a: Greninja|Greninja, M|100/100\n|turn|11\n|\n|t:|1695172471\n|switch|p1a: Rotom|Rotom-Wash|100/100\n|-damage|p1a: Rotom|88/100|[from] Stealth Rock\n|move|p2a: Greninja|Dark Pulse|p1a: Rotom\n|-damage|p1a: Rotom|25/100\n|-damage|p2a: Greninja|91/100|[from] item: Life Orb\n|\n|upkeep\n|turn|12\n|\n|t:|1695172488\n|switch|p2a: Hatterene|Hatterene, F|81/100\n|move|p1a: Rotom|Volt Switch|p2a: Hatterene\n|-damage|p2a: Hatterene|58/100\n|\n|t:|1695172490\n|switch|p1a: Corviknight|Corviknight, M|31/100|[from] Volt Switch\n|-damage|p1a: Corviknight|19/100|[from] Stealth Rock\n|-ability|p1a: Corviknight|Pressure\n|\n|-heal|p2a: Hatterene|64/100|[from] item: Leftovers\n|upkeep\n|turn|13\n|\n|t:|1695172498\n|move|p1a: Corviknight|Defog|p2a: Hatterene\n|move|p2a: Hatterene|Defog|p1a: Corviknight|[from]ability: Magic Bounce\n|-unboost|p1a: Corviknight|evasion|1\n|-sideend|p1: Audio Peel|Stealth Rock|[from] move: Defog|[of] p2a: Hatterene\n|move|p2a: Hatterene|Nuzzle|p1a: Corviknight\n|-supereffective|p1a: Corviknight\n|-damage|p1a: Corviknight|13/100\n|-status|p1a: Corviknight|par\n|-damage|p2a: Hatterene|48/100|[from] item: Rocky Helmet|[of] p1a: Corviknight\n|\n|-heal|p2a: Hatterene|54/100|[from] item: Leftovers\n|upkeep\n|turn|14\n|\n|t:|1695172505\n|move|p2a: Hatterene|Mystical Fire|p1a: Corviknight\n|-supereffective|p1a: Corviknight\n|-damage|p1a: Corviknight|0 fnt\n|faint|p1a: Corviknight\n|\n|-heal|p2a: Hatterene|60/100|[from] item: Leftovers\n|upkeep\n|\n|t:|1695172512\n|switch|p1a: Slowking|Slowking-Galar, F|100/100\n|turn|15\n|\n|t:|1695172519\n|move|p2a: Hatterene|Nuzzle|p1a: Slowking\n|-damage|p1a: Slowking|96/100\n|-status|p1a: Slowking|par\n|move|p1a: Slowking|Future Sight|p2a: Hatterene\n|-start|p1a: Slowking|move: Future Sight\n|\n|-heal|p2a: Hatterene|66/100|[from] item: Leftovers\n|upkeep\n|turn|16\n|\n|t:|1695172524\n|switch|p2a: Greninja|Greninja, M|91/100\n|cant|p1a: Slowking|par\n|\n|upkeep\n|turn|17\n|\n|t:|1695172530\n|move|p2a: Greninja|Toxic Spikes|p1a: Slowking\n|-sidestart|p1: Audio Peel|move: Toxic Spikes\n|move|p1a: Slowking|Thunder Wave|p2a: Greninja\n|-status|p2a: Greninja|par\n|\n|-end|p2a: Greninja|move: Future Sight\n|-immune|p2a: Greninja\n|upkeep\n|turn|18\n|\n|t:|1695172536\n|move|p2a: Greninja|Dark Pulse|p1a: Slowking\n|-supereffective|p1a: Slowking\n|-damage|p1a: Slowking|46/100 par\n|-damage|p2a: Greninja|81/100 par|[from] item: Life Orb\n|cant|p1a: Slowking|flinch\n|\n|upkeep\n|turn|19\n|\n|t:|1695172545\n|switch|p1a: Rotom|Rotom-Wash|25/100\n|cant|p2a: Greninja|par\n|\n|upkeep\n|turn|20\n|\n|t:|1695172549\n|cant|p2a: Greninja|par\n|move|p1a: Rotom|Volt Switch|p2a: Greninja\n|-supereffective|p2a: Greninja\n|-damage|p2a: Greninja|0 fnt\n|faint|p2a: Greninja\n|\n|t:|1695172551\n|switch|p1a: Slowking|Slowking-Galar, F|79/100 par|[from] Volt Switch\n|-sideend|p1: Audio Peel|move: Toxic Spikes|[of] p1a: Slowking\n|\n|upkeep\n|\n|t:|1695172556\n|switch|p2a: Manaphy|Manaphy|100/100\n|turn|21\n|\n|t:|1695172564\n|switch|p1a: Rotom|Rotom-Wash|25/100\n|move|p2a: Manaphy|Acid Armor|p2a: Manaphy\n|-boost|p2a: Manaphy|def|2\n|\n|upkeep\n|turn|22\n|\n|t:|1695172575\n|move|p1a: Rotom|Volt Switch|p2a: Manaphy\n|-supereffective|p2a: Manaphy\n|-damage|p2a: Manaphy|49/100\n|\n|t:|1695172578\n|switch|p1a: Ogerpon|Ogerpon-Hearthflame, F|100/100|[from] Volt Switch\n|-ability|p1a: Ogerpon|Mold Breaker\n|move|p2a: Manaphy|Take Heart|p2a: Manaphy\n|-boost|p2a: Manaphy|spa|1\n|-boost|p2a: Manaphy|spd|1\n|\n|-heal|p2a: Manaphy|55/100|[from] item: Leftovers\n|upkeep\n|turn|23\n|\n|t:|1695172587\n|-terastallize|p2a: Manaphy|Fairy\n|move|p1a: Ogerpon|Horn Leech|p2a: Manaphy\n|-damage|p2a: Manaphy|37/100\n|move|p2a: Manaphy|Acid Armor|p2a: Manaphy\n|-boost|p2a: Manaphy|def|2\n|\n|-heal|p2a: Manaphy|44/100|[from] item: Leftovers\n|upkeep\n|turn|24\n|\n|t:|1695172593\n|switch|p1a: Slowking|Slowking-Galar, F|100/100 par\n|move|p2a: Manaphy|Stored Power|p1a: Slowking\n|-damage|p1a: Slowking|71/100 par\n|\n|-heal|p2a: Manaphy|50/100|[from] item: Leftovers\n|upkeep\n|turn|25\n|\n|t:|1695172601\n|move|p2a: Manaphy|Take Heart|p2a: Manaphy\n|-boost|p2a: Manaphy|spa|1\n|-boost|p2a: Manaphy|spd|1\n|move|p1a: Slowking|Sludge Bomb|p2a: Manaphy\n|-supereffective|p2a: Manaphy\n|-damage|p2a: Manaphy|24/100\n|\n|-heal|p2a: Manaphy|30/100|[from] item: Leftovers\n|upkeep\n|turn|26\n|\n|t:|1695172609\n|move|p2a: Manaphy|Stored Power|p1a: Slowking\n|-damage|p1a: Slowking|20/100 par\n|move|p1a: Slowking|Sludge Bomb|p2a: Manaphy\n|-supereffective|p2a: Manaphy\n|-damage|p2a: Manaphy|1/100\n|-status|p2a: Manaphy|psn\n|\n|-heal|p2a: Manaphy|7/100 psn|[from] item: Leftovers\n|-damage|p2a: Manaphy|0 fnt|[from] psn\n|faint|p2a: Manaphy\n|upkeep\n|\n|t:|1695172615\n|switch|p2a: Zapdos|Zapdos-Galar|92/100\n|turn|27\n|\n|t:|1695172619\n|move|p2a: Zapdos|Close Combat|p1a: Slowking\n|-resisted|p1a: Slowking\n|-damage|p1a: Slowking|5/100 par\n|-unboost|p2a: Zapdos|def|1\n|-unboost|p2a: Zapdos|spd|1\n|cant|p1a: Slowking|par\n|\n|upkeep\n|turn|28\n|\n|t:|1695172625\n|move|p2a: Zapdos|Close Combat|p1a: Slowking\n|-resisted|p1a: Slowking\n|-damage|p1a: Slowking|0 fnt\n|-unboost|p2a: Zapdos|def|1\n|-unboost|p2a: Zapdos|spd|1\n|faint|p1a: Slowking\n|\n|upkeep\n|\n|t:|1695172636\n|switch|p1a: Kingambit|Kingambit, M|100/100\n|-activate|p1a: Kingambit|ability: Supreme Overlord\n|-start|p1a: Kingambit|fallen3|[silent]\n|turn|29\n|\n|t:|1695172641\n|-terastallize|p1a: Kingambit|Fairy\n|move|p2a: Zapdos|Close Combat|p1a: Kingambit\n|-resisted|p1a: Kingambit\n|-damage|p1a: Kingambit|80/100\n|-unboost|p2a: Zapdos|def|1\n|-unboost|p2a: Zapdos|spd|1\n|move|p1a: Kingambit|Tera Blast|p2a: Zapdos\n|-supereffective|p2a: Zapdos\n|-crit|p2a: Zapdos\n|-damage|p2a: Zapdos|0 fnt\n|faint|p2a: Zapdos\n|\n|-heal|p1a: Kingambit|87/100|[from] item: Leftovers\n|upkeep\n|-message|Klopple forfeited.\n|\n|win|Audio Peel\n|raw|Audio Peel's rating: 1666 &rarr; <strong>1680</strong><br />(+14 for winning)\n|raw|Klopple's rating: 1566 &rarr; <strong>1552</strong><br />(-14 for losing)\n|l|\u2606Klopple\n", "uploadtime": 1695172659, "views": 3, "p1id": "audiopeel", "p2id": "klopple", "formatid": "gen9ou", "rating": 1552, "private": 0, "password": ""}