{"id": "gen9ou-1947475634", "p1": "ulillusion", "p2": "Bachata Shotta", "format": "gen9ou", "log": "|j|\u2606ulillusion\n|j|\u2606Bachata Shotta\n|t:|1695164286\n|gametype|singles\n|player|p1|ulillusion|lyra|1346\n|player|p2|Bachata Shotta|lucian|1337\n|teamsize|p1|6\n|teamsize|p2|6\n|gen|9\n|tier|[Gen 9] OU\n|rated|\n|rule|Sleep Clause Mod: Limit one foe put to sleep\n|rule|Species Clause: Limit one of each Pok\u00e9mon\n|rule|OHKO Clause: OHKO moves are banned\n|rule|Evasion Items Clause: Evasion items are banned\n|rule|Evasion Moves Clause: Evasion moves are banned\n|rule|Endless Battle Clause: Forcing endless battles is banned\n|rule|HP Percentage Mod: HP is shown in percentages\n|clearpoke\n|poke|p1|Ninetales-Alola, M|\n|poke|p1|Gholdengo|\n|poke|p1|Great Tusk|\n|poke|p1|Landorus-Therian, M|\n|poke|p1|Kingambit, M|\n|poke|p1|Dragapult, F|\n|poke|p2|Sinistcha|\n|poke|p2|Samurott-Hisui, M|\n|poke|p2|Clefable, F|\n|poke|p2|Dragapult, M|\n|poke|p2|Milotic, M|\n|poke|p2|Great Tusk|\n|teampreview\n|inactive|Battle timer is ON: inactive players will automatically lose when time's up. (requested by ulillusion)\n|\n|t:|1695164294\n|start\n|switch|p1a: Landorus|Landorus-Therian, M|100/100\n|switch|p2a: Pin Kushin \ud83d\udeac|Clefable, F|100/100\n|-ability|p1a: Landorus|Intimidate|boost\n|-unboost|p2a: Pin Kushin \ud83d\udeac|atk|1\n|turn|1\n|\n|t:|1695164304\n|move|p1a: Landorus|U-turn|p2a: Pin Kushin \ud83d\udeac\n|-resisted|p2a: Pin Kushin \ud83d\udeac\n|-damage|p2a: Pin Kushin \ud83d\udeac|86/100\n|\n|t:|1695164305\n|switch|p1a: Gholdengo|Gholdengo|100/100|[from] U-turn\n|move|p2a: Pin Kushin \ud83d\udeac|Stealth Rock|p1a: Gholdengo\n|-sidestart|p1: ulillusion|move: Stealth Rock\n|\n|-heal|p2a: Pin Kushin \ud83d\udeac|92/100|[from] item: Leftovers\n|upkeep\n|turn|2\n|\n|t:|1695164326\n|switch|p2a: The Milotic Blue|Milotic, M|100/100\n|move|p1a: Gholdengo|Thunderbolt|p2a: The Milotic Blue\n|-supereffective|p2a: The Milotic Blue\n|-damage|p2a: The Milotic Blue|56/100\n|-status|p2a: The Milotic Blue|par\n|\n|upkeep\n|turn|3\n|inactive|ulillusion has 120 seconds left.\n|\n|t:|1695164369\n|switch|p1a: Ninetales|Ninetales-Alola, M|100/100\n|-damage|p1a: Ninetales|76/100|[from] Stealth Rock\n|-weather|Snow|[from] ability: Snow Warning|[of] p1a: Ninetales\n|move|p2a: The Milotic Blue|Recover|p2a: The Milotic Blue\n|-heal|p2a: The Milotic Blue|100/100 par\n|\n|-weather|Snow|[upkeep]\n|upkeep\n|turn|4\n|\n|t:|1695164372\n|switch|p2a: Pin Kushin \ud83d\udeac|Clefable, F|92/100\n|move|p1a: Ninetales|Aurora Veil|p1a: Ninetales\n|-sidestart|p1: ulillusion|move: Aurora Veil\n|\n|-weather|Snow|[upkeep]\n|-heal|p2a: Pin Kushin \ud83d\udeac|98/100|[from] item: Leftovers\n|upkeep\n|turn|5\n|\n|t:|1695164377\n|switch|p1a: Gholdengo|Gholdengo|100/100\n|-damage|p1a: Gholdengo|94/100|[from] Stealth Rock\n|move|p2a: Pin Kushin \ud83d\udeac|Knock Off|p1a: Gholdengo\n|-supereffective|p1a: Gholdengo\n|-damage|p1a: Gholdengo|78/100\n|-enditem|p1a: Gholdengo|Choice Scarf|[from] move: Knock Off|[of] p2a: Pin Kushin \ud83d\udeac\n|\n|-weather|Snow|[upkeep]\n|-heal|p2a: Pin Kushin \ud83d\udeac|100/100|[from] item: Leftovers\n|upkeep\n|turn|6\n|inactive|ulillusion has 120 seconds left.\n|\n|t:|1695164401\n|switch|p2a: The Milotic Blue|Milotic, M|100/100 par\n|move|p1a: Gholdengo|Make It Rain|p2a: The Milotic Blue\n|-resisted|p2a: The Milotic Blue\n|-damage|p2a: The Milotic Blue|78/100 par\n|-unboost|p1a: Gholdengo|spa|1\n|\n|-weather|Snow|[upkeep]\n|upkeep\n|turn|7\n|\n|t:|1695164408\n|move|p1a: Gholdengo|Thunderbolt|p2a: The Milotic Blue\n|-supereffective|p2a: The Milotic Blue\n|-damage|p2a: The Milotic Blue|47/100 par\n|cant|p2a: The Milotic Blue|par\n|\n|-weather|none\n|upkeep\n|turn|8\n|\n|t:|1695164411\n|move|p1a: Gholdengo|Thunderbolt|p2a: The Milotic Blue\n|-supereffective|p2a: The Milotic Blue\n|-damage|p2a: The Milotic Blue|18/100 par\n|move|p2a: The Milotic Blue|Recover|p2a: The Milotic Blue\n|-heal|p2a: The Milotic Blue|68/100 par\n|\n|upkeep\n|turn|9\n|\n|t:|1695164422\n|switch|p1a: Great Tusk|Great Tusk|100/100\n|move|p2a: The Milotic Blue|Scald|p1a: Great Tusk\n|-supereffective|p1a: Great Tusk\n|-damage|p1a: Great Tusk|60/100\n|\n|upkeep\n|turn|10\n|\n|t:|1695164438\n|-end|p1a: Great Tusk|Protosynthesis|[silent]\n|switch|p1a: Kingambit|Kingambit, M|100/100\n|-damage|p1a: Kingambit|94/100|[from] Stealth Rock\n|cant|p2a: The Milotic Blue|par\n|\n|-heal|p1a: Kingambit|100/100|[from] item: Leftovers\n|upkeep\n|turn|11\n|\n|t:|1695164446\n|move|p1a: Kingambit|Swords Dance|p1a: Kingambit\n|-boost|p1a: Kingambit|atk|2\n|move|p2a: The Milotic Blue|Scald|p1a: Kingambit\n|-damage|p1a: Kingambit|88/100\n|\n|-heal|p1a: Kingambit|94/100|[from] item: Leftovers\n|-sideend|p1: ulillusion|move: Aurora Veil\n|upkeep\n|turn|12\n|\n|t:|1695164451\n|move|p1a: Kingambit|Kowtow Cleave|p2a: The Milotic Blue\n|-damage|p2a: The Milotic Blue|23/100 par\n|cant|p2a: The Milotic Blue|par\n|\n|-heal|p1a: Kingambit|100/100|[from] item: Leftovers\n|upkeep\n|turn|13\n|c|\u2606Bachata Shotta|no scald burns and parad on haze\n|c|\u2606Bachata Shotta|t bolt para\n|c|\u2606Bachata Shotta|tough game for you\n|\n|t:|1695164473\n|move|p1a: Kingambit|Kowtow Cleave|p2a: The Milotic Blue\n|-damage|p2a: The Milotic Blue|0 fnt\n|faint|p2a: The Milotic Blue\n|\n|upkeep\n|\n|t:|1695164482\n|switch|p2a: Black Ice|Samurott-Hisui, M|100/100\n|turn|14\n|inactive|ulillusion has 120 seconds left.\n|\n|t:|1695164528\n|move|p2a: Black Ice|Ceaseless Edge|p1a: Kingambit\n|-resisted|p1a: Kingambit\n|-damage|p1a: Kingambit|85/100\n|-sidestart|p1: ulillusion|Spikes\n|move|p1a: Kingambit|Swords Dance|p1a: Kingambit\n|-boost|p1a: Kingambit|atk|2\n|\n|-heal|p1a: Kingambit|92/100|[from] item: Leftovers\n|upkeep\n|turn|15\n|\n|t:|1695164542\n|move|p2a: Black Ice|Sacred Sword|p1a: Kingambit\n|-supereffective|p1a: Kingambit\n|-damage|p1a: Kingambit|0 fnt\n|faint|p1a: Kingambit\n|-end|p1a: Kingambit|fallenundefined|[silent]\n|\n|upkeep\n|inactive|ulillusion has 90 seconds left.\n|\n|t:|1695164570\n|switch|p1a: Ninetales|Ninetales-Alola, M|76/100\n|-damage|p1a: Ninetales|51/100|[from] Stealth Rock\n|-damage|p1a: Ninetales|38/100|[from] Spikes\n|-weather|Snow|[from] ability: Snow Warning|[of] p1a: Ninetales\n|turn|16\n|inactive|ulillusion has 90 seconds left.\n|\n|t:|1695164580\n|switch|p2a: Pin Kushin \ud83d\udeac|Clefable, F|100/100\n|move|p1a: Ninetales|Moonblast|p2a: Pin Kushin \ud83d\udeac\n|-damage|p2a: Pin Kushin \ud83d\udeac|80/100\n|\n|-weather|Snow|[upkeep]\n|-heal|p2a: Pin Kushin \ud83d\udeac|86/100|[from] item: Leftovers\n|upkeep\n|turn|17\n|\n|t:|1695164588\n|switch|p1a: Great Tusk|Great Tusk|60/100\n|move|p2a: Pin Kushin \ud83d\udeac|Knock Off|p1a: Great Tusk\n|-resisted|p1a: Great Tusk\n|-damage|p1a: Great Tusk|55/100\n|-enditem|p1a: Great Tusk|Heavy-Duty Boots|[from] move: Knock Off|[of] p2a: Pin Kushin \ud83d\udeac\n|\n|-weather|Snow|[upkeep]\n|-heal|p2a: Pin Kushin \ud83d\udeac|92/100|[from] item: Leftovers\n|upkeep\n|turn|18\n|inactive|ulillusion has 90 seconds left.\n|\n|t:|1695164605\n|-end|p1a: Great Tusk|Protosynthesis|[silent]\n|switch|p1a: Dragapult|Dragapult, F|100/100\n|-damage|p1a: Dragapult|88/100|[from] Stealth Rock\n|-damage|p1a: Dragapult|76/100|[from] Spikes\n|switch|p2a: Top Shotta|Sinistcha|100/100\n|\n|-weather|Snow|[upkeep]\n|upkeep\n|turn|19\n|inactive|ulillusion has 90 seconds left.\n|\n|t:|1695164626\n|switch|p2a: Pin Kushin \ud83d\udeac|Clefable, F|92/100\n|move|p1a: Dragapult|U-turn|p2a: Pin Kushin \ud83d\udeac\n|-resisted|p2a: Pin Kushin \ud83d\udeac\n|-damage|p2a: Pin Kushin \ud83d\udeac|71/100\n|\n|t:|1695164631\n|switch|p1a: Gholdengo|Gholdengo|78/100|[from] U-turn\n|-damage|p1a: Gholdengo|72/100|[from] Stealth Rock\n|-damage|p1a: Gholdengo|60/100|[from] Spikes\n|\n|-weather|Snow|[upkeep]\n|-heal|p2a: Pin Kushin \ud83d\udeac|77/100|[from] item: Leftovers\n|upkeep\n|turn|20\n|\n|t:|1695164655\n|switch|p2a: Top Shotta|Sinistcha|100/100\n|move|p1a: Gholdengo|Thunderbolt|p2a: Top Shotta\n|-resisted|p2a: Top Shotta\n|-damage|p2a: Top Shotta|84/100\n|\n|-weather|none\n|-heal|p2a: Top Shotta|90/100|[from] item: Leftovers\n|upkeep\n|turn|21\n|inactive|ulillusion has 90 seconds left.\n|\n|t:|1695164661\n|switch|p2a: Black Ice|Samurott-Hisui, M|100/100\n|move|p1a: Gholdengo|Shadow Ball|p2a: Black Ice\n|-resisted|p2a: Black Ice\n|-damage|p2a: Black Ice|70/100\n|-unboost|p2a: Black Ice|spd|1\n|\n|upkeep\n|turn|22\n|inactive|ulillusion has 90 seconds left.\n|\n|t:|1695164683\n|move|p2a: Black Ice|Ceaseless Edge|p1a: Gholdengo\n|-supereffective|p1a: Gholdengo\n|-damage|p1a: Gholdengo|0 fnt\n|-sidestart|p1: ulillusion|Spikes\n|faint|p1a: Gholdengo\n|\n|upkeep\n|\n|t:|1695164706\n|switch|p1a: Great Tusk|Great Tusk|55/100\n|-damage|p1a: Great Tusk|52/100|[from] Stealth Rock\n|-damage|p1a: Great Tusk|36/100|[from] Spikes\n|turn|23\n|\n|t:|1695164717\n|move|p1a: Great Tusk|Rapid Spin|p2a: Black Ice\n|-damage|p2a: Black Ice|47/100\n|-boost|p1a: Great Tusk|spe|1\n|-sideend|p1: ulillusion|Spikes|[from] move: Rapid Spin|[of] p1a: Great Tusk\n|-sideend|p1: ulillusion|Stealth Rock|[from] move: Rapid Spin|[of] p1a: Great Tusk\n|move|p2a: Black Ice|Razor Shell|p1a: Great Tusk\n|-supereffective|p1a: Great Tusk\n|-damage|p1a: Great Tusk|0 fnt\n|faint|p1a: Great Tusk\n|-end|p1a: Great Tusk|Protosynthesis|[silent]\n|\n|upkeep\n|inactive|ulillusion has 60 seconds left.\n|\n|t:|1695164741\n|switch|p1a: Landorus|Landorus-Therian, M|100/100\n|-ability|p1a: Landorus|Intimidate|boost\n|-unboost|p2a: Black Ice|atk|1\n|turn|24\n|inactive|ulillusion has 60 seconds left.\n|\n|t:|1695164748\n|-terastallize|p1a: Landorus|Flying\n|move|p1a: Landorus|Swords Dance|p1a: Landorus\n|-boost|p1a: Landorus|atk|2\n|move|p2a: Black Ice|Blizzard|p1a: Landorus\n|-supereffective|p1a: Landorus\n|-damage|p1a: Landorus|35/100\n|\n|upkeep\n|turn|25\n|inactive|ulillusion has 60 seconds left.\n|\n|t:|1695164761\n|move|p1a: Landorus|Earthquake|p2a: Black Ice\n|-damage|p2a: Black Ice|0 fnt\n|faint|p2a: Black Ice\n|\n|upkeep\n|\n|t:|1695164767\n|switch|p2a: Draga Nucua|Dragapult, M|100/100\n|turn|26\n|\n|t:|1695164777\n|switch|p1a: Ninetales|Ninetales-Alola, M|38/100\n|-weather|Snow|[from] ability: Snow Warning|[of] p1a: Ninetales\n|move|p2a: Draga Nucua|Shadow Ball|p1a: Ninetales\n|-crit|p1a: Ninetales\n|-damage|p1a: Ninetales|0 fnt\n|faint|p1a: Ninetales\n|\n|-weather|Snow|[upkeep]\n|upkeep\n|\n|t:|1695164780\n|switch|p1a: Dragapult|Dragapult, F|76/100\n|turn|27\n|\n|t:|1695164790\n|switch|p2a: Top Shotta|Sinistcha|90/100\n|move|p1a: Dragapult|Dragon Darts|p2a: Top Shotta\n|-damage|p2a: Top Shotta|52/100\n|-anim|p1a: Dragapult|Dragon Darts|p2a: Top Shotta\n|-damage|p2a: Top Shotta|19/100\n|\n|-weather|Snow|[upkeep]\n|-heal|p2a: Top Shotta|25/100|[from] item: Leftovers\n|upkeep\n|turn|28\n|\n|t:|1695164802\n|switch|p1a: Landorus|Landorus-Therian, M, tera:Flying|35/100\n|-ability|p1a: Landorus|Intimidate|boost\n|-unboost|p2a: Top Shotta|atk|1\n|move|p2a: Top Shotta|Shadow Ball|p1a: Landorus\n|-crit|p1a: Landorus\n|-damage|p1a: Landorus|0 fnt\n|faint|p1a: Landorus\n|\n|-weather|Snow|[upkeep]\n|-heal|p2a: Top Shotta|31/100|[from] item: Leftovers\n|upkeep\n|-message|ulillusion forfeited.\n|\n|win|Bachata Shotta\n|raw|ulillusion's rating: 1346 &rarr; <strong>1325</strong><br />(-21 for losing)\n|raw|Bachata Shotta's rating: 1337 &rarr; <strong>1358</strong><br />(+21 for winning)\n|l|\u2606ulillusion\n|c|\u2606Bachata Shotta|yikes\n", "uploadtime": 1695164815, "views": 1, "p1id": "ulillusion", "p2id": "bachatashotta", "formatid": "gen9ou", "rating": 1325, "private": 0, "password": ""}