{"id": "gen9ou-1947564021", "p1": "hmsa2012", "p2": "RainyPerson", "format": "gen9ou", "log": "|j|\u2606hmsa2012\n|j|\u2606RainyPerson\n|t:|1695172976\n|gametype|singles\n|player|p1|hmsa2012|steven|1589\n|player|p2|RainyPerson|266|1697\n|teamsize|p1|6\n|teamsize|p2|6\n|gen|9\n|tier|[Gen 9] OU\n|rated|\n|rule|Sleep Clause Mod: Limit one foe put to sleep\n|rule|Species Clause: Limit one of each Pok\u00e9mon\n|rule|OHKO Clause: OHKO moves are banned\n|rule|Evasion Items Clause: Evasion items are banned\n|rule|Evasion Moves Clause: Evasion moves are banned\n|rule|Endless Battle Clause: Forcing endless battles is banned\n|rule|HP Percentage Mod: HP is shown in percentages\n|clearpoke\n|poke|p1|Rillaboom, M|\n|poke|p1|Politoed, M|\n|poke|p1|Volcanion|\n|poke|p1|Ludicolo, M|\n|poke|p1|Torkoal, M|\n|poke|p1|Ogerpon-Hearthflame, F|\n|poke|p2|Iron Moth|\n|poke|p2|Ursaluna-Bloodmoon, M|\n|poke|p2|Great Tusk|\n|poke|p2|Fezandipiti, M|\n|poke|p2|Dragonite, F|\n|poke|p2|Iron Valiant|\n|teampreview\n|\n|t:|1695172999\n|start\n|switch|p1a: Politoed|Politoed, M, shiny|100/100\n|switch|p2a: Fezandipiti|Fezandipiti, M|100/100\n|-weather|RainDance|[from] ability: Drizzle|[of] p1a: Politoed\n|turn|1\n|\n|t:|1695173004\n|move|p2a: Fezandipiti|Gunk Shot|p1a: Politoed\n|-damage|p1a: Politoed|21/100\n|move|p1a: Politoed|Hypnosis|p2a: Fezandipiti\n|-status|p2a: Fezandipiti|slp|[from] move: Hypnosis\n|\n|-weather|RainDance|[upkeep]\n|upkeep\n|turn|2\n|\n|t:|1695173011\n|switch|p1a: Volcanion|Volcanion|100/100\n|cant|p2a: Fezandipiti|slp\n|\n|-weather|RainDance|[upkeep]\n|upkeep\n|turn|3\n|\n|t:|1695173017\n|switch|p2a: Ursaluna|Ursaluna-Bloodmoon, M|100/100\n|move|p1a: Volcanion|Steam Eruption|p2a: Ursaluna\n|-supereffective|p2a: Ursaluna\n|-damage|p2a: Ursaluna|0 fnt\n|faint|p2a: Ursaluna\n|\n|-weather|RainDance|[upkeep]\n|upkeep\n|\n|t:|1695173025\n|switch|p2a: Dragonite|Dragonite, F|100/100\n|turn|4\n|\n|t:|1695173031\n|move|p1a: Volcanion|Steam Eruption|p2a: Dragonite\n|-resisted|p2a: Dragonite\n|-damage|p2a: Dragonite|69/100\n|-status|p2a: Dragonite|brn\n|move|p2a: Dragonite|Dragon Dance|p2a: Dragonite\n|-boost|p2a: Dragonite|atk|1\n|-boost|p2a: Dragonite|spe|1\n|\n|-weather|RainDance|[upkeep]\n|-damage|p2a: Dragonite|63/100 brn|[from] brn\n|upkeep\n|turn|5\n|\n|t:|1695173038\n|move|p2a: Dragonite|Earthquake|p1a: Volcanion\n|-supereffective|p1a: Volcanion\n|-damage|p1a: Volcanion|47/100\n|move|p1a: Volcanion|Steam Eruption|p2a: Dragonite\n|-resisted|p2a: Dragonite\n|-damage|p2a: Dragonite|4/100 brn\n|\n|-weather|RainDance|[upkeep]\n|-damage|p2a: Dragonite|0 fnt|[from] brn\n|faint|p2a: Dragonite\n|upkeep\n|\n|t:|1695173043\n|switch|p2a: Great Tusk|Great Tusk|100/100\n|turn|6\n|\n|t:|1695173062\n|switch|p1a: Rillaboom|Rillaboom, M|100/100\n|-fieldstart|move: Grassy Terrain|[from] ability: Grassy Surge|[of] p1a: Rillaboom\n|move|p2a: Great Tusk|Earthquake|p1a: Rillaboom\n|-resisted|p1a: Rillaboom\n|-damage|p1a: Rillaboom|88/100\n|\n|-weather|RainDance|[upkeep]\n|-heal|p1a: Rillaboom|94/100|[from] Grassy Terrain\n|upkeep\n|turn|7\n|\n|t:|1695173069\n|-end|p2a: Great Tusk|Protosynthesis|[silent]\n|switch|p2a: Iron Moth|Iron Moth|100/100\n|-enditem|p2a: Iron Moth|Booster Energy\n|-activate|p2a: Iron Moth|ability: Quark Drive|[fromitem]\n|-start|p2a: Iron Moth|quarkdrivespe\n|move|p1a: Rillaboom|U-turn|p2a: Iron Moth\n|-resisted|p2a: Iron Moth\n|-damage|p2a: Iron Moth|88/100\n|\n|t:|1695173078\n|switch|p1a: Ludicolo|Ludicolo, M, shiny|100/100|[from] U-turn\n|\n|-weather|RainDance|[upkeep]\n|-heal|p2a: Iron Moth|94/100|[from] Grassy Terrain\n|upkeep\n|turn|8\n|\n|t:|1695173084\n|-terastallize|p2a: Iron Moth|Fairy\n|-terastallize|p1a: Ludicolo|Water\n|move|p2a: Iron Moth|Sludge Wave|p1a: Ludicolo\n|-damage|p1a: Ludicolo|46/100\n|-status|p1a: Ludicolo|psn\n|move|p1a: Ludicolo|Surf|p2a: Iron Moth\n|-damage|p2a: Iron Moth|0 fnt\n|faint|p2a: Iron Moth\n|-end|p2a: Iron Moth|Quark Drive|[silent]\n|-damage|p1a: Ludicolo|36/100 psn|[from] item: Life Orb\n|\n|-weather|none\n|-heal|p1a: Ludicolo|43/100 psn|[from] Grassy Terrain\n|-damage|p1a: Ludicolo|30/100 psn|[from] psn\n|upkeep\n|\n|t:|1695173094\n|switch|p2a: Fezandipiti|Fezandipiti, M|100/100 slp\n|turn|9\n|\n|t:|1695173108\n|switch|p1a: Politoed|Politoed, M, shiny|21/100\n|-weather|RainDance|[from] ability: Drizzle|[of] p1a: Politoed\n|cant|p2a: Fezandipiti|slp\n|\n|-weather|RainDance|[upkeep]\n|-heal|p1a: Politoed|27/100|[from] Grassy Terrain\n|upkeep\n|turn|10\n|\n|t:|1695173111\n|-curestatus|p2a: Fezandipiti|slp|[msg]\n|move|p2a: Fezandipiti|Gunk Shot|p1a: Politoed\n|-damage|p1a: Politoed|0 fnt\n|faint|p1a: Politoed\n|\n|-weather|RainDance|[upkeep]\n|-fieldend|move: Grassy Terrain\n|upkeep\n|\n|t:|1695173117\n|switch|p1a: Ludicolo|Ludicolo, M, shiny, tera:Water|30/100 psn\n|turn|11\n|\n|t:|1695173120\n|move|p1a: Ludicolo|Surf|p2a: Fezandipiti\n|-damage|p2a: Fezandipiti|15/100\n|-damage|p1a: Ludicolo|20/100 psn|[from] item: Life Orb\n|move|p2a: Fezandipiti|Gunk Shot|p1a: Ludicolo|[miss]\n|-miss|p2a: Fezandipiti|p1a: Ludicolo\n|\n|-weather|RainDance|[upkeep]\n|-damage|p1a: Ludicolo|8/100 psn|[from] psn\n|upkeep\n|turn|12\n|\n|t:|1695173126\n|move|p1a: Ludicolo|Surf|p2a: Fezandipiti\n|-damage|p2a: Fezandipiti|0 fnt\n|faint|p2a: Fezandipiti\n|-damage|p1a: Ludicolo|0 fnt|[from] item: Life Orb\n|faint|p1a: Ludicolo\n|\n|-weather|RainDance|[upkeep]\n|upkeep\n|\n|t:|1695173139\n|switch|p2a: Great Tusk|Great Tusk|100/100\n|switch|p1a: Rillaboom|Rillaboom, M|94/100\n|-fieldstart|move: Grassy Terrain|[from] ability: Grassy Surge|[of] p1a: Rillaboom\n|turn|13\n|\n|t:|1695173144\n|move|p1a: Rillaboom|Grassy Glide|p2a: Great Tusk\n|-supereffective|p2a: Great Tusk\n|-damage|p2a: Great Tusk|31/100\n|move|p2a: Great Tusk|Knock Off|p1a: Rillaboom\n|-crit|p1a: Rillaboom\n|-damage|p1a: Rillaboom|50/100\n|-enditem|p1a: Rillaboom|Choice Band|[from] move: Knock Off|[of] p2a: Great Tusk\n|\n|-weather|RainDance|[upkeep]\n|-heal|p2a: Great Tusk|37/100|[from] Grassy Terrain\n|-heal|p1a: Rillaboom|57/100|[from] Grassy Terrain\n|upkeep\n|turn|14\n|\n|t:|1695173153\n|move|p1a: Rillaboom|Grassy Glide|p2a: Great Tusk\n|-supereffective|p2a: Great Tusk\n|-damage|p2a: Great Tusk|0 fnt\n|faint|p2a: Great Tusk\n|-end|p2a: Great Tusk|Protosynthesis|[silent]\n|\n|-weather|RainDance|[upkeep]\n|-heal|p1a: Rillaboom|63/100|[from] Grassy Terrain\n|upkeep\n|\n|t:|1695173156\n|switch|p2a: Iron Valiant|Iron Valiant|100/100\n|-enditem|p2a: Iron Valiant|Booster Energy\n|-activate|p2a: Iron Valiant|ability: Quark Drive|[fromitem]\n|-start|p2a: Iron Valiant|quarkdrivespe\n|turn|15\n|\n|t:|1695173160\n|move|p1a: Rillaboom|Grassy Glide|p2a: Iron Valiant\n|-damage|p2a: Iron Valiant|52/100\n|move|p2a: Iron Valiant|Moonblast|p1a: Rillaboom\n|-damage|p1a: Rillaboom|3/100\n|\n|-weather|RainDance|[upkeep]\n|-heal|p2a: Iron Valiant|59/100|[from] Grassy Terrain\n|-heal|p1a: Rillaboom|10/100|[from] Grassy Terrain\n|upkeep\n|turn|16\n|\n|t:|1695173167\n|move|p1a: Rillaboom|Grassy Glide|p2a: Iron Valiant\n|-damage|p2a: Iron Valiant|5/100\n|move|p2a: Iron Valiant|Moonblast|p1a: Rillaboom\n|-damage|p1a: Rillaboom|0 fnt\n|faint|p1a: Rillaboom\n|\n|-weather|none\n|-heal|p2a: Iron Valiant|12/100|[from] Grassy Terrain\n|upkeep\n|\n|t:|1695173174\n|switch|p1a: Ogerpon|Ogerpon-Hearthflame, F|100/100\n|-ability|p1a: Ogerpon|Mold Breaker\n|turn|17\n|\n|t:|1695173176\n|move|p2a: Iron Valiant|Calm Mind|p2a: Iron Valiant\n|-boost|p2a: Iron Valiant|spa|1\n|-boost|p2a: Iron Valiant|spd|1\n|move|p1a: Ogerpon|Ivy Cudgel|p2a: Iron Valiant\n|-crit|p2a: Iron Valiant\n|-damage|p2a: Iron Valiant|0 fnt\n|faint|p2a: Iron Valiant\n|-end|p2a: Iron Valiant|Quark Drive|[silent]\n|\n|win|hmsa2012\n|raw|hmsa2012's rating: 1589 &rarr; <strong>1615</strong><br />(+26 for winning)\n|raw|RainyPerson's rating: 1697 &rarr; <strong>1671</strong><br />(-26 for losing)\n|l|\u2606RainyPerson\n", "uploadtime": 1695173189, "views": 4, "p1id": "hmsa2012", "p2id": "rainyperson", "formatid": "gen9ou", "rating": 1615, "private": 0, "password": ""}