{"id": "gen9ou-1947500466", "p1": "sandfan9", "p2": "mister opium", "format": "gen9ou", "log": "|j|\u2606sandfan9\n|j|\u2606mister opium\n|t:|1695166759\n|gametype|singles\n|player|p1|sandfan9|juan|1291\n|player|p2|mister opium|concordia|1298\n|teamsize|p1|6\n|teamsize|p2|6\n|gen|9\n|tier|[Gen 9] OU\n|rated|\n|rule|Sleep Clause Mod: Limit one foe put to sleep\n|rule|Species Clause: Limit one of each Pok\u00e9mon\n|rule|OHKO Clause: OHKO moves are banned\n|rule|Evasion Items Clause: Evasion items are banned\n|rule|Evasion Moves Clause: Evasion moves are banned\n|rule|Endless Battle Clause: Forcing endless battles is banned\n|rule|HP Percentage Mod: HP is shown in percentages\n|clearpoke\n|poke|p1|Samurott-Hisui, M|\n|poke|p1|Ogerpon-Hearthflame, F|\n|poke|p1|Great Tusk|\n|poke|p1|Dragapult, F|\n|poke|p1|Corviknight, M|\n|poke|p1|Slowking, F|\n|poke|p2|Gliscor, F|\n|poke|p2|Great Tusk|\n|poke|p2|Alomomola, M|\n|poke|p2|Corviknight, M|\n|poke|p2|Maushold-Four|\n|poke|p2|Clodsire, F|\n|teampreview\n|inactive|Battle timer is ON: inactive players will automatically lose when time's up. (requested by sandfan9)\n|\n|t:|1695166769\n|start\n|switch|p1a: Ceaseless Spikes|Samurott-Hisui, M|100/100\n|switch|p2a: Gliscor|Gliscor, F|100/100\n|turn|1\n|\n|t:|1695166793\n|switch|p2a: Alomomola|Alomomola, M|100/100\n|move|p1a: Ceaseless Spikes|Razor Shell|p2a: Alomomola\n|-resisted|p2a: Alomomola\n|-damage|p2a: Alomomola|86/100\n|-unboost|p2a: Alomomola|def|1\n|\n|upkeep\n|turn|2\n|inactive|mister opium has 120 seconds left.\n|\n|t:|1695166824\n|move|p1a: Ceaseless Spikes|Ceaseless Edge|p2a: Alomomola\n|-damage|p2a: Alomomola|52/100\n|-sidestart|p2: mister opium|Spikes\n|move|p2a: Alomomola|Whirlpool|p1a: Ceaseless Spikes\n|-resisted|p1a: Ceaseless Spikes\n|-damage|p1a: Ceaseless Spikes|96/100\n|-activate|p1a: Ceaseless Spikes|move: Whirlpool|[of] p2a: Alomomola\n|\n|-damage|p1a: Ceaseless Spikes|84/100|[from] move: Whirlpool|[partiallytrapped]\n|upkeep\n|turn|3\n|inactive|mister opium has 120 seconds left.\n|\n|t:|1695166831\n|move|p1a: Ceaseless Spikes|Razor Shell|p2a: Alomomola\n|-resisted|p2a: Alomomola\n|-damage|p2a: Alomomola|31/100\n|move|p2a: Alomomola|Wish|p2a: Alomomola\n|\n|-damage|p1a: Ceaseless Spikes|72/100|[from] move: Whirlpool|[partiallytrapped]\n|upkeep\n|turn|4\n|inactive|mister opium has 120 seconds left.\n|\n|t:|1695166848\n|switch|p2a: Great Tusk|Great Tusk|100/100\n|-damage|p2a: Great Tusk|88/100|[from] Spikes\n|move|p1a: Ceaseless Spikes|Ceaseless Edge|p2a: Great Tusk\n|-resisted|p2a: Great Tusk\n|-damage|p2a: Great Tusk|75/100\n|-sidestart|p2: mister opium|Spikes\n|\n|-heal|p2a: Great Tusk|100/100|[from] move: Wish|[wisher] Alomomola\n|-end|p1a: Ceaseless Spikes|Whirlpool|[partiallytrapped]|[silent]\n|upkeep\n|turn|5\n|inactive|mister opium has 120 seconds left.\n|\n|t:|1695166856\n|move|p1a: Ceaseless Spikes|Razor Shell|p2a: Great Tusk\n|-supereffective|p2a: Great Tusk\n|-damage|p2a: Great Tusk|48/100\n|-unboost|p2a: Great Tusk|def|1\n|move|p2a: Great Tusk|Close Combat|p1a: Ceaseless Spikes\n|-supereffective|p1a: Ceaseless Spikes\n|-damage|p1a: Ceaseless Spikes|0 fnt\n|-unboost|p2a: Great Tusk|def|1\n|-unboost|p2a: Great Tusk|spd|1\n|faint|p1a: Ceaseless Spikes\n|\n|-heal|p2a: Great Tusk|54/100|[from] item: Leftovers\n|upkeep\n|\n|t:|1695166863\n|switch|p1a: Highya :3|Ogerpon-Hearthflame, F|100/100\n|-ability|p1a: Highya :3|Mold Breaker\n|turn|6\n|\n|t:|1695166868\n|-end|p2a: Great Tusk|Protosynthesis|[silent]\n|switch|p2a: Clodsire|Clodsire, F|100/100\n|-damage|p2a: Clodsire|84/100|[from] Spikes\n|move|p1a: Highya :3|Horn Leech|p2a: Clodsire\n|-damage|p2a: Clodsire|35/100\n|\n|-heal|p2a: Clodsire|41/100|[from] item: Black Sludge\n|upkeep\n|turn|7\n|\n|t:|1695166878\n|move|p2a: Clodsire|Protect|p2a: Clodsire\n|-singleturn|p2a: Clodsire|Protect\n|move|p1a: Highya :3|Ivy Cudgel|p2a: Clodsire\n|-activate|p2a: Clodsire|move: Protect\n|\n|-heal|p2a: Clodsire|47/100|[from] item: Black Sludge\n|upkeep\n|turn|8\n|inactive|mister opium has 120 seconds left.\n|\n|t:|1695166911\n|switch|p2a: Alomomola|Alomomola, M|64/100\n|move|p1a: Highya :3|Ivy Cudgel|p2a: Alomomola\n|-resisted|p2a: Alomomola\n|-damage|p2a: Alomomola|49/100\n|\n|upkeep\n|turn|9\n|\n|t:|1695166917\n|switch|p2a: Corviknight|Corviknight, M|100/100\n|-ability|p2a: Corviknight|Pressure\n|move|p1a: Highya :3|Horn Leech|p2a: Corviknight\n|-resisted|p2a: Corviknight\n|-damage|p2a: Corviknight|92/100\n|-damage|p1a: Highya :3|84/100|[from] item: Rocky Helmet|[of] p2a: Corviknight\n|\n|upkeep\n|turn|10\n|inactive|mister opium has 120 seconds left.\n|\n|t:|1695166936\n|-terastallize|p2a: Corviknight|Dragon\n|move|p1a: Highya :3|Ivy Cudgel|p2a: Corviknight\n|-resisted|p2a: Corviknight\n|-crit|p2a: Corviknight\n|-damage|p2a: Corviknight|53/100\n|move|p2a: Corviknight|Iron Defense|p2a: Corviknight\n|-boost|p2a: Corviknight|def|2\n|\n|upkeep\n|turn|11\n|\n|t:|1695166944\n|move|p1a: Highya :3|U-turn|p2a: Corviknight\n|-damage|p2a: Corviknight|40/100\n|-damage|p1a: Highya :3|67/100|[from] item: Rocky Helmet|[of] p2a: Corviknight\n|\n|t:|1695166947\n|switch|p1a: Sped :p|Dragapult, F|100/100|[from] U-turn\n|move|p2a: Corviknight|Roost|p2a: Corviknight\n|-heal|p2a: Corviknight|90/100\n|\n|upkeep\n|turn|12\n|\n|t:|1695166954\n|switch|p2a: Clodsire|Clodsire, F|47/100\n|-damage|p2a: Clodsire|31/100|[from] Spikes\n|move|p1a: Sped :p|Shadow Ball|p2a: Clodsire\n|-crit|p2a: Clodsire\n|-damage|p2a: Clodsire|0 fnt\n|faint|p2a: Clodsire\n|\n|upkeep\n|\n|t:|1695166960\n|switch|p2a: Gliscor|Gliscor, F|100/100\n|turn|13\n|c|\u2606mister opium|uh oh\n|\n|t:|1695166967\n|move|p1a: Sped :p|Shadow Ball|p2a: Gliscor\n|-damage|p2a: Gliscor|24/100\n|move|p2a: Gliscor|Knock Off|p1a: Sped :p\n|-supereffective|p1a: Sped :p\n|-damage|p1a: Sped :p|29/100\n|-enditem|p1a: Sped :p|Choice Specs|[from] move: Knock Off|[of] p2a: Gliscor\n|\n|-status|p2a: Gliscor|tox|[from] item: Toxic Orb\n|upkeep\n|turn|14\n|\n|t:|1695166975\n|switch|p2a: Maushold|Maushold-Four|100/100\n|-damage|p2a: Maushold|84/100|[from] Spikes\n|move|p1a: Sped :p|Shadow Ball|p2a: Maushold\n|-immune|p2a: Maushold\n|\n|upkeep\n|turn|15\n|\n|t:|1695166978\n|move|p1a: Sped :p|Draco Meteor|p2a: Maushold|[miss]\n|-miss|p1a: Sped :p|p2a: Maushold\n|move|p2a: Maushold|Tidy Up|p2a: Maushold\n|-sideend|p2: mister opium|Spikes\n|-activate|p2a: Maushold|move: Tidy Up\n|-boost|p2a: Maushold|atk|1\n|-boost|p2a: Maushold|spe|1\n|\n|upkeep\n|turn|16\n|\n|t:|1695166982\n|move|p2a: Maushold|Bite|p1a: Sped :p\n|-supereffective|p1a: Sped :p\n|-crit|p1a: Sped :p\n|-damage|p1a: Sped :p|0 fnt\n|faint|p1a: Sped :p\n|\n|upkeep\n|\n|t:|1695166993\n|switch|p1a: Castle Gate|Corviknight, M|100/100\n|-ability|p1a: Castle Gate|Pressure\n|turn|17\n|\n|t:|1695167000\n|move|p2a: Maushold|U-turn|p1a: Castle Gate\n|-resisted|p1a: Castle Gate\n|-damage|p1a: Castle Gate|97/100\n|\n|t:|1695167008\n|switch|p2a: Alomomola|Alomomola, M|82/100|[from] U-turn\n|move|p1a: Castle Gate|Body Press|p2a: Alomomola\n|-damage|p2a: Alomomola|67/100\n|\n|-heal|p1a: Castle Gate|100/100|[from] item: Leftovers\n|upkeep\n|turn|18\n|\n|t:|1695167011\n|move|p1a: Castle Gate|U-turn|p2a: Alomomola\n|-damage|p2a: Alomomola|60/100\n|\n|t:|1695167013\n|switch|p1a: Highya :3|Ogerpon-Hearthflame, F|67/100|[from] U-turn\n|-ability|p1a: Highya :3|Mold Breaker\n|move|p2a: Alomomola|Whirlpool|p1a: Highya :3\n|-damage|p1a: Highya :3|60/100\n|-activate|p1a: Highya :3|move: Whirlpool|[of] p2a: Alomomola\n|\n|-damage|p1a: Highya :3|48/100|[from] move: Whirlpool|[partiallytrapped]\n|upkeep\n|turn|19\n|\n|t:|1695167022\n|move|p2a: Alomomola|Protect|p2a: Alomomola\n|-singleturn|p2a: Alomomola|Protect\n|move|p1a: Highya :3|Horn Leech|p2a: Alomomola\n|-activate|p2a: Alomomola|move: Protect\n|\n|-damage|p1a: Highya :3|36/100|[from] move: Whirlpool|[partiallytrapped]\n|upkeep\n|turn|20\n|\n|t:|1695167029\n|switch|p2a: Corviknight|Corviknight, M, tera:Dragon|90/100\n|-ability|p2a: Corviknight|Pressure\n|move|p1a: Highya :3|Knock Off|p2a: Corviknight\n|-damage|p2a: Corviknight|59/100\n|-damage|p1a: Highya :3|19/100|[from] item: Rocky Helmet|[of] p2a: Corviknight\n|-enditem|p2a: Corviknight|Rocky Helmet|[from] move: Knock Off|[of] p1a: Highya :3\n|\n|-end|p1a: Highya :3|Whirlpool|[partiallytrapped]|[silent]\n|upkeep\n|turn|21\n|\n|t:|1695167033\n|move|p1a: Highya :3|U-turn|p2a: Corviknight\n|-damage|p2a: Corviknight|37/100\n|\n|t:|1695167038\n|switch|p1a: Slowgoat|Slowking, F|100/100|[from] U-turn\n|move|p2a: Corviknight|U-turn|p1a: Slowgoat\n|-supereffective|p1a: Slowgoat\n|-damage|p1a: Slowgoat|80/100\n|\n|t:|1695167041\n|switch|p2a: Maushold|Maushold-Four|84/100|[from] U-turn\n|\n|-heal|p1a: Slowgoat|86/100|[from] item: Leftovers\n|upkeep\n|turn|22\n|\n|t:|1695167044\n|move|p2a: Maushold|Tidy Up|p2a: Maushold\n|-boost|p2a: Maushold|atk|1\n|-boost|p2a: Maushold|spe|1\n|move|p1a: Slowgoat|Scald|p2a: Maushold\n|-damage|p2a: Maushold|42/100\n|\n|-heal|p1a: Slowgoat|92/100|[from] item: Leftovers\n|upkeep\n|turn|23\n|\n|t:|1695167050\n|move|p2a: Maushold|Population Bomb|p1a: Slowgoat\n|-damage|p1a: Slowgoat|80/100\n|-damage|p1a: Slowgoat|67/100\n|-damage|p1a: Slowgoat|54/100\n|-damage|p1a: Slowgoat|42/100\n|-hitcount|p1a: Slowgoat|4\n|move|p1a: Slowgoat|Scald|p2a: Maushold\n|-damage|p2a: Maushold|3/100\n|\n|-heal|p1a: Slowgoat|48/100|[from] item: Leftovers\n|upkeep\n|turn|24\n|\n|t:|1695167060\n|switch|p1a: Castle Gate|Corviknight, M|100/100\n|-ability|p1a: Castle Gate|Pressure\n|move|p2a: Maushold|Population Bomb|p1a: Castle Gate\n|-resisted|p1a: Castle Gate\n|-damage|p1a: Castle Gate|95/100\n|-resisted|p1a: Castle Gate\n|-damage|p1a: Castle Gate|90/100\n|-resisted|p1a: Castle Gate\n|-damage|p1a: Castle Gate|85/100\n|-resisted|p1a: Castle Gate\n|-damage|p1a: Castle Gate|79/100\n|-resisted|p1a: Castle Gate\n|-damage|p1a: Castle Gate|74/100\n|-resisted|p1a: Castle Gate\n|-damage|p1a: Castle Gate|68/100\n|-resisted|p1a: Castle Gate\n|-damage|p1a: Castle Gate|62/100\n|-resisted|p1a: Castle Gate\n|-damage|p1a: Castle Gate|57/100\n|-resisted|p1a: Castle Gate\n|-damage|p1a: Castle Gate|51/100\n|-resisted|p1a: Castle Gate\n|-damage|p1a: Castle Gate|46/100\n|-hitcount|p1a: Castle Gate|10\n|\n|-heal|p1a: Castle Gate|52/100|[from] item: Leftovers\n|upkeep\n|turn|25\n|\n|t:|1695167073\n|move|p2a: Maushold|U-turn|p1a: Castle Gate\n|-resisted|p1a: Castle Gate\n|-damage|p1a: Castle Gate|48/100\n|\n|t:|1695167075\n|switch|p2a: Alomomola|Alomomola, M|93/100|[from] U-turn\n|move|p1a: Castle Gate|Roost|p1a: Castle Gate\n|-heal|p1a: Castle Gate|98/100\n|-singleturn|p1a: Castle Gate|move: Roost\n|\n|-heal|p1a: Castle Gate|100/100|[from] item: Leftovers\n|upkeep\n|turn|26\n|\n|t:|1695167078\n|move|p1a: Castle Gate|U-turn|p2a: Alomomola\n|-crit|p2a: Alomomola\n|-damage|p2a: Alomomola|81/100\n|\n|t:|1695167079\n|switch|p1a: Slowgoat|Slowking, F|81/100|[from] U-turn\n|move|p2a: Alomomola|Wish|p2a: Alomomola\n|\n|-heal|p1a: Slowgoat|87/100|[from] item: Leftovers\n|upkeep\n|turn|27\n|\n|t:|1695167084\n|switch|p2a: Corviknight|Corviknight, M, tera:Dragon|37/100\n|-ability|p2a: Corviknight|Pressure\n|move|p1a: Slowgoat|Future Sight|p2a: Corviknight\n|-start|p1a: Slowgoat|move: Future Sight\n|\n|-heal|p2a: Corviknight|100/100|[from] move: Wish|[wisher] Alomomola\n|-heal|p1a: Slowgoat|93/100|[from] item: Leftovers\n|upkeep\n|turn|28\n|\n|t:|1695167091\n|move|p2a: Corviknight|U-turn|p1a: Slowgoat\n|-supereffective|p1a: Slowgoat\n|-damage|p1a: Slowgoat|72/100\n|\n|t:|1695167094\n|switch|p2a: Alomomola|Alomomola, M|100/100|[from] U-turn\n|move|p1a: Slowgoat|Scald|p2a: Alomomola\n|-resisted|p2a: Alomomola\n|-damage|p2a: Alomomola|83/100\n|\n|-heal|p1a: Slowgoat|78/100|[from] item: Leftovers\n|upkeep\n|turn|29\n|\n|t:|1695167101\n|move|p2a: Alomomola|Wish|p2a: Alomomola\n|move|p1a: Slowgoat|Scald|p2a: Alomomola\n|-resisted|p2a: Alomomola\n|-damage|p2a: Alomomola|68/100\n|-status|p2a: Alomomola|brn\n|\n|-end|p2a: Alomomola|move: Future Sight\n|-damage|p2a: Alomomola|22/100 brn\n|-heal|p1a: Slowgoat|84/100|[from] item: Leftovers\n|-damage|p2a: Alomomola|16/100 brn|[from] brn\n|upkeep\n|turn|30\n|\n|t:|1695167112\n|move|p2a: Alomomola|Protect|p2a: Alomomola\n|-singleturn|p2a: Alomomola|Protect\n|move|p1a: Slowgoat|Future Sight|p2a: Alomomola\n|-start|p1a: Slowgoat|move: Future Sight\n|\n|-heal|p2a: Alomomola|66/100 brn|[from] move: Wish|[wisher] Alomomola\n|-heal|p1a: Slowgoat|90/100|[from] item: Leftovers\n|-damage|p2a: Alomomola|60/100 brn|[from] brn\n|upkeep\n|turn|31\n|\n|t:|1695167117\n|move|p2a: Alomomola|Wish|p2a: Alomomola\n|move|p1a: Slowgoat|Chilly Reception|p1a: Slowgoat\n|-weather|Snow\n|\n|t:|1695167121\n|switch|p1a: Highya :3|Ogerpon-Hearthflame, F|19/100|[from] Chilly Reception\n|-ability|p1a: Highya :3|Mold Breaker\n|\n|-weather|Snow|[upkeep]\n|-damage|p2a: Alomomola|53/100 brn|[from] brn\n|upkeep\n|turn|32\n|\n|t:|1695167124\n|move|p2a: Alomomola|Protect|p2a: Alomomola\n|-singleturn|p2a: Alomomola|Protect\n|move|p1a: Highya :3|Horn Leech|p2a: Alomomola\n|-activate|p2a: Alomomola|move: Protect\n|\n|-weather|Snow|[upkeep]\n|-end|p2a: Alomomola|move: Future Sight\n|-damage|p2a: Alomomola|4/100 brn\n|-heal|p2a: Alomomola|54/100 brn|[from] move: Wish|[wisher] Alomomola\n|-damage|p2a: Alomomola|48/100 brn|[from] brn\n|upkeep\n|turn|33\n|\n|t:|1695167131\n|switch|p2a: Corviknight|Corviknight, M, tera:Dragon|100/100\n|-ability|p2a: Corviknight|Pressure\n|move|p1a: Highya :3|Horn Leech|p2a: Corviknight\n|-resisted|p2a: Corviknight\n|-damage|p2a: Corviknight|84/100\n|-heal|p1a: Highya :3|30/100|[from] drain|[of] p2a: Corviknight\n|\n|-weather|Snow|[upkeep]\n|upkeep\n|turn|34\n|\n|t:|1695167137\n|move|p1a: Highya :3|U-turn|p2a: Corviknight\n|-damage|p2a: Corviknight|63/100\n|\n|t:|1695167140\n|switch|p1a: Castle Gate|Corviknight, M|100/100|[from] U-turn\n|-ability|p1a: Castle Gate|Pressure\n|move|p2a: Corviknight|U-turn|p1a: Castle Gate\n|-resisted|p1a: Castle Gate\n|-crit|p1a: Castle Gate\n|-damage|p1a: Castle Gate|97/100\n|\n|t:|1695167146\n|switch|p2a: Alomomola|Alomomola, M|81/100 brn|[from] U-turn\n|\n|-weather|Snow|[upkeep]\n|-heal|p1a: Castle Gate|100/100|[from] item: Leftovers\n|-damage|p2a: Alomomola|75/100 brn|[from] brn\n|upkeep\n|turn|35\n|\n|t:|1695167151\n|move|p1a: Castle Gate|U-turn|p2a: Alomomola\n|-damage|p2a: Alomomola|68/100 brn\n|\n|t:|1695167152\n|switch|p1a: Highya :3|Ogerpon-Hearthflame, F|30/100|[from] U-turn\n|-ability|p1a: Highya :3|Mold Breaker\n|move|p2a: Alomomola|Wish|p2a: Alomomola\n|\n|-weather|none\n|-damage|p2a: Alomomola|62/100 brn|[from] brn\n|upkeep\n|turn|36\n|\n|t:|1695167156\n|switch|p2a: Corviknight|Corviknight, M, tera:Dragon|63/100\n|-ability|p2a: Corviknight|Pressure\n|move|p1a: Highya :3|Horn Leech|p2a: Corviknight\n|-resisted|p2a: Corviknight\n|-damage|p2a: Corviknight|44/100\n|-heal|p1a: Highya :3|42/100|[from] drain|[of] p2a: Corviknight\n|\n|-heal|p2a: Corviknight|100/100|[from] move: Wish|[wisher] Alomomola\n|upkeep\n|turn|37\n|\n|t:|1695167162\n|move|p1a: Highya :3|U-turn|p2a: Corviknight\n|-damage|p2a: Corviknight|80/100\n|\n|t:|1695167164\n|switch|p1a: Slowgoat|Slowking, F|100/100|[from] U-turn\n|move|p2a: Corviknight|Iron Defense|p2a: Corviknight\n|-boost|p2a: Corviknight|def|2\n|\n|upkeep\n|turn|38\n|\n|t:|1695167168\n|move|p2a: Corviknight|U-turn|p1a: Slowgoat\n|-supereffective|p1a: Slowgoat\n|-damage|p1a: Slowgoat|78/100\n|\n|t:|1695167172\n|switch|p2a: Alomomola|Alomomola, M|95/100 brn|[from] U-turn\n|move|p1a: Slowgoat|Future Sight|p2a: Alomomola\n|-start|p1a: Slowgoat|move: Future Sight\n|\n|-heal|p1a: Slowgoat|84/100|[from] item: Leftovers\n|-damage|p2a: Alomomola|89/100 brn|[from] brn\n|upkeep\n|turn|39\n|\n|t:|1695167178\n|move|p2a: Alomomola|Wish|p2a: Alomomola\n|move|p1a: Slowgoat|Scald|p2a: Alomomola\n|-resisted|p2a: Alomomola\n|-damage|p2a: Alomomola|71/100 brn\n|\n|-heal|p1a: Slowgoat|90/100|[from] item: Leftovers\n|-damage|p2a: Alomomola|65/100 brn|[from] brn\n|upkeep\n|turn|40\n|\n|t:|1695167188\n|move|p2a: Alomomola|Protect|p2a: Alomomola\n|-singleturn|p2a: Alomomola|Protect\n|move|p1a: Slowgoat|Scald|p2a: Alomomola\n|-activate|p2a: Alomomola|move: Protect\n|\n|-end|p2a: Alomomola|move: Future Sight\n|-damage|p2a: Alomomola|16/100 brn\n|-heal|p2a: Alomomola|66/100 brn|[from] move: Wish|[wisher] Alomomola\n|-heal|p1a: Slowgoat|96/100|[from] item: Leftovers\n|-damage|p2a: Alomomola|60/100 brn|[from] brn\n|upkeep\n|turn|41\n|\n|t:|1695167191\n|move|p2a: Alomomola|Wish|p2a: Alomomola\n|move|p1a: Slowgoat|Future Sight|p2a: Alomomola\n|-start|p1a: Slowgoat|move: Future Sight\n|\n|-heal|p1a: Slowgoat|100/100|[from] item: Leftovers\n|-damage|p2a: Alomomola|54/100 brn|[from] brn\n|upkeep\n|turn|42\n|\n|t:|1695167196\n|switch|p2a: Corviknight|Corviknight, M, tera:Dragon|80/100\n|-ability|p2a: Corviknight|Pressure\n|move|p1a: Slowgoat|Chilly Reception|p1a: Slowgoat\n|-weather|Snow\n|\n|t:|1695167204\n|switch|p1a: Landorous-Therian|Great Tusk|100/100|[from] Chilly Reception\n|\n|-weather|Snow|[upkeep]\n|-heal|p2a: Corviknight|100/100|[from] move: Wish|[wisher] Alomomola\n|upkeep\n|turn|43\n|\n|t:|1695167211\n|move|p1a: Landorous-Therian|Close Combat|p2a: Corviknight\n|-damage|p2a: Corviknight|50/100\n|-unboost|p1a: Landorous-Therian|def|1\n|-unboost|p1a: Landorous-Therian|spd|1\n|move|p2a: Corviknight|Iron Defense|p2a: Corviknight\n|-boost|p2a: Corviknight|def|2\n|\n|-weather|Snow|[upkeep]\n|-end|p2a: Corviknight|move: Future Sight\n|-damage|p2a: Corviknight|21/100\n|upkeep\n|turn|44\n|\n|t:|1695167222\n|switch|p2a: Alomomola|Alomomola, M|87/100 brn\n|move|p1a: Landorous-Therian|Close Combat|p2a: Alomomola\n|-damage|p2a: Alomomola|51/100 brn\n|-unboost|p1a: Landorous-Therian|def|1\n|-unboost|p1a: Landorous-Therian|spd|1\n|\n|-weather|Snow|[upkeep]\n|-damage|p2a: Alomomola|45/100 brn|[from] brn\n|upkeep\n|turn|45\n|\n|t:|1695167230\n|-end|p1a: Landorous-Therian|Protosynthesis|[silent]\n|switch|p1a: Slowgoat|Slowking, F|100/100\n|move|p2a: Alomomola|Wish|p2a: Alomomola\n|\n|-weather|Snow|[upkeep]\n|-damage|p2a: Alomomola|39/100 brn|[from] brn\n|upkeep\n|turn|46\n|\n|t:|1695167235\n|switch|p2a: Maushold|Maushold-Four|3/100\n|move|p1a: Slowgoat|Future Sight|p2a: Maushold\n|-start|p1a: Slowgoat|move: Future Sight\n|\n|-weather|none\n|-heal|p2a: Maushold|95/100|[from] move: Wish|[wisher] Alomomola\n|upkeep\n|turn|47\n|\n|t:|1695167240\n|move|p2a: Maushold|Population Bomb|p1a: Slowgoat\n|-damage|p1a: Slowgoat|92/100\n|-damage|p1a: Slowgoat|82/100\n|-hitcount|p1a: Slowgoat|2\n|move|p1a: Slowgoat|Scald|p2a: Maushold\n|-damage|p2a: Maushold|57/100\n|-status|p2a: Maushold|brn\n|\n|-heal|p1a: Slowgoat|88/100|[from] item: Leftovers\n|-damage|p2a: Maushold|50/100 brn|[from] brn\n|upkeep\n|turn|48\n|c|\u2606mister opium|thats crazy\n|c|\u2606mister opium|its wide lens too\n|\n|t:|1695167258\n|switch|p2a: Alomomola|Alomomola, M|72/100 brn\n|move|p1a: Slowgoat|Scald|p2a: Alomomola\n|-resisted|p2a: Alomomola\n|-damage|p2a: Alomomola|57/100 brn\n|\n|-end|p2a: Alomomola|move: Future Sight\n|-damage|p2a: Alomomola|11/100 brn\n|-heal|p1a: Slowgoat|94/100|[from] item: Leftovers\n|-damage|p2a: Alomomola|5/100 brn|[from] brn\n|upkeep\n|turn|49\n|\n|t:|1695167268\n|move|p2a: Alomomola|Protect|p2a: Alomomola\n|-singleturn|p2a: Alomomola|Protect\n|move|p1a: Slowgoat|Future Sight|p2a: Alomomola\n|-start|p1a: Slowgoat|move: Future Sight\n|\n|-heal|p1a: Slowgoat|99/100|[from] item: Leftovers\n|-damage|p2a: Alomomola|0 fnt|[from] brn\n|faint|p2a: Alomomola\n|upkeep\n|-message|mister opium forfeited.\n|\n|win|sandfan9\n|raw|sandfan9's rating: 1291 &rarr; <strong>1317</strong><br />(+26 for winning)\n|raw|mister opium's rating: 1298 &rarr; <strong>1272</strong><br />(-26 for losing)\n|l|\u2606mister opium\n|c|\u2606sandfan9|SCALD GODS\n", "uploadtime": 1695167283, "views": 2, "p1id": "sandfan9", "p2id": "misteropium", "formatid": "gen9ou", "rating": 1272, "private": 0, "password": ""}