{"id": "gen9ou-1947511441", "p1": "Prismxj9", "p2": "Sam Lynskey", "format": "gen9ou", "log": "|j|\u2606Prismxj9\n|j|\u2606Sam Lynskey\n|t:|1695167834\n|gametype|singles\n|player|p1|Prismxj9|169|1505\n|player|p2|Sam Lynskey|1|1539\n|teamsize|p1|6\n|teamsize|p2|6\n|gen|9\n|tier|[Gen 9] OU\n|rated|\n|rule|Sleep Clause Mod: Limit one foe put to sleep\n|rule|Species Clause: Limit one of each Pok\u00e9mon\n|rule|OHKO Clause: OHKO moves are banned\n|rule|Evasion Items Clause: Evasion items are banned\n|rule|Evasion Moves Clause: Evasion moves are banned\n|rule|Endless Battle Clause: Forcing endless battles is banned\n|rule|HP Percentage Mod: HP is shown in percentages\n|clearpoke\n|poke|p1|Grimmsnarl, M|\n|poke|p1|Armarouge, M|\n|poke|p1|Ogerpon-Hearthflame, F|\n|poke|p1|Kingambit, F|\n|poke|p1|Ursaluna-Bloodmoon, M|\n|poke|p1|Dragonite, M|\n|poke|p2|Dragapult, M|\n|poke|p2|Corviknight, M|\n|poke|p2|Samurott-Hisui, M|\n|poke|p2|Iron Moth|\n|poke|p2|Clefable, M|\n|poke|p2|Slowking-Galar, M|\n|teampreview\n|\n|t:|1695167872\n|start\n|switch|p1a: Mr. Grimm|Grimmsnarl, M|100/100\n|switch|p2a: Corviknight|Corviknight, M|100/100\n|-ability|p2a: Corviknight|Pressure\n|turn|1\n|inactive|Battle timer is ON: inactive players will automatically lose when time's up. (requested by Prismxj9)\n|\n|t:|1695167890\n|move|p1a: Mr. Grimm|Light Screen|p1a: Mr. Grimm\n|-sidestart|p1: Prismxj9|move: Light Screen\n|move|p2a: Corviknight|Iron Defense|p2a: Corviknight\n|-boost|p2a: Corviknight|def|2\n|\n|upkeep\n|turn|2\n|\n|t:|1695167914\n|move|p1a: Mr. Grimm|Parting Shot|p2a: Corviknight\n|-unboost|p2a: Corviknight|atk|1\n|-unboost|p2a: Corviknight|spa|1\n|\n|t:|1695167917\n|switch|p1a: Charizard?|Dragonite, M|100/100|[from] Parting Shot\n|move|p2a: Corviknight|Iron Defense|p2a: Corviknight\n|-boost|p2a: Corviknight|def|2\n|\n|upkeep\n|turn|3\n|\n|t:|1695167924\n|move|p1a: Charizard?|Encore|p2a: Corviknight\n|-start|p2a: Corviknight|Encore\n|move|p2a: Corviknight|Iron Defense|p2a: Corviknight\n|-boost|p2a: Corviknight|def|2\n|\n|upkeep\n|turn|4\n|\n|t:|1695167931\n|switch|p2a: Clefable|Clefable, M|100/100\n|move|p1a: Charizard?|Fire Spin|p2a: Clefable\n|-damage|p2a: Clefable|92/100\n|-activate|p2a: Clefable|move: Fire Spin|[of] p1a: Charizard?\n|\n|-heal|p2a: Clefable|98/100|[from] item: Leftovers\n|upkeep\n|turn|5\n|\n|t:|1695167948\n|switch|p1a: HOT SHOT|Armarouge, M|100/100\n|move|p2a: Clefable|Moonblast|p1a: HOT SHOT\n|-resisted|p1a: HOT SHOT\n|-damage|p1a: HOT SHOT|91/100\n|\n|-heal|p2a: Clefable|100/100|[from] item: Leftovers\n|-end|p2a: Clefable|Fire Spin|[partiallytrapped]|[silent]\n|upkeep\n|turn|6\n|\n|t:|1695167965\n|switch|p2a: Slowking|Slowking-Galar, M|100/100\n|move|p1a: HOT SHOT|Iron Defense|p1a: HOT SHOT\n|-boost|p1a: HOT SHOT|def|2\n|\n|upkeep\n|turn|7\n|\n|t:|1695167976\n|move|p1a: HOT SHOT|Iron Defense|p1a: HOT SHOT\n|-boost|p1a: HOT SHOT|def|2\n|move|p2a: Slowking|Thunder Wave|p1a: HOT SHOT|[miss]\n|-miss|p2a: Slowking|p1a: HOT SHOT\n|\n|upkeep\n|turn|8\n|\n|t:|1695168003\n|move|p1a: HOT SHOT|Calm Mind|p1a: HOT SHOT\n|-boost|p1a: HOT SHOT|spa|1\n|-boost|p1a: HOT SHOT|spd|1\n|move|p2a: Slowking|Thunder Wave|p1a: HOT SHOT\n|-status|p1a: HOT SHOT|par\n|\n|-sideend|p1: Prismxj9|move: Light Screen\n|upkeep\n|turn|9\n|\n|t:|1695168011\n|move|p2a: Slowking|Trick|p1a: HOT SHOT\n|-activate|p2a: Slowking|move: Trick|[of] p1a: HOT SHOT\n|-item|p1a: HOT SHOT|Black Sludge|[from] move: Trick\n|-item|p2a: Slowking|Weakness Policy|[from] move: Trick\n|move|p1a: HOT SHOT|Calm Mind|p1a: HOT SHOT\n|-boost|p1a: HOT SHOT|spa|1\n|-boost|p1a: HOT SHOT|spd|1\n|\n|-damage|p1a: HOT SHOT|79/100 par|[from] item: Black Sludge\n|upkeep\n|turn|10\n|inactive|Sam Lynskey has 120 seconds left.\n|\n|t:|1695168049\n|move|p2a: Slowking|Sludge Bomb|p1a: HOT SHOT\n|-damage|p1a: HOT SHOT|59/100 par\n|move|p1a: HOT SHOT|Stored Power|p2a: Slowking\n|-damage|p2a: Slowking|0 fnt\n|faint|p2a: Slowking\n|\n|-damage|p1a: HOT SHOT|46/100 par|[from] item: Black Sludge\n|upkeep\n|inactive|Sam Lynskey has 90 seconds left.\n|\n|t:|1695168081\n|switch|p2a: Samurott|Samurott-Hisui, M|100/100\n|turn|11\n|\n|t:|1695168091\n|move|p2a: Samurott|Ceaseless Edge|p1a: HOT SHOT\n|-supereffective|p1a: HOT SHOT\n|-damage|p1a: HOT SHOT|2/100 par\n|-ability|p1a: HOT SHOT|Weak Armor|boost\n|-unboost|p1a: HOT SHOT|def|1\n|-boost|p1a: HOT SHOT|spe|2\n|-sidestart|p1: Prismxj9|Spikes\n|move|p1a: HOT SHOT|Aura Sphere|p2a: Samurott\n|-supereffective|p2a: Samurott\n|-damage|p2a: Samurott|0 fnt\n|faint|p2a: Samurott\n|\n|-damage|p1a: HOT SHOT|0 fnt|[from] item: Black Sludge\n|faint|p1a: HOT SHOT\n|upkeep\n|\n|t:|1695168111\n|switch|p2a: Iron Moth|Iron Moth|100/100\n|switch|p1a: Mr. Grimm|Grimmsnarl, M|100/100\n|-damage|p1a: Mr. Grimm|88/100|[from] Spikes\n|turn|12\n|\n|t:|1695168123\n|move|p1a: Mr. Grimm|Light Screen|p1a: Mr. Grimm\n|-sidestart|p1: Prismxj9|move: Light Screen\n|move|p2a: Iron Moth|Fiery Dance|p1a: Mr. Grimm\n|-damage|p1a: Mr. Grimm|64/100\n|-boost|p2a: Iron Moth|spa|1\n|\n|upkeep\n|turn|13\n|\n|t:|1695168131\n|move|p1a: Mr. Grimm|Parting Shot|p2a: Iron Moth\n|-unboost|p2a: Iron Moth|atk|1\n|-unboost|p2a: Iron Moth|spa|1\n|inactive|Prismxj9 has 120 seconds left.\n|\n|t:|1695168156\n|switch|p1a: PAPA BEAR|Ursaluna-Bloodmoon, M|100/100|[from] Parting Shot\n|-damage|p1a: PAPA BEAR|88/100|[from] Spikes\n|move|p2a: Iron Moth|Sludge Wave|p1a: PAPA BEAR\n|-resisted|p1a: PAPA BEAR\n|-damage|p1a: PAPA BEAR|76/100\n|\n|-heal|p1a: PAPA BEAR|82/100|[from] item: Leftovers\n|upkeep\n|turn|14\n|inactive|Prismxj9 has 120 seconds left.\n|\n|t:|1695168173\n|-end|p2a: Iron Moth|Quark Drive|[silent]\n|switch|p2a: Corviknight|Corviknight, M|100/100\n|-ability|p2a: Corviknight|Pressure\n|move|p1a: PAPA BEAR|Blood Moon|p2a: Corviknight\n|-resisted|p2a: Corviknight\n|-damage|p2a: Corviknight|73/100\n|\n|-heal|p2a: Corviknight|79/100|[from] item: Leftovers\n|-heal|p1a: PAPA BEAR|88/100|[from] item: Leftovers\n|upkeep\n|turn|15\n|\n|t:|1695168198\n|switch|p1a: Charizard?|Dragonite, M|100/100\n|move|p2a: Corviknight|U-turn|p1a: Charizard?\n|-resisted|p1a: Charizard?\n|-damage|p1a: Charizard?|98/100\n|inactive|Sam Lynskey has 90 seconds left.\n|\n|t:|1695168221\n|switch|p2a: Dragapult|Dragapult, M|100/100|[from] U-turn\n|\n|upkeep\n|turn|16\n|inactive|Sam Lynskey has 90 seconds left.\n|\n|t:|1695168239\n|-terastallize|p1a: Charizard?|Steel\n|move|p2a: Dragapult|Dragon Darts|p1a: Charizard?\n|-resisted|p1a: Charizard?\n|-damage|p1a: Charizard?|86/100\n|-anim|p2a: Dragapult|Dragon Darts|p1a: Charizard?\n|-resisted|p1a: Charizard?\n|-damage|p1a: Charizard?|74/100\n|move|p1a: Charizard?|Fire Spin|p2a: Dragapult\n|-resisted|p2a: Dragapult\n|-damage|p2a: Dragapult|95/100\n|-activate|p2a: Dragapult|move: Fire Spin|[of] p1a: Charizard?\n|\n|-damage|p2a: Dragapult|78/100|[from] move: Fire Spin|[partiallytrapped]\n|upkeep\n|turn|17\n|inactive|Sam Lynskey has 90 seconds left.\n|inactive|Prismxj9 has 90 seconds left.\n|\n|t:|1695168260\n|move|p2a: Dragapult|U-turn|p1a: Charizard?\n|-resisted|p1a: Charizard?\n|-damage|p1a: Charizard?|64/100\n|\n|t:|1695168269\n|switch|p2a: Corviknight|Corviknight, M|79/100|[from] U-turn\n|-ability|p2a: Corviknight|Pressure\n|move|p1a: Charizard?|Fire Spin|p2a: Corviknight\n|-supereffective|p2a: Corviknight\n|-damage|p2a: Corviknight|62/100\n|-activate|p2a: Corviknight|move: Fire Spin|[of] p1a: Charizard?\n|\n|-heal|p2a: Corviknight|69/100|[from] item: Leftovers\n|-damage|p2a: Corviknight|52/100|[from] move: Fire Spin|[partiallytrapped]\n|upkeep\n|turn|18\n|inactive|Prismxj9 has 90 seconds left.\n|\n|t:|1695168292\n|move|p1a: Charizard?|Roost|p1a: Charizard?\n|-heal|p1a: Charizard?|100/100\n|move|p2a: Corviknight|Body Press|p1a: Charizard?\n|-supereffective|p1a: Charizard?\n|-damage|p1a: Charizard?|75/100\n|\n|-heal|p2a: Corviknight|58/100|[from] item: Leftovers\n|-damage|p2a: Corviknight|42/100|[from] move: Fire Spin|[partiallytrapped]\n|upkeep\n|turn|19\n|inactive|Prismxj9 has 90 seconds left.\n|\n|t:|1695168302\n|move|p1a: Charizard?|Encore|p2a: Corviknight\n|-start|p2a: Corviknight|Encore\n|move|p2a: Corviknight|Body Press|p1a: Charizard?\n|-supereffective|p1a: Charizard?\n|-damage|p1a: Charizard?|28/100\n|\n|-heal|p2a: Corviknight|48/100|[from] item: Leftovers\n|-damage|p2a: Corviknight|32/100|[from] move: Fire Spin|[partiallytrapped]\n|-sideend|p1: Prismxj9|move: Light Screen\n|upkeep\n|turn|20\n|inactive|Prismxj9 has 90 seconds left.\n|\n|t:|1695168312\n|move|p1a: Charizard?|Roost|p1a: Charizard?\n|-heal|p1a: Charizard?|78/100\n|move|p2a: Corviknight|Body Press|p1a: Charizard?\n|-supereffective|p1a: Charizard?\n|-damage|p1a: Charizard?|34/100\n|\n|-heal|p2a: Corviknight|38/100|[from] item: Leftovers\n|-damage|p2a: Corviknight|21/100|[from] move: Fire Spin|[partiallytrapped]\n|upkeep\n|turn|21\n|inactive|Prismxj9 has 90 seconds left.\n|\n|t:|1695168322\n|move|p1a: Charizard?|Roost|p1a: Charizard?\n|-heal|p1a: Charizard?|84/100\n|move|p2a: Corviknight|Body Press|p1a: Charizard?\n|-supereffective|p1a: Charizard?\n|-damage|p1a: Charizard?|32/100\n|\n|-heal|p2a: Corviknight|28/100|[from] item: Leftovers\n|-end|p2a: Corviknight|Fire Spin|[partiallytrapped]\n|-end|p2a: Corviknight|Encore\n|upkeep\n|turn|22\n|inactive|Prismxj9 has 90 seconds left.\n|inactive|Sam Lynskey has 120 seconds left.\n|\n|t:|1695168343\n|move|p1a: Charizard?|Roost|p1a: Charizard?\n|-heal|p1a: Charizard?|82/100\n|move|p2a: Corviknight|Body Press|p1a: Charizard?\n|-supereffective|p1a: Charizard?\n|-damage|p1a: Charizard?|35/100\n|\n|-heal|p2a: Corviknight|34/100|[from] item: Leftovers\n|upkeep\n|turn|23\n|inactive|Prismxj9 has 60 seconds left.\n|\n|t:|1695168380\n|move|p1a: Charizard?|Encore|p2a: Corviknight\n|-start|p2a: Corviknight|Encore\n|move|p2a: Corviknight|Body Press|p1a: Charizard?\n|-supereffective|p1a: Charizard?\n|-damage|p1a: Charizard?|0 fnt\n|faint|p1a: Charizard?\n|\n|-heal|p2a: Corviknight|40/100|[from] item: Leftovers\n|upkeep\n|inactive|Prismxj9 has 30 seconds left.\n|inactive|Prismxj9 has 20 seconds left.\n|\n|t:|1695168425\n|switch|p1a: Mr. Grimm|Grimmsnarl, M|64/100\n|-damage|p1a: Mr. Grimm|51/100|[from] Spikes\n|turn|24\n|inactive|Prismxj9 has 30 seconds left this turn.\n|inactive|Sam Lynskey has 120 seconds left.\n|\n|t:|1695168452\n|move|p1a: Mr. Grimm|Reflect|p1a: Mr. Grimm\n|-sidestart|p1: Prismxj9|Reflect\n|move|p2a: Corviknight|Body Press|p1a: Mr. Grimm\n|-damage|p1a: Mr. Grimm|41/100\n|\n|-heal|p2a: Corviknight|46/100|[from] item: Leftovers\n|upkeep\n|turn|25\n|inactive|Sam Lynskey has 120 seconds left.\n|\n|t:|1695168471\n|move|p1a: Mr. Grimm|Light Screen|p1a: Mr. Grimm\n|-sidestart|p1: Prismxj9|move: Light Screen\n|move|p2a: Corviknight|Body Press|p1a: Mr. Grimm\n|-damage|p1a: Mr. Grimm|31/100\n|\n|-heal|p2a: Corviknight|53/100|[from] item: Leftovers\n|-end|p2a: Corviknight|Encore\n|upkeep\n|turn|26\n|\n|t:|1695168489\n|move|p1a: Mr. Grimm|Taunt|p2a: Corviknight\n|-start|p2a: Corviknight|move: Taunt\n|cant|p2a: Corviknight|move: Taunt|Roost\n|\n|-heal|p2a: Corviknight|59/100|[from] item: Leftovers\n|upkeep\n|turn|27\n|\n|t:|1695168497\n|move|p1a: Mr. Grimm|Parting Shot|p2a: Corviknight\n|-unboost|p2a: Corviknight|atk|1\n|-unboost|p2a: Corviknight|spa|1\n|\n|t:|1695168509\n|switch|p1a: Ogerpon|Ogerpon-Hearthflame, F|100/100|[from] Parting Shot\n|-damage|p1a: Ogerpon|88/100|[from] Spikes\n|-ability|p1a: Ogerpon|Mold Breaker\n|move|p2a: Corviknight|U-turn|p1a: Ogerpon\n|-damage|p1a: Ogerpon|82/100\n|inactive|Sam Lynskey has 120 seconds left.\n|\n|t:|1695168543\n|switch|p2a: Dragapult|Dragapult, M|78/100|[from] U-turn\n|\n|upkeep\n|turn|28\n|inactive|Prismxj9 has 30 seconds left.\n|inactive|Sam Lynskey has 90 seconds left.\n|inactive|Prismxj9 has 20 seconds left.\n|\n|t:|1695168575\n|move|p2a: Dragapult|Dragon Darts|p1a: Ogerpon\n|-damage|p1a: Ogerpon|45/100\n|-anim|p2a: Dragapult|Dragon Darts|p1a: Ogerpon\n|-damage|p1a: Ogerpon|11/100\n|move|p1a: Ogerpon|Ivy Cudgel|p2a: Dragapult\n|-resisted|p2a: Dragapult\n|-damage|p2a: Dragapult|36/100\n|\n|upkeep\n|turn|29\n|inactive|Prismxj9 has 30 seconds left this turn.\n|inactive|Prismxj9 has 20 seconds left.\n|inactive|Sam Lynskey has 90 seconds left.\n|\n|t:|1695168589\n|move|p2a: Dragapult|U-turn|p1a: Ogerpon\n|-damage|p1a: Ogerpon|0 fnt\n|faint|p1a: Ogerpon\n|inactive|Prismxj9 has 25 seconds left this turn.\n|\n|t:|1695168592\n|switch|p2a: Corviknight|Corviknight, M|59/100|[from] U-turn\n|-ability|p2a: Corviknight|Pressure\n|\n|-heal|p2a: Corviknight|65/100|[from] item: Leftovers\n|upkeep\n|inactive|Prismxj9 has 30 seconds left this turn.\n|inactive|Prismxj9 has 20 seconds left.\n|\n|t:|1695168605\n|switch|p1a: PAPA BEAR|Ursaluna-Bloodmoon, M|88/100\n|-damage|p1a: PAPA BEAR|76/100|[from] Spikes\n|turn|30\n|inactive|Prismxj9 has 30 seconds left this turn.\n|\n|t:|1695168613\n|move|p2a: Corviknight|Iron Defense|p2a: Corviknight\n|-boost|p2a: Corviknight|def|2\n|move|p1a: PAPA BEAR|Calm Mind|p1a: PAPA BEAR\n|-boost|p1a: PAPA BEAR|spa|1\n|-boost|p1a: PAPA BEAR|spd|1\n|\n|-heal|p2a: Corviknight|71/100|[from] item: Leftovers\n|-heal|p1a: PAPA BEAR|82/100|[from] item: Leftovers\n|upkeep\n|turn|31\n|inactive|Prismxj9 has 30 seconds left.\n|\n|t:|1695168622\n|move|p2a: Corviknight|Body Press|p1a: PAPA BEAR\n|-supereffective|p1a: PAPA BEAR\n|-damage|p1a: PAPA BEAR|50/100\n|move|p1a: PAPA BEAR|Blood Moon|p2a: Corviknight\n|-resisted|p2a: Corviknight\n|-damage|p2a: Corviknight|25/100\n|\n|-heal|p2a: Corviknight|31/100|[from] item: Leftovers\n|-heal|p1a: PAPA BEAR|56/100|[from] item: Leftovers\n|-sideend|p1: Prismxj9|Reflect\n|upkeep\n|turn|32\n|inactive|Prismxj9 has 30 seconds left.\n|\n|t:|1695168635\n|move|p2a: Corviknight|Roost|p2a: Corviknight\n|-heal|p2a: Corviknight|81/100\n|-singleturn|p2a: Corviknight|move: Roost\n|move|p1a: PAPA BEAR|Earth Power|p2a: Corviknight\n|-supereffective|p2a: Corviknight\n|-damage|p2a: Corviknight|0 fnt\n|faint|p2a: Corviknight\n|\n|-heal|p1a: PAPA BEAR|62/100|[from] item: Leftovers\n|-sideend|p1: Prismxj9|move: Light Screen\n|upkeep\n|\n|t:|1695168655\n|switch|p2a: Iron Moth|Iron Moth|100/100\n|turn|33\n|inactive|Prismxj9 has 30 seconds left.\n|\n|t:|1695168672\n|move|p2a: Iron Moth|Energy Ball|p1a: PAPA BEAR\n|-supereffective|p1a: PAPA BEAR\n|-damage|p1a: PAPA BEAR|23/100\n|move|p1a: PAPA BEAR|Blood Moon|p2a: Iron Moth\n|-damage|p2a: Iron Moth|0 fnt\n|faint|p2a: Iron Moth\n|-end|p2a: Iron Moth|Quark Drive|[silent]\n|\n|-heal|p1a: PAPA BEAR|29/100|[from] item: Leftovers\n|upkeep\n|\n|t:|1695168677\n|switch|p2a: Dragapult|Dragapult, M|36/100\n|turn|34\n|inactive|Prismxj9 has 30 seconds left.\n|inactive|Prismxj9 has 20 seconds left.\n|inactive|Prismxj9 has 15 seconds left.\n|inactive|Prismxj9 has 10 seconds left.\n|inactive|Prismxj9 has 5 seconds left.\n|\n|t:|1695168718\n|move|p2a: Dragapult|Dragon Darts|p1a: PAPA BEAR\n|-damage|p1a: PAPA BEAR|13/100\n|-anim|p2a: Dragapult|Dragon Darts|p1a: PAPA BEAR\n|-damage|p1a: PAPA BEAR|0 fnt\n|faint|p1a: PAPA BEAR\n|\n|upkeep\n|inactive|Prismxj9 has 10 seconds left this turn.\n|inactive|Prismxj9 has 5 seconds left.\n|\n|t:|1695168726\n|switch|p1a: Mr. Grimm|Grimmsnarl, M|31/100\n|-damage|p1a: Mr. Grimm|18/100|[from] Spikes\n|turn|35\n|inactive|Prismxj9 has 15 seconds left this turn.\n|inactive|Prismxj9 has 10 seconds left.\n|inactive|Sam Lynskey has 120 seconds left.\n|\n|t:|1695168732\n|move|p1a: Mr. Grimm|Reflect|p1a: Mr. Grimm\n|-sidestart|p1: Prismxj9|Reflect\n|move|p2a: Dragapult|U-turn|p1a: Mr. Grimm\n|-damage|p1a: Mr. Grimm|0 fnt\n|faint|p1a: Mr. Grimm\n|inactive|Prismxj9 has 15 seconds left this turn.\n|\n|t:|1695168736\n|switch|p2a: Clefable|Clefable, M|100/100|[from] U-turn\n|\n|upkeep\n|inactive|Prismxj9 has 20 seconds left this turn.\n|\n|t:|1695168740\n|switch|p1a: CHECKMATE|Kingambit, F|100/100\n|-damage|p1a: CHECKMATE|88/100|[from] Spikes\n|-activate|p1a: CHECKMATE|ability: Supreme Overlord\n|-start|p1a: CHECKMATE|fallen5|[silent]\n|turn|36\n|inactive|Prismxj9 has 30 seconds left this turn.\n|\n|t:|1695168747\n|-terastallize|p2a: Clefable|Steel\n|move|p2a: Clefable|Flamethrower|p1a: CHECKMATE\n|-supereffective|p1a: CHECKMATE\n|-damage|p1a: CHECKMATE|62/100\n|move|p1a: CHECKMATE|Iron Head|p2a: Clefable\n|-resisted|p2a: Clefable\n|-damage|p2a: Clefable|76/100\n|\n|-heal|p2a: Clefable|82/100|[from] item: Leftovers\n|upkeep\n|turn|37\n|inactive|Prismxj9 has 30 seconds left.\n|\n|t:|1695168758\n|move|p2a: Clefable|Flamethrower|p1a: CHECKMATE\n|-supereffective|p1a: CHECKMATE\n|-damage|p1a: CHECKMATE|38/100\n|move|p1a: CHECKMATE|Low Kick|p2a: Clefable\n|-supereffective|p2a: Clefable\n|-damage|p2a: Clefable|26/100\n|\n|-heal|p2a: Clefable|32/100|[from] item: Leftovers\n|upkeep\n|turn|38\n|inactive|Prismxj9 has 30 seconds left.\n|\n|t:|1695168770\n|move|p2a: Clefable|Flamethrower|p1a: CHECKMATE\n|-supereffective|p1a: CHECKMATE\n|-damage|p1a: CHECKMATE|12/100\n|move|p1a: CHECKMATE|Low Kick|p2a: Clefable\n|-supereffective|p2a: Clefable\n|-damage|p2a: Clefable|0 fnt\n|faint|p2a: Clefable\n|\n|upkeep\n|\n|t:|1695168773\n|switch|p2a: Dragapult|Dragapult, M|36/100\n|turn|39\n|\n|t:|1695168781\n|move|p1a: CHECKMATE|Sucker Punch||[still]\n|-fail|p1a: CHECKMATE\n|move|p2a: Dragapult|Thunder Wave|p1a: CHECKMATE\n|-status|p1a: CHECKMATE|par\n|\n|upkeep\n|turn|40\n|\n|t:|1695168789\n|move|p2a: Dragapult|Dragon Darts|p1a: CHECKMATE\n|-resisted|p1a: CHECKMATE\n|-damage|p1a: CHECKMATE|2/100 par\n|-anim|p2a: Dragapult|Dragon Darts|p1a: CHECKMATE\n|-resisted|p1a: CHECKMATE\n|-crit|p1a: CHECKMATE\n|-damage|p1a: CHECKMATE|0 fnt\n|faint|p1a: CHECKMATE\n|-end|p1a: CHECKMATE|fallen5|[silent]\n|\n|win|Sam Lynskey\n|raw|Prismxj9's rating: 1505 &rarr; <strong>1487</strong><br />(-18 for losing)\n|raw|Sam Lynskey's rating: 1539 &rarr; <strong>1557</strong><br />(+18 for winning)\n|l|\u2606Prismxj9\n|c|\u2606Sam Lynskey|gg cool team btw\n", "uploadtime": 1695168801, "views": 1, "p1id": "prismxj9", "p2id": "samlynskey", "formatid": "gen9ou", "rating": 1487, "private": 0, "password": ""}