{"id": "gen9ou-1947567083", "p1": "BOX CRUSHER", "p2": "SnovyLoverFan675", "format": "gen9ou", "log": "|j|\u2606BOX CRUSHER\n|j|\u2606SnovyLoverFan675\n|t:|1695173274\n|gametype|singles\n|player|p1|BOX CRUSHER|ruinmaniac|1221\n|player|p2|SnovyLoverFan675|2|1166\n|teamsize|p1|6\n|teamsize|p2|6\n|gen|9\n|tier|[Gen 9] OU\n|rated|\n|rule|Sleep Clause Mod: Limit one foe put to sleep\n|rule|Species Clause: Limit one of each Pok\u00e9mon\n|rule|OHKO Clause: OHKO moves are banned\n|rule|Evasion Items Clause: Evasion items are banned\n|rule|Evasion Moves Clause: Evasion moves are banned\n|rule|Endless Battle Clause: Forcing endless battles is banned\n|rule|HP Percentage Mod: HP is shown in percentages\n|clearpoke\n|poke|p1|Scizor, M|\n|poke|p1|Dachsbun, F|\n|poke|p1|Muk-Alola, M|\n|poke|p1|Garchomp, M|\n|poke|p1|Cryogonal|\n|poke|p1|Corviknight, F|\n|poke|p2|Sinistcha|\n|poke|p2|Klefki, M|\n|poke|p2|Regidrago|\n|poke|p2|Sneasler, M|\n|poke|p2|Iron Moth|\n|poke|p2|Great Tusk|\n|teampreview\n|\n|t:|1695173284\n|start\n|switch|p1a: '09 weezy|Scizor, M|100/100\n|switch|p2a: Iron Moth|Iron Moth|100/100\n|-enditem|p2a: Iron Moth|Booster Energy\n|-activate|p2a: Iron Moth|ability: Quark Drive|[fromitem]\n|-start|p2a: Iron Moth|quarkdrivespa\n|turn|1\n|\n|t:|1695173329\n|-end|p2a: Iron Moth|Quark Drive|[silent]\n|switch|p2a: Klefki|Klefki, M|100/100\n|switch|p1a: REDDIT GOD|Muk-Alola, M|100/100\n|\n|upkeep\n|turn|2\n|\n|t:|1695173335\n|switch|p1a: Digimon|Dachsbun, F|100/100\n|move|p2a: Klefki|Thunder Wave|p1a: Digimon\n|-status|p1a: Digimon|par\n|\n|upkeep\n|turn|3\n|\n|t:|1695173340\n|move|p2a: Klefki|Switcheroo|p1a: Digimon\n|-activate|p2a: Klefki|move: Trick|[of] p1a: Digimon\n|-item|p1a: Digimon|Ring Target|[from] move: Switcheroo\n|-item|p2a: Klefki|Rocky Helmet|[from] move: Switcheroo\n|move|p1a: Digimon|Copycat||[still]\n|-fail|p1a: Digimon\n|\n|upkeep\n|turn|4\n|inactive|Battle timer is ON: inactive players will automatically lose when time's up. (requested by BOX CRUSHER)\n|\n|t:|1695173351\n|switch|p2a: Iron Moth|Iron Moth|100/100\n|switch|p1a: REDDIT GOD|Muk-Alola, M|100/100\n|\n|upkeep\n|turn|5\n|\n|t:|1695173358\n|move|p2a: Iron Moth|Fiery Dance|p1a: REDDIT GOD\n|-damage|p1a: REDDIT GOD|77/100\n|move|p1a: REDDIT GOD|Rock Tomb|p2a: Iron Moth\n|-supereffective|p2a: Iron Moth\n|-damage|p2a: Iron Moth|33/100\n|-unboost|p2a: Iron Moth|spe|1\n|\n|upkeep\n|turn|6\n|\n|t:|1695173371\n|-end|p2a: Iron Moth|Quark Drive|[silent]\n|switch|p2a: Great Tusk|Great Tusk|100/100\n|move|p1a: REDDIT GOD|Rock Tomb|p2a: Great Tusk\n|-resisted|p2a: Great Tusk\n|-damage|p2a: Great Tusk|97/100\n|-unboost|p2a: Great Tusk|spe|1\n|\n|upkeep\n|turn|7\n|\n|t:|1695173383\n|-end|p2a: Great Tusk|Protosynthesis|[silent]\n|switch|p2a: Klefki|Klefki, M|100/100\n|switch|p1a: Digimon|Dachsbun, F|100/100 par\n|\n|upkeep\n|turn|8\n|\n|t:|1695173389\n|move|p2a: Klefki|Play Rough|p1a: Digimon\n|-damage|p1a: Digimon|83/100 par\n|move|p1a: Digimon|Wish|p1a: Digimon\n|\n|upkeep\n|turn|9\n|\n|t:|1695173401\n|switch|p1a: REDDIT GOD|Muk-Alola, M|77/100\n|move|p2a: Klefki|Spikes|p1a: REDDIT GOD\n|-sidestart|p1: BOX CRUSHER|Spikes\n|\n|-heal|p1a: REDDIT GOD|100/100|[from] move: Wish|[wisher] Digimon\n|upkeep\n|turn|10\n|\n|t:|1695173420\n|switch|p2a: Great Tusk|Great Tusk|97/100\n|move|p1a: REDDIT GOD|Knock Off|p2a: Great Tusk\n|-resisted|p2a: Great Tusk\n|-damage|p2a: Great Tusk|82/100\n|-enditem|p2a: Great Tusk|Assault Vest|[from] move: Knock Off|[of] p1a: REDDIT GOD\n|\n|upkeep\n|turn|11\n|\n|t:|1695173432\n|switch|p1a: Digimon|Dachsbun, F|83/100 par\n|-damage|p1a: Digimon|71/100 par|[from] Spikes\n|move|p2a: Great Tusk|Headlong Rush|p1a: Digimon\n|-damage|p1a: Digimon|23/100 par\n|-unboost|p2a: Great Tusk|def|1\n|-unboost|p2a: Great Tusk|spd|1\n|\n|upkeep\n|turn|12\n|\n|t:|1695173441\n|-end|p2a: Great Tusk|Protosynthesis|[silent]\n|switch|p2a: Klefki|Klefki, M|100/100\n|switch|p1a: IRS|Corviknight, F|100/100\n|-ability|p1a: IRS|Pressure\n|\n|upkeep\n|turn|13\n|\n|t:|1695173464\n|switch|p1a: BLUE PILL CHAD|Garchomp, M|100/100\n|-damage|p1a: BLUE PILL CHAD|88/100|[from] Spikes\n|move|p2a: Klefki|Spikes|p1a: BLUE PILL CHAD\n|-sidestart|p1: BOX CRUSHER|Spikes\n|\n|upkeep\n|turn|14\n|\n|t:|1695173475\n|switch|p2a: Sinistcha|Sinistcha|100/100\n|move|p1a: BLUE PILL CHAD|Stealth Rock|p2a: Sinistcha\n|-sidestart|p2: SnovyLoverFan675|move: Stealth Rock\n|\n|upkeep\n|turn|15\n|\n|t:|1695173484\n|switch|p1a: REDDIT GOD|Muk-Alola, M|100/100\n|-damage|p1a: REDDIT GOD|84/100|[from] Spikes\n|move|p2a: Sinistcha|Scald|p1a: REDDIT GOD\n|-crit|p1a: REDDIT GOD\n|-damage|p1a: REDDIT GOD|59/100\n|-status|p1a: REDDIT GOD|brn\n|\n|-damage|p1a: REDDIT GOD|53/100 brn|[from] brn\n|upkeep\n|turn|16\n|\n|t:|1695173495\n|switch|p2a: Great Tusk|Great Tusk|82/100\n|-damage|p2a: Great Tusk|79/100|[from] Stealth Rock\n|move|p1a: REDDIT GOD|Poison Fang|p2a: Great Tusk\n|-resisted|p2a: Great Tusk\n|-damage|p2a: Great Tusk|75/100\n|-status|p2a: Great Tusk|tox\n|\n|-damage|p2a: Great Tusk|69/100 tox|[from] psn\n|-damage|p1a: REDDIT GOD|47/100 brn|[from] brn\n|upkeep\n|turn|17\n|\n|t:|1695173510\n|switch|p1a: BLUE PILL CHAD|Garchomp, M|88/100\n|-damage|p1a: BLUE PILL CHAD|72/100|[from] Spikes\n|move|p2a: Great Tusk|Rapid Spin|p1a: BLUE PILL CHAD\n|-damage|p1a: BLUE PILL CHAD|52/100\n|-boost|p2a: Great Tusk|spe|1\n|-damage|p2a: Great Tusk|57/100 tox|[from] ability: Rough Skin|[of] p1a: BLUE PILL CHAD\n|-sideend|p2: SnovyLoverFan675|Stealth Rock|[from] move: Rapid Spin|[of] p2a: Great Tusk\n|\n|-damage|p2a: Great Tusk|44/100 tox|[from] psn\n|upkeep\n|turn|18\n|\n|t:|1695173522\n|-end|p2a: Great Tusk|Protosynthesis|[silent]\n|switch|p2a: Sinistcha|Sinistcha|100/100\n|move|p1a: BLUE PILL CHAD|Stealth Rock|p2a: Sinistcha\n|-sidestart|p2: SnovyLoverFan675|move: Stealth Rock\n|\n|upkeep\n|turn|19\n|\n|t:|1695173532\n|switch|p1a: Cryptocurrency|Cryogonal|100/100\n|move|p2a: Sinistcha|Matcha Gotcha|p1a: Cryptocurrency\n|-damage|p1a: Cryptocurrency|63/100\n|\n|upkeep\n|turn|20\n|\n|t:|1695173544\n|switch|p2a: Klefki|Klefki, M|100/100\n|-damage|p2a: Klefki|95/100|[from] Stealth Rock\n|move|p1a: Cryptocurrency|Ice Beam|p2a: Klefki\n|-resisted|p2a: Klefki\n|-damage|p2a: Klefki|72/100\n|\n|upkeep\n|turn|21\n|\n|t:|1695173550\n|switch|p1a: BLUE PILL CHAD|Garchomp, M|52/100\n|-damage|p1a: BLUE PILL CHAD|36/100|[from] Spikes\n|move|p2a: Klefki|Thunder Wave|p1a: BLUE PILL CHAD\n|-immune|p1a: BLUE PILL CHAD\n|\n|upkeep\n|turn|22\n|\n|t:|1695173557\n|switch|p2a: Sinistcha|Sinistcha|100/100\n|move|p1a: BLUE PILL CHAD|Spikes|p2a: Sinistcha\n|-sidestart|p2: SnovyLoverFan675|Spikes\n|\n|upkeep\n|turn|23\n|\n|t:|1695173563\n|switch|p1a: Cryptocurrency|Cryogonal|63/100\n|move|p2a: Sinistcha|Matcha Gotcha|p1a: Cryptocurrency\n|-damage|p1a: Cryptocurrency|21/100\n|\n|upkeep\n|turn|24\n|\n|t:|1695173571\n|switch|p2a: Klefki|Klefki, M|72/100\n|-damage|p2a: Klefki|66/100|[from] Stealth Rock\n|-damage|p2a: Klefki|54/100|[from] Spikes\n|move|p1a: Cryptocurrency|Recover|p1a: Cryptocurrency\n|-heal|p1a: Cryptocurrency|71/100\n|\n|upkeep\n|turn|25\n|\n|t:|1695173576\n|switch|p1a: BLUE PILL CHAD|Garchomp, M|36/100\n|-damage|p1a: BLUE PILL CHAD|19/100|[from] Spikes\n|move|p2a: Klefki|Play Rough|p1a: BLUE PILL CHAD\n|-supereffective|p1a: BLUE PILL CHAD\n|-damage|p1a: BLUE PILL CHAD|0 fnt\n|-damage|p2a: Klefki|41/100|[from] ability: Rough Skin|[of] p1a: BLUE PILL CHAD\n|faint|p1a: BLUE PILL CHAD\n|\n|upkeep\n|\n|t:|1695173592\n|switch|p1a: '09 weezy|Scizor, M|100/100\n|-damage|p1a: '09 weezy|84/100|[from] Spikes\n|turn|26\n|\n|t:|1695173602\n|move|p2a: Klefki|Thunder Wave|p1a: '09 weezy\n|-status|p1a: '09 weezy|par\n|cant|p1a: '09 weezy|par\n|\n|upkeep\n|turn|27\n|\n|t:|1695173612\n|switch|p2a: Great Tusk|Great Tusk|44/100 tox\n|-damage|p2a: Great Tusk|41/100 tox|[from] Stealth Rock\n|-damage|p2a: Great Tusk|29/100 tox|[from] Spikes\n|move|p1a: '09 weezy|U-turn|p2a: Great Tusk\n|-resisted|p2a: Great Tusk\n|-damage|p2a: Great Tusk|9/100 tox\n|\n|t:|1695173626\n|switch|p1a: Cryptocurrency|Cryogonal|71/100|[from] U-turn\n|\n|-damage|p2a: Great Tusk|3/100 tox|[from] psn\n|upkeep\n|turn|28\n|\n|t:|1695173631\n|move|p1a: Cryptocurrency|Rapid Spin|p2a: Great Tusk\n|-damage|p2a: Great Tusk|0 fnt\n|-boost|p1a: Cryptocurrency|spe|1\n|-sideend|p1: BOX CRUSHER|Spikes|[from] move: Rapid Spin|[of] p1a: Cryptocurrency\n|faint|p2a: Great Tusk\n|-end|p2a: Great Tusk|Protosynthesis|[silent]\n|\n|upkeep\n|\n|t:|1695173636\n|switch|p2a: Iron Moth|Iron Moth|33/100\n|-damage|p2a: Iron Moth|8/100|[from] Stealth Rock\n|-damage|p2a: Iron Moth|0 fnt|[from] Spikes\n|faint|p2a: Iron Moth\n|-end|p2a: Iron Moth|Quark Drive|[silent]\n|\n|t:|1695173641\n|switch|p2a: Regidrago|Regidrago|100/100\n|-damage|p2a: Regidrago|88/100|[from] Stealth Rock\n|-damage|p2a: Regidrago|76/100|[from] Spikes\n|turn|29\n|\n|t:|1695173646\n|-terastallize|p2a: Regidrago|Dragon\n|move|p1a: Cryptocurrency|Ice Beam|p2a: Regidrago\n|-supereffective|p2a: Regidrago\n|-damage|p2a: Regidrago|0 fnt\n|faint|p2a: Regidrago\n|\n|upkeep\n|-message|SnovyLoverFan675 forfeited.\n|\n|win|BOX CRUSHER\n|raw|BOX CRUSHER's rating: 1221 &rarr; <strong>1242</strong><br />(+21 for winning)\n|raw|SnovyLoverFan675's rating: 1166 &rarr; <strong>1145</strong><br />(-21 for losing)\n|l|\u2606SnovyLoverFan675\n", "uploadtime": 1695173655, "views": 2, "p1id": "boxcrusher", "p2id": "snovyloverfan675", "formatid": "gen9ou", "rating": 1145, "private": 0, "password": ""}