{"id": "gen9ou-1947505748", "p1": "Moeparks123", "p2": "FilthyTryhardScum", "format": "gen9ou", "log": "|j|\u2606Moeparks123\n|j|\u2606FilthyTryhardScum\n|t:|1695167280\n|gametype|singles\n|player|p1|Moeparks123|1|1337\n|player|p2|FilthyTryhardScum|swimmer-gen4dp|1429\n|teamsize|p1|6\n|teamsize|p2|6\n|gen|9\n|tier|[Gen 9] OU\n|rated|\n|rule|Sleep Clause Mod: Limit one foe put to sleep\n|rule|Species Clause: Limit one of each Pok\u00e9mon\n|rule|OHKO Clause: OHKO moves are banned\n|rule|Evasion Items Clause: Evasion items are banned\n|rule|Evasion Moves Clause: Evasion moves are banned\n|rule|Endless Battle Clause: Forcing endless battles is banned\n|rule|HP Percentage Mod: HP is shown in percentages\n|clearpoke\n|poke|p1|Torterra, M|\n|poke|p1|Ninetales-Alola, F|\n|poke|p1|Glimmora, F|\n|poke|p1|Skeledirge, M|\n|poke|p1|Goodra-Hisui, M|\n|poke|p1|Zapdos|\n|poke|p2|Torkoal, F|\n|poke|p2|Ogerpon-Hearthflame, F|\n|poke|p2|Roaring Moon|\n|poke|p2|Walking Wake|\n|poke|p2|Hatterene, F|\n|poke|p2|Great Tusk|\n|teampreview\n|inactive|Battle timer is ON: inactive players will automatically lose when time's up. (requested by FilthyTryhardScum)\n|c|\u2606FilthyTryhardScum|gl hf\n|\n|t:|1695167296\n|start\n|switch|p1a: Glimmora|Glimmora, F|100/100\n|switch|p2a: Great Tusk|Great Tusk|100/100\n|turn|1\n|\n|t:|1695167300\n|switch|p1a: Zapdos|Zapdos|100/100\n|move|p2a: Great Tusk|Earthquake|p1a: Zapdos\n|-immune|p1a: Zapdos\n|\n|upkeep\n|turn|2\n|\n|t:|1695167310\n|-end|p2a: Great Tusk|Protosynthesis|[silent]\n|switch|p2a: Hatterene|Hatterene, F|100/100\n|move|p1a: Zapdos|Hurricane|p2a: Hatterene|[miss]\n|-miss|p1a: Zapdos|p2a: Hatterene\n|\n|upkeep\n|turn|3\n|\n|t:|1695167318\n|switch|p1a: Goodra|Goodra-Hisui, M|100/100\n|move|p2a: Hatterene|Psyshock|p1a: Goodra\n|-resisted|p1a: Goodra\n|-damage|p1a: Goodra|83/100\n|\n|upkeep\n|turn|4\n|\n|t:|1695167328\n|switch|p2a: Torkoal|Torkoal, F|100/100\n|-weather|SunnyDay|[from] ability: Drought|[of] p2a: Torkoal\n|move|p1a: Goodra|Flash Cannon|p2a: Torkoal\n|-resisted|p2a: Torkoal\n|-damage|p2a: Torkoal|84/100\n|\n|-weather|SunnyDay|[upkeep]\n|upkeep\n|turn|5\n|\n|t:|1695167342\n|switch|p2a: Hatterene|Hatterene, F|100/100\n|move|p1a: Goodra|Draco Meteor|p2a: Hatterene\n|-immune|p2a: Hatterene\n|\n|-weather|SunnyDay|[upkeep]\n|upkeep\n|turn|6\n|\n|t:|1695167350\n|switch|p1a: Glimmora|Glimmora, F|100/100\n|move|p2a: Hatterene|Nuzzle|p1a: Glimmora\n|-damage|p1a: Glimmora|97/100\n|-status|p1a: Glimmora|par\n|-activate|p1a: Glimmora|ability: Toxic Debris\n|-sidestart|p2: FilthyTryhardScum|move: Toxic Spikes\n|\n|-weather|SunnyDay|[upkeep]\n|upkeep\n|turn|7\n|\n|t:|1695167362\n|move|p1a: Glimmora|Stealth Rock|p2a: Hatterene\n|move|p2a: Hatterene|Stealth Rock|p1a: Glimmora|[from]ability: Magic Bounce\n|-sidestart|p1: Moeparks123|move: Stealth Rock\n|move|p2a: Hatterene|Psyshock|p1a: Glimmora\n|-supereffective|p1a: Glimmora\n|-damage|p1a: Glimmora|24/100 par\n|\n|-weather|SunnyDay|[upkeep]\n|upkeep\n|turn|8\n|\n|t:|1695167373\n|move|p1a: Glimmora|Mortal Spin|p2a: Hatterene\n|-supereffective|p2a: Hatterene\n|-damage|p2a: Hatterene|87/100\n|-status|p2a: Hatterene|psn\n|-sideend|p1: Moeparks123|Stealth Rock|[from] move: Mortal Spin|[of] p1a: Glimmora\n|-enditem|p2a: Hatterene|Eject Button\n|\n|t:|1695167388\n|switch|p2a: Great Tusk|Great Tusk|100/100\n|-status|p2a: Great Tusk|psn\n|-activate|p2a: Great Tusk|ability: Protosynthesis\n|-start|p2a: Great Tusk|protosynthesisspe\n|\n|-weather|SunnyDay|[upkeep]\n|-damage|p2a: Great Tusk|88/100 psn|[from] psn\n|upkeep\n|turn|9\n|\n|t:|1695167398\n|switch|p1a: Ninetales|Ninetales-Alola, F|100/100\n|-weather|Snow|[from] ability: Snow Warning|[of] p1a: Ninetales\n|-end|p2a: Great Tusk|Protosynthesis\n|move|p2a: Great Tusk|Rapid Spin|p1a: Ninetales\n|-damage|p1a: Ninetales|86/100\n|-boost|p2a: Great Tusk|spe|1\n|-sideend|p2: FilthyTryhardScum|Toxic Spikes|[from] move: Rapid Spin|[of] p2a: Great Tusk\n|\n|-weather|Snow|[upkeep]\n|-heal|p2a: Great Tusk|94/100 psn|[from] item: Leftovers\n|-damage|p2a: Great Tusk|82/100 psn|[from] psn\n|upkeep\n|turn|10\n|\n|t:|1695167415\n|-end|p2a: Great Tusk|Protosynthesis|[silent]\n|switch|p2a: Torkoal|Torkoal, F|84/100\n|-weather|SunnyDay|[from] ability: Drought|[of] p2a: Torkoal\n|move|p1a: Ninetales|Aurora Veil||[still]\n|-fail|p1a: Ninetales\n|\n|-weather|SunnyDay|[upkeep]\n|upkeep\n|turn|11\n|\n|t:|1695167420\n|switch|p1a: Skeledirge|Skeledirge, M|100/100\n|move|p2a: Torkoal|Stealth Rock|p1a: Skeledirge\n|-sidestart|p1: Moeparks123|move: Stealth Rock\n|\n|-weather|SunnyDay|[upkeep]\n|upkeep\n|turn|12\n|\n|t:|1695167425\n|move|p1a: Skeledirge|Torch Song|p2a: Torkoal\n|-resisted|p2a: Torkoal\n|-damage|p2a: Torkoal|63/100\n|-boost|p1a: Skeledirge|spa|1\n|move|p2a: Torkoal|Yawn|p1a: Skeledirge\n|-start|p1a: Skeledirge|move: Yawn|[of] p2a: Torkoal\n|\n|-weather|SunnyDay|[upkeep]\n|upkeep\n|turn|13\n|\n|t:|1695167436\n|switch|p1a: Glimmora|Glimmora, F|24/100 par\n|switch|p2a: Walking Wake|Walking Wake|100/100\n|-activate|p2a: Walking Wake|ability: Protosynthesis\n|-start|p2a: Walking Wake|protosynthesisspa\n|\n|-weather|SunnyDay|[upkeep]\n|upkeep\n|turn|14\n|\n|t:|1695167443\n|switch|p1a: Goodra|Goodra-Hisui, M|83/100\n|-damage|p1a: Goodra|77/100|[from] Stealth Rock\n|move|p2a: Walking Wake|Hydro Steam|p1a: Goodra\n|-resisted|p1a: Goodra\n|-damage|p1a: Goodra|53/100\n|\n|-weather|SunnyDay|[upkeep]\n|upkeep\n|turn|15\n|\n|t:|1695167453\n|-end|p2a: Walking Wake|Protosynthesis|[silent]\n|switch|p2a: Hatterene|Hatterene, F|87/100 psn\n|move|p1a: Goodra|Flash Cannon|p2a: Hatterene\n|-supereffective|p2a: Hatterene\n|-crit|p2a: Hatterene\n|-damage|p2a: Hatterene|0 fnt\n|faint|p2a: Hatterene\n|\n|-weather|SunnyDay|[upkeep]\n|upkeep\n|\n|t:|1695167458\n|switch|p2a: Ogerpon|Ogerpon-Hearthflame, F|100/100\n|-ability|p2a: Ogerpon|Mold Breaker\n|turn|16\n|\n|t:|1695167478\n|switch|p1a: Glimmora|Glimmora, F|24/100 par\n|move|p2a: Ogerpon|Swords Dance|p2a: Ogerpon\n|-boost|p2a: Ogerpon|atk|2\n|\n|-weather|SunnyDay|[upkeep]\n|upkeep\n|turn|17\n|\n|t:|1695167484\n|move|p2a: Ogerpon|Trailblaze|p1a: Glimmora\n|-damage|p1a: Glimmora|0 fnt\n|-boost|p2a: Ogerpon|spe|1\n|-activate|p1a: Glimmora|ability: Toxic Debris\n|-sidestart|p2: FilthyTryhardScum|move: Toxic Spikes\n|faint|p1a: Glimmora\n|\n|-weather|none\n|upkeep\n|\n|t:|1695167503\n|switch|p1a: Zapdos|Zapdos|100/100\n|-damage|p1a: Zapdos|76/100|[from] Stealth Rock\n|turn|18\n|\n|t:|1695167512\n|move|p2a: Ogerpon|Ivy Cudgel|p1a: Zapdos\n|-damage|p1a: Zapdos|0 fnt\n|faint|p1a: Zapdos\n|\n|upkeep\n|\n|t:|1695167516\n|switch|p1a: Ninetales|Ninetales-Alola, F|86/100\n|-damage|p1a: Ninetales|61/100|[from] Stealth Rock\n|-weather|Snow|[from] ability: Snow Warning|[of] p1a: Ninetales\n|turn|19\n|\n|t:|1695167520\n|move|p2a: Ogerpon|Ivy Cudgel|p1a: Ninetales\n|-supereffective|p1a: Ninetales\n|-damage|p1a: Ninetales|0 fnt\n|faint|p1a: Ninetales\n|\n|-weather|Snow|[upkeep]\n|upkeep\n|\n|t:|1695167525\n|switch|p1a: Torterra|Torterra, M|100/100\n|-damage|p1a: Torterra|94/100|[from] Stealth Rock\n|turn|20\n|\n|t:|1695167532\n|-terastallize|p1a: Torterra|Fire\n|move|p2a: Ogerpon|Ivy Cudgel|p1a: Torterra\n|-resisted|p1a: Torterra\n|-damage|p1a: Torterra|36/100\n|move|p1a: Torterra|Shell Smash|p1a: Torterra\n|-unboost|p1a: Torterra|def|1\n|-unboost|p1a: Torterra|spd|1\n|-boost|p1a: Torterra|atk|2\n|-boost|p1a: Torterra|spa|2\n|-boost|p1a: Torterra|spe|2\n|-enditem|p1a: Torterra|White Herb\n|-clearnegativeboost|p1a: Torterra|[silent]\n|\n|-weather|Snow|[upkeep]\n|upkeep\n|turn|21\n|\n|t:|1695167548\n|move|p2a: Ogerpon|Ivy Cudgel|p1a: Torterra\n|-resisted|p1a: Torterra\n|-damage|p1a: Torterra|0 fnt\n|faint|p1a: Torterra\n|\n|-weather|Snow|[upkeep]\n|upkeep\n|\n|t:|1695167554\n|switch|p1a: Skeledirge|Skeledirge, M|100/100\n|-damage|p1a: Skeledirge|75/100|[from] Stealth Rock\n|turn|22\n|\n|t:|1695167560\n|move|p2a: Ogerpon|Ivy Cudgel|p1a: Skeledirge\n|-resisted|p1a: Skeledirge\n|-damage|p1a: Skeledirge|37/100\n|move|p1a: Skeledirge|Torch Song|p2a: Ogerpon\n|-damage|p2a: Ogerpon|65/100\n|-boost|p1a: Skeledirge|spa|1\n|\n|-weather|Snow|[upkeep]\n|-heal|p1a: Skeledirge|43/100|[from] item: Leftovers\n|upkeep\n|turn|23\n|\n|t:|1695167571\n|move|p2a: Ogerpon|Ivy Cudgel|p1a: Skeledirge\n|-resisted|p1a: Skeledirge\n|-crit|p1a: Skeledirge\n|-damage|p1a: Skeledirge|0 fnt\n|faint|p1a: Skeledirge\n|\n|-weather|none\n|upkeep\n|\n|t:|1695167578\n|switch|p1a: Goodra|Goodra-Hisui, M|53/100\n|-damage|p1a: Goodra|47/100|[from] Stealth Rock\n|turn|24\n|\n|t:|1695167583\n|move|p2a: Ogerpon|Ivy Cudgel|p1a: Goodra\n|-damage|p1a: Goodra|0 fnt\n|faint|p1a: Goodra\n|\n|win|FilthyTryhardScum\n|raw|Moeparks123's rating: 1337 &rarr; <strong>1322</strong><br />(-15 for losing)\n|raw|FilthyTryhardScum's rating: 1429 &rarr; <strong>1444</strong><br />(+15 for winning)\n|c|\u2606FilthyTryhardScum|gg\n|l|\u2606Moeparks123\n|l|\u2606FilthyTryhardScum\n|j|\u2606FilthyTryhardScum\n|player|p2|FilthyTryhardScum|swimmer-gen4dp\n", "uploadtime": 1695167703, "views": 1, "p1id": "moeparks123", "p2id": "filthytryhardscum", "formatid": "gen9ou", "rating": 1322, "private": 0, "password": ""}