{"id": "gen9ou-1947498091", "p1": "Treadex", "p2": "Big Goober 666", "format": "gen9ou", "log": "|j|\u2606Treadex\n|j|\u203dBig Goober 666\n|t:|1695166516\n|gametype|singles\n|player|p1|Treadex|fisherman-gen4|1740\n|player|p2|Big Goober 666|169|1814\n|teamsize|p1|6\n|teamsize|p2|6\n|gen|9\n|tier|[Gen 9] OU\n|rated|\n|rule|Sleep Clause Mod: Limit one foe put to sleep\n|rule|Species Clause: Limit one of each Pok\u00e9mon\n|rule|OHKO Clause: OHKO moves are banned\n|rule|Evasion Items Clause: Evasion items are banned\n|rule|Evasion Moves Clause: Evasion moves are banned\n|rule|Endless Battle Clause: Forcing endless battles is banned\n|rule|HP Percentage Mod: HP is shown in percentages\n|clearpoke\n|poke|p1|Probopass, F|\n|poke|p1|Slowking-Galar, M|\n|poke|p1|Cinderace, F|\n|poke|p1|Dragapult, M|\n|poke|p1|Ursaluna-Bloodmoon, M|\n|poke|p1|Mandibuzz, F|\n|poke|p2|Gliscor, M|\n|poke|p2|Corviknight, F|\n|poke|p2|Toxapex, F|\n|poke|p2|Dragapult, F|\n|poke|p2|Blissey, F|\n|poke|p2|Clefable, F|\n|teampreview\n|inactive|Battle timer is ON: inactive players will automatically lose when time's up. (requested by Big Goober 666)\n|\n|t:|1695166530\n|start\n|switch|p1a: Slowking|Slowking-Galar, M|100/100\n|switch|p2a: Gliscor|Gliscor, M|100/100\n|turn|1\n|\n|t:|1695166536\n|move|p2a: Gliscor|Knock Off|p1a: Slowking\n|-supereffective|p1a: Slowking\n|-damage|p1a: Slowking|55/100\n|-enditem|p1a: Slowking|Heavy-Duty Boots|[from] move: Knock Off|[of] p2a: Gliscor\n|move|p1a: Slowking|Future Sight|p2a: Gliscor\n|-start|p1a: Slowking|move: Future Sight\n|\n|-status|p2a: Gliscor|tox|[from] item: Toxic Orb\n|upkeep\n|turn|2\n|j| sodynamic\n|\n|t:|1695166541\n|switch|p1a: Ursaluna|Ursaluna-Bloodmoon, M|100/100\n|move|p2a: Gliscor|Earthquake|p1a: Ursaluna\n|-damage|p1a: Ursaluna|78/100\n|\n|-heal|p1a: Ursaluna|84/100|[from] item: Leftovers\n|upkeep\n|turn|3\n|\n|t:|1695166548\n|switch|p2a: Blissey|Blissey, F|100/100\n|move|p1a: Ursaluna|Calm Mind|p1a: Ursaluna\n|-boost|p1a: Ursaluna|spa|1\n|-boost|p1a: Ursaluna|spd|1\n|\n|-end|p2a: Blissey|move: Future Sight\n|-damage|p2a: Blissey|85/100\n|-heal|p1a: Ursaluna|90/100|[from] item: Leftovers\n|upkeep\n|turn|4\n|c| sodynamic|goatpass\n|j| I Like DS the 2nd\n|\n|t:|1695166555\n|switch|p2a: Corviknight|Corviknight, F|100/100\n|-ability|p2a: Corviknight|Pressure\n|move|p1a: Ursaluna|Blood Moon|p2a: Corviknight\n|-resisted|p2a: Corviknight\n|-damage|p2a: Corviknight|40/100\n|\n|-heal|p2a: Corviknight|47/100|[from] item: Leftovers\n|-heal|p1a: Ursaluna|96/100|[from] item: Leftovers\n|upkeep\n|turn|5\n|\n|t:|1695166562\n|move|p2a: Corviknight|Iron Defense|p2a: Corviknight\n|-boost|p2a: Corviknight|def|2\n|move|p1a: Ursaluna|Calm Mind|p1a: Ursaluna\n|-boost|p1a: Ursaluna|spa|1\n|-boost|p1a: Ursaluna|spd|1\n|\n|-heal|p2a: Corviknight|53/100|[from] item: Leftovers\n|-heal|p1a: Ursaluna|100/100|[from] item: Leftovers\n|upkeep\n|turn|6\n|\n|t:|1695166567\n|-terastallize|p2a: Corviknight|Fighting\n|-terastallize|p1a: Ursaluna|Fighting\n|move|p2a: Corviknight|Body Press|p1a: Ursaluna\n|-damage|p1a: Ursaluna|49/100\n|move|p1a: Ursaluna|Blood Moon|p2a: Corviknight\n|-damage|p2a: Corviknight|0 fnt\n|faint|p2a: Corviknight\n|\n|-heal|p1a: Ursaluna|55/100|[from] item: Leftovers\n|upkeep\n|\n|t:|1695166576\n|switch|p2a: Clefable|Clefable, F|100/100\n|turn|7\n|\n|t:|1695166584\n|switch|p1a: Slowking|Slowking-Galar, M|89/100\n|move|p2a: Clefable|Moonblast|p1a: Slowking\n|-resisted|p1a: Slowking\n|-damage|p1a: Slowking|79/100\n|\n|upkeep\n|turn|8\n|\n|t:|1695166590\n|switch|p2a: Dragapult|Dragapult, F|100/100\n|move|p1a: Slowking|Future Sight|p2a: Dragapult\n|-start|p1a: Slowking|move: Future Sight\n|\n|upkeep\n|turn|9\n|\n|t:|1695166596\n|switch|p1a: Mandibuzz|Mandibuzz, F|100/100\n|move|p2a: Dragapult|Shadow Ball|p1a: Mandibuzz\n|-resisted|p1a: Mandibuzz\n|-damage|p1a: Mandibuzz|80/100\n|-unboost|p1a: Mandibuzz|spd|1\n|\n|upkeep\n|turn|10\n|j| Gggfffr\n|\n|t:|1695166605\n|switch|p2a: Blissey|Blissey, F|85/100\n|move|p1a: Mandibuzz|U-turn|p2a: Blissey\n|-damage|p2a: Blissey|75/100\n|\n|t:|1695166615\n|switch|p1a: Cinderace|Cinderace, F|100/100|[from] U-turn\n|\n|-end|p2a: Blissey|move: Future Sight\n|-damage|p2a: Blissey|60/100\n|upkeep\n|turn|11\n|\n|t:|1695166623\n|move|p1a: Cinderace|Pyro Ball|p2a: Blissey\n|-damage|p2a: Blissey|9/100\n|move|p2a: Blissey|Soft-Boiled|p2a: Blissey\n|-heal|p2a: Blissey|59/100\n|\n|upkeep\n|turn|12\n|j| Little Cuack\n|\n|t:|1695166628\n|move|p1a: Cinderace|Pyro Ball|p2a: Blissey\n|-damage|p2a: Blissey|10/100\n|move|p2a: Blissey|Soft-Boiled|p2a: Blissey\n|-heal|p2a: Blissey|60/100\n|\n|upkeep\n|turn|13\n|j| TKMOZ\n|\n|t:|1695166631\n|move|p1a: Cinderace|Pyro Ball|p2a: Blissey|[miss]\n|-miss|p1a: Cinderace|p2a: Blissey\n|move|p2a: Blissey|Soft-Boiled|p2a: Blissey\n|-heal|p2a: Blissey|100/100\n|\n|upkeep\n|turn|14\n|\n|t:|1695166635\n|move|p1a: Cinderace|U-turn|p2a: Blissey\n|-start|p1a: Cinderace|typechange|Bug|[from] ability: Libero\n|-damage|p2a: Blissey|71/100\n|\n|t:|1695166637\n|switch|p1a: Ursaluna|Ursaluna-Bloodmoon, M, tera:Fighting|55/100|[from] U-turn\n|move|p2a: Blissey|Thunder Wave|p1a: Ursaluna\n|-status|p1a: Ursaluna|par\n|\n|-heal|p1a: Ursaluna|61/100 par|[from] item: Leftovers\n|upkeep\n|turn|15\n|\n|t:|1695166644\n|move|p2a: Blissey|Seismic Toss|p1a: Ursaluna\n|-damage|p1a: Ursaluna|38/100 par\n|move|p1a: Ursaluna|Calm Mind|p1a: Ursaluna\n|-boost|p1a: Ursaluna|spa|1\n|-boost|p1a: Ursaluna|spd|1\n|\n|-heal|p1a: Ursaluna|44/100 par|[from] item: Leftovers\n|upkeep\n|turn|16\n|j| jrocklock\n|j| ttiler\n|\n|t:|1695166647\n|move|p2a: Blissey|Seismic Toss|p1a: Ursaluna\n|-damage|p1a: Ursaluna|20/100 par\n|move|p1a: Ursaluna|Blood Moon|p2a: Blissey\n|-damage|p2a: Blissey|29/100\n|\n|-heal|p1a: Ursaluna|27/100 par|[from] item: Leftovers\n|upkeep\n|turn|17\n|l| jrocklock\n|\n|t:|1695166652\n|move|p1a: Ursaluna|Vacuum Wave|p2a: Blissey\n|-supereffective|p2a: Blissey\n|-damage|p2a: Blissey|5/100\n|move|p2a: Blissey|Soft-Boiled|p2a: Blissey\n|-heal|p2a: Blissey|55/100\n|\n|-heal|p1a: Ursaluna|33/100 par|[from] item: Leftovers\n|upkeep\n|turn|18\n|\n|t:|1695166657\n|move|p2a: Blissey|Soft-Boiled|p2a: Blissey\n|-heal|p2a: Blissey|100/100\n|move|p1a: Ursaluna|Blood Moon|p2a: Blissey\n|-damage|p2a: Blissey|53/100\n|\n|-heal|p1a: Ursaluna|39/100 par|[from] item: Leftovers\n|upkeep\n|turn|19\n|\n|t:|1695166661\n|move|p2a: Blissey|Seismic Toss|p1a: Ursaluna\n|-damage|p1a: Ursaluna|15/100 par\n|cant|p1a: Ursaluna|par\n|\n|-heal|p1a: Ursaluna|21/100 par|[from] item: Leftovers\n|upkeep\n|turn|20\n|\n|t:|1695166666\n|switch|p1a: Slowking|Slowking-Galar, M|100/100\n|move|p2a: Blissey|Seismic Toss|p1a: Slowking\n|-damage|p1a: Slowking|75/100\n|\n|upkeep\n|turn|21\n|\n|t:|1695166672\n|move|p2a: Blissey|Thunder Wave|p1a: Slowking\n|-status|p1a: Slowking|par\n|cant|p1a: Slowking|par\n|\n|upkeep\n|turn|22\n|\n|t:|1695166676\n|move|p2a: Blissey|Soft-Boiled|p2a: Blissey\n|-heal|p2a: Blissey|100/100\n|cant|p1a: Slowking|par\n|\n|upkeep\n|turn|23\n|\n|t:|1695166679\n|switch|p2a: Gliscor|Gliscor, M|100/100 tox\n|move|p1a: Slowking|Chilly Reception|p1a: Slowking\n|-weather|Snow\n|\n|t:|1695166688\n|switch|p1a: Dragapult|Dragapult, M|100/100|[from] Chilly Reception\n|\n|-weather|Snow|[upkeep]\n|upkeep\n|turn|24\n|j| barneyrebel\n|\n|t:|1695166692\n|move|p2a: Gliscor|Protect|p2a: Gliscor\n|-singleturn|p2a: Gliscor|Protect\n|move|p1a: Dragapult|Draco Meteor|p2a: Gliscor\n|-activate|p2a: Gliscor|move: Protect\n|\n|-weather|Snow|[upkeep]\n|upkeep\n|turn|25\n|l| I Like DS the 2nd\n|\n|t:|1695166700\n|switch|p2a: Clefable|Clefable, F|100/100\n|move|p1a: Dragapult|Draco Meteor|p2a: Clefable\n|-immune|p2a: Clefable\n|\n|-weather|Snow|[upkeep]\n|upkeep\n|turn|26\n|\n|t:|1695166705\n|switch|p1a: Slowking|Slowking-Galar, M|100/100 par\n|switch|p2a: Gliscor|Gliscor, M|100/100 tox\n|\n|-weather|Snow|[upkeep]\n|upkeep\n|turn|27\n|\n|t:|1695166709\n|move|p2a: Gliscor|Earthquake|p1a: Slowking\n|-supereffective|p1a: Slowking\n|-damage|p1a: Slowking|31/100 par\n|move|p1a: Slowking|Chilly Reception|p1a: Slowking\n|\n|t:|1695166715\n|switch|p1a: Mandibuzz|Mandibuzz, F|80/100|[from] Chilly Reception\n|\n|-weather|none\n|upkeep\n|turn|28\n|\n|t:|1695166718\n|switch|p1a: Slowking|Slowking-Galar, M|65/100 par\n|move|p2a: Gliscor|Knock Off|p1a: Slowking\n|-supereffective|p1a: Slowking\n|-damage|p1a: Slowking|34/100 par\n|\n|upkeep\n|turn|29\n|\n|t:|1695166724\n|switch|p1a: Mandibuzz|Mandibuzz, F|80/100\n|move|p2a: Gliscor|Knock Off|p1a: Mandibuzz\n|-resisted|p1a: Mandibuzz\n|-damage|p1a: Mandibuzz|74/100\n|-enditem|p1a: Mandibuzz|Heavy-Duty Boots|[from] move: Knock Off|[of] p2a: Gliscor\n|\n|upkeep\n|turn|30\n|\n|t:|1695166727\n|move|p2a: Gliscor|Spikes|p1a: Mandibuzz\n|-sidestart|p1: Treadex|Spikes\n|move|p1a: Mandibuzz|Roost|p1a: Mandibuzz\n|-heal|p1a: Mandibuzz|100/100\n|-singleturn|p1a: Mandibuzz|move: Roost\n|\n|upkeep\n|turn|31\n|j| pokemonfanthem\n|\n|t:|1695166732\n|move|p2a: Gliscor|Spikes|p1a: Mandibuzz\n|-sidestart|p1: Treadex|Spikes\n|move|p1a: Mandibuzz|Foul Play|p2a: Gliscor\n|-damage|p2a: Gliscor|80/100 tox\n|\n|-heal|p2a: Gliscor|93/100 tox|[from] ability: Poison Heal\n|upkeep\n|turn|32\n|\n|t:|1695166737\n|switch|p2a: Toxapex|Toxapex, F|100/100\n|move|p1a: Mandibuzz|U-turn|p2a: Toxapex\n|-resisted|p2a: Toxapex\n|-damage|p2a: Toxapex|97/100\n|\n|t:|1695166741\n|switch|p1a: Slowking|Slowking-Galar, M|68/100 par|[from] U-turn\n|-damage|p1a: Slowking|51/100 par|[from] Spikes\n|\n|upkeep\n|turn|33\n|\n|t:|1695166747\n|switch|p2a: Gliscor|Gliscor, M|93/100 tox\n|cant|p1a: Slowking|par\n|\n|-heal|p2a: Gliscor|100/100 tox|[from] ability: Poison Heal\n|upkeep\n|turn|34\n|\n|t:|1695166753\n|switch|p2a: Clefable|Clefable, F|100/100\n|switch|p1a: Mandibuzz|Mandibuzz, F|100/100\n|\n|upkeep\n|turn|35\n|\n|t:|1695166758\n|switch|p1a: Slowking|Slowking-Galar, M|84/100 par\n|-damage|p1a: Slowking|68/100 par|[from] Spikes\n|move|p2a: Clefable|Calm Mind|p2a: Clefable\n|-boost|p2a: Clefable|spa|1\n|-boost|p2a: Clefable|spd|1\n|\n|upkeep\n|turn|36\n|\n|t:|1695166762\n|switch|p2a: Gliscor|Gliscor, M|100/100 tox\n|cant|p1a: Slowking|par\n|\n|upkeep\n|turn|37\n|\n|t:|1695166772\n|switch|p2a: Blissey|Blissey, F|100/100\n|switch|p1a: Mandibuzz|Mandibuzz, F|100/100\n|\n|upkeep\n|turn|38\n|\n|t:|1695166775\n|move|p1a: Mandibuzz|U-turn|p2a: Blissey\n|-damage|p2a: Blissey|90/100\n|\n|t:|1695166779\n|switch|p1a: Slowking|Slowking-Galar, M|100/100 par|[from] U-turn\n|-damage|p1a: Slowking|84/100 par|[from] Spikes\n|move|p2a: Blissey|Thunder Wave|p1a: Slowking\n|-fail|p1a: Slowking|par\n|\n|upkeep\n|turn|39\n|\n|t:|1695166787\n|switch|p2a: Gliscor|Gliscor, M|100/100 tox\n|move|p1a: Slowking|Thunder Wave|p2a: Gliscor\n|-immune|p2a: Gliscor\n|\n|upkeep\n|turn|40\n|\n|t:|1695166796\n|move|p2a: Gliscor|Knock Off|p1a: Slowking\n|-supereffective|p1a: Slowking\n|-damage|p1a: Slowking|54/100 par\n|move|p1a: Slowking|Future Sight|p2a: Gliscor\n|-start|p1a: Slowking|move: Future Sight\n|\n|upkeep\n|turn|41\n|j| Chance the Wapper\n|\n|t:|1695166802\n|switch|p1a: Mandibuzz|Mandibuzz, F|100/100\n|move|p2a: Gliscor|Earthquake|p1a: Mandibuzz\n|-immune|p1a: Mandibuzz\n|\n|upkeep\n|turn|42\n|\n|t:|1695166805\n|move|p2a: Gliscor|Protect|p2a: Gliscor\n|-singleturn|p2a: Gliscor|Protect\n|move|p1a: Mandibuzz|U-turn|p2a: Gliscor\n|-activate|p2a: Gliscor|move: Protect\n|\n|-end|p2a: Gliscor|move: Future Sight\n|-crit|p2a: Gliscor\n|-damage|p2a: Gliscor|13/100 tox\n|-heal|p2a: Gliscor|25/100 tox|[from] ability: Poison Heal\n|upkeep\n|turn|43\n|j| Tusclomb\n|\n|t:|1695166816\n|move|p2a: Gliscor|Spikes|p1a: Mandibuzz\n|-sidestart|p1: Treadex|Spikes\n|move|p1a: Mandibuzz|U-turn|p2a: Gliscor\n|-resisted|p2a: Gliscor\n|-damage|p2a: Gliscor|22/100 tox\n|\n|t:|1695166817\n|switch|p1a: Cinderace|Cinderace, F|100/100|[from] U-turn\n|\n|-heal|p2a: Gliscor|34/100 tox|[from] ability: Poison Heal\n|upkeep\n|turn|44\n|\n|t:|1695166824\n|move|p1a: Cinderace|Pyro Ball|p2a: Gliscor\n|-damage|p2a: Gliscor|0 fnt\n|faint|p2a: Gliscor\n|\n|upkeep\n|\n|t:|1695166828\n|switch|p2a: Dragapult|Dragapult, F|100/100\n|turn|45\n|\n|t:|1695166832\n|switch|p1a: Mandibuzz|Mandibuzz, F|100/100\n|move|p2a: Dragapult|Draco Meteor|p1a: Mandibuzz\n|-damage|p1a: Mandibuzz|30/100\n|-unboost|p2a: Dragapult|spa|2\n|\n|upkeep\n|turn|46\n|\n|t:|1695166835\n|switch|p1a: Probopass|Probopass, F|100/100\n|-damage|p1a: Probopass|75/100|[from] Spikes\n|move|p2a: Dragapult|Draco Meteor|p1a: Probopass\n|-resisted|p1a: Probopass\n|-damage|p1a: Probopass|64/100\n|-unboost|p2a: Dragapult|spa|2\n|\n|upkeep\n|turn|47\n|\n|t:|1695166843\n|switch|p2a: Toxapex|Toxapex, F|100/100\n|switch|p1a: Cinderace|Cinderace, F|100/100\n|\n|upkeep\n|turn|48\n|\n|t:|1695166845\n|move|p1a: Cinderace|Court Change|p1a: Cinderace\n|-start|p1a: Cinderace|typechange|Normal|[from] ability: Libero\n|-swapsideconditions\n|-activate|p1a: Cinderace|move: Court Change\n|move|p2a: Toxapex|Toxic|p1a: Cinderace\n|-status|p1a: Cinderace|tox\n|\n|-damage|p1a: Cinderace|95/100 tox|[from] psn\n|upkeep\n|turn|49\n|j| Darkmaniman+Minus\n|\n|t:|1695166852\n|switch|p1a: Mandibuzz|Mandibuzz, F|30/100\n|move|p2a: Toxapex|Toxic|p1a: Mandibuzz\n|-status|p1a: Mandibuzz|tox\n|\n|-damage|p1a: Mandibuzz|24/100 tox|[from] psn\n|upkeep\n|turn|50\n|\n|t:|1695166855\n|switch|p2a: Blissey|Blissey, F|90/100\n|move|p1a: Mandibuzz|Roost|p1a: Mandibuzz\n|-heal|p1a: Mandibuzz|74/100 tox\n|-singleturn|p1a: Mandibuzz|move: Roost\n|\n|-damage|p1a: Mandibuzz|61/100 tox|[from] psn\n|upkeep\n|turn|51\n|\n|t:|1695166858\n|move|p1a: Mandibuzz|U-turn|p2a: Blissey\n|-damage|p2a: Blissey|79/100\n|\n|t:|1695166860\n|switch|p1a: Slowking|Slowking-Galar, M|87/100 par|[from] U-turn\n|move|p2a: Blissey|Stealth Rock|p1a: Slowking\n|-sidestart|p1: Treadex|move: Stealth Rock\n|\n|upkeep\n|turn|52\n|\n|t:|1695166868\n|move|p2a: Blissey|Seismic Toss|p1a: Slowking\n|-damage|p1a: Slowking|61/100 par\n|move|p1a: Slowking|Chilly Reception|p1a: Slowking\n|-weather|Snow\n|\n|t:|1695166871\n|switch|p1a: Probopass|Probopass, F|64/100|[from] Chilly Reception\n|-damage|p1a: Probopass|58/100|[from] Stealth Rock\n|\n|-weather|Snow|[upkeep]\n|upkeep\n|turn|53\n|\n|t:|1695166876\n|switch|p2a: Toxapex|Toxapex, F|100/100\n|move|p1a: Probopass|Earth Power|p2a: Toxapex\n|-supereffective|p2a: Toxapex\n|-damage|p2a: Toxapex|74/100\n|\n|-weather|Snow|[upkeep]\n|upkeep\n|turn|54\n|\n|t:|1695166879\n|switch|p2a: Blissey|Blissey, F|79/100\n|move|p1a: Probopass|Earth Power|p2a: Blissey\n|-damage|p2a: Blissey|73/100\n|\n|-weather|Snow|[upkeep]\n|upkeep\n|turn|55\n|\n|t:|1695166882\n|move|p2a: Blissey|Seismic Toss|p1a: Probopass\n|-damage|p1a: Probopass|27/100\n|move|p1a: Probopass|Body Press|p2a: Blissey\n|-supereffective|p2a: Blissey\n|-damage|p2a: Blissey|14/100\n|\n|-weather|Snow|[upkeep]\n|upkeep\n|turn|56\n|\n|t:|1695166889\n|move|p2a: Blissey|Seismic Toss|p1a: Probopass\n|-damage|p1a: Probopass|0 fnt\n|faint|p1a: Probopass\n|\n|-weather|none\n|upkeep\n|\n|t:|1695166893\n|switch|p1a: Cinderace|Cinderace, F|95/100 tox\n|turn|57\n|\n|t:|1695166896\n|switch|p2a: Toxapex|Toxapex, F|100/100\n|move|p1a: Cinderace|U-turn|p2a: Toxapex\n|-start|p1a: Cinderace|typechange|Bug|[from] ability: Libero\n|-resisted|p2a: Toxapex\n|-damage|p2a: Toxapex|91/100\n|\n|t:|1695166905\n|switch|p1a: Slowking|Slowking-Galar, M|95/100 par|[from] U-turn\n|-damage|p1a: Slowking|82/100 par|[from] Stealth Rock\n|\n|upkeep\n|turn|58\n|\n|t:|1695166909\n|switch|p2a: Blissey|Blissey, F|14/100\n|move|p1a: Slowking|Future Sight|p2a: Blissey\n|-start|p1a: Slowking|move: Future Sight\n|\n|upkeep\n|turn|59\n|\n|t:|1695166913\n|switch|p1a: Cinderace|Cinderace, F|95/100 tox\n|move|p2a: Blissey|Soft-Boiled|p2a: Blissey\n|-heal|p2a: Blissey|64/100\n|\n|-damage|p1a: Cinderace|89/100 tox|[from] psn\n|upkeep\n|turn|60\n|\n|t:|1695166918\n|move|p1a: Cinderace|Pyro Ball|p2a: Blissey\n|-damage|p2a: Blissey|12/100\n|move|p2a: Blissey|Soft-Boiled|p2a: Blissey\n|-heal|p2a: Blissey|62/100\n|\n|-end|p2a: Blissey|move: Future Sight\n|-damage|p2a: Blissey|45/100\n|-damage|p1a: Cinderace|77/100 tox|[from] psn\n|upkeep\n|turn|61\n|l| Darkmaniman+Minus\n|\n|t:|1695166931\n|switch|p2a: Dragapult|Dragapult, F|100/100\n|-damage|p2a: Dragapult|76/100|[from] Spikes\n|move|p1a: Cinderace|U-turn|p2a: Dragapult\n|-start|p1a: Cinderace|typechange|Bug|[from] ability: Libero\n|-resisted|p2a: Dragapult\n|-damage|p2a: Dragapult|53/100\n|\n|t:|1695166938\n|switch|p1a: Slowking|Slowking-Galar, M|100/100 par|[from] U-turn\n|-damage|p1a: Slowking|88/100 par|[from] Stealth Rock\n|\n|upkeep\n|turn|62\n|\n|t:|1695166942\n|move|p2a: Dragapult|Shadow Ball|p1a: Slowking\n|-supereffective|p1a: Slowking\n|-damage|p1a: Slowking|18/100 par\n|cant|p1a: Slowking|par\n|\n|upkeep\n|turn|63\n|\n|t:|1695166951\n|switch|p1a: Ursaluna|Ursaluna-Bloodmoon, M, tera:Fighting|21/100 par\n|-damage|p1a: Ursaluna|15/100 par|[from] Stealth Rock\n|move|p2a: Dragapult|Shadow Ball|p1a: Ursaluna\n|-damage|p1a: Ursaluna|0 fnt\n|faint|p1a: Ursaluna\n|\n|upkeep\n|\n|t:|1695166953\n|switch|p1a: Mandibuzz|Mandibuzz, F|61/100 tox\n|-damage|p1a: Mandibuzz|36/100 tox|[from] Stealth Rock\n|turn|64\n|\n|t:|1695166963\n|switch|p2a: Clefable|Clefable, F|100/100\n|-damage|p2a: Clefable|76/100|[from] Spikes\n|move|p1a: Mandibuzz|Roost|p1a: Mandibuzz\n|-heal|p1a: Mandibuzz|86/100 tox\n|-singleturn|p1a: Mandibuzz|move: Roost\n|\n|-heal|p2a: Clefable|82/100|[from] item: Leftovers\n|-damage|p1a: Mandibuzz|80/100 tox|[from] psn\n|upkeep\n|turn|65\n|\n|t:|1695166967\n|move|p1a: Mandibuzz|Toxic|p2a: Clefable\n|-status|p2a: Clefable|tox\n|move|p2a: Clefable|Calm Mind|p2a: Clefable\n|-boost|p2a: Clefable|spa|1\n|-boost|p2a: Clefable|spd|1\n|\n|-heal|p2a: Clefable|88/100 tox|[from] item: Leftovers\n|-damage|p1a: Mandibuzz|68/100 tox|[from] psn\n|-damage|p2a: Clefable|82/100 tox|[from] psn\n|upkeep\n|turn|66\n|\n|t:|1695166971\n|move|p1a: Mandibuzz|U-turn|p2a: Clefable\n|-resisted|p2a: Clefable\n|-damage|p2a: Clefable|78/100 tox\n|\n|t:|1695166973\n|switch|p1a: Slowking|Slowking-Galar, M|51/100 par|[from] U-turn\n|-damage|p1a: Slowking|39/100 par|[from] Stealth Rock\n|move|p2a: Clefable|Thunderbolt|p1a: Slowking\n|-damage|p1a: Slowking|21/100 par\n|\n|-heal|p2a: Clefable|84/100 tox|[from] item: Leftovers\n|-damage|p2a: Clefable|72/100 tox|[from] psn\n|upkeep\n|turn|67\n|l| sodynamic\n|j| EmpanadaX\n|\n|t:|1695166981\n|move|p2a: Clefable|Thunderbolt|p1a: Slowking\n|-damage|p1a: Slowking|3/100 par\n|move|p1a: Slowking|Chilly Reception|p1a: Slowking\n|-weather|Snow\n|\n|t:|1695166985\n|switch|p1a: Cinderace|Cinderace, F|77/100 tox|[from] Chilly Reception\n|\n|-weather|Snow|[upkeep]\n|-heal|p2a: Clefable|78/100 tox|[from] item: Leftovers\n|-damage|p1a: Cinderace|71/100 tox|[from] psn\n|-damage|p2a: Clefable|59/100 tox|[from] psn\n|upkeep\n|turn|68\n|\n|t:|1695166989\n|switch|p2a: Toxapex|Toxapex, F|100/100\n|move|p1a: Cinderace|U-turn|p2a: Toxapex\n|-start|p1a: Cinderace|typechange|Bug|[from] ability: Libero\n|-resisted|p2a: Toxapex\n|-damage|p2a: Toxapex|91/100\n|\n|t:|1695166992\n|switch|p1a: Slowking|Slowking-Galar, M|36/100 par|[from] U-turn\n|-damage|p1a: Slowking|24/100 par|[from] Stealth Rock\n|\n|-weather|Snow|[upkeep]\n|upkeep\n|turn|69\n|\n|t:|1695166999\n|switch|p2a: Dragapult|Dragapult, F|53/100\n|-damage|p2a: Dragapult|28/100|[from] Spikes\n|move|p1a: Slowking|Chilly Reception|p1a: Slowking\n|-message|Big Goober 666 forfeited.\n|\n|win|Treadex\n|raw|Treadex's rating: 1740 &rarr; <strong>1764</strong><br />(+24 for winning)\n|raw|Big Goober 666's rating: 1814 &rarr; <strong>1790</strong><br />(-24 for losing)\n|l|\u203dBig Goober 666\n|j| Yttrivm\n|c|\u2606Treadex|aw\n|j| SpookyPumpkaboo710\n|c|\u2606Treadex|it was getting good\n|l| SpookyPumpkaboo710\n|l| Yttrivm\n|l| Gggfffr\n|l| pokemonfanthem\n|l|\u2606Treadex\n|l| ttiler\n|j|\u2606Treadex\n|player|p1|Treadex|fisherman-gen4\n", "uploadtime": 1695167054, "views": 6, "p1id": "treadex", "p2id": "biggoober666", "formatid": "gen9ou", "rating": 1764, "private": 0, "password": ""}