{"id": "gen9ou-1947574738", "p1": "Super bulky", "p2": "sighz 0-0", "format": "gen9ou", "log": "|j|\u2606Super bulky\n|j|\u2606sighz 0-0\n|t:|1695174007\n|gametype|singles\n|player|p1|Super bulky|janine|1268\n|player|p2|sighz 0-0|may-contest|1272\n|teamsize|p1|6\n|teamsize|p2|6\n|gen|9\n|tier|[Gen 9] OU\n|rated|\n|rule|Sleep Clause Mod: Limit one foe put to sleep\n|rule|Species Clause: Limit one of each Pok\u00e9mon\n|rule|OHKO Clause: OHKO moves are banned\n|rule|Evasion Items Clause: Evasion items are banned\n|rule|Evasion Moves Clause: Evasion moves are banned\n|rule|Endless Battle Clause: Forcing endless battles is banned\n|rule|HP Percentage Mod: HP is shown in percentages\n|clearpoke\n|poke|p1|Gliscor, M|\n|poke|p1|Clefable, F|\n|poke|p1|Dondozo, F|\n|poke|p1|Garganacl, F|\n|poke|p1|Toxapex, M|\n|poke|p1|Blissey, F|\n|poke|p2|Hatterene, F|\n|poke|p2|Ursaluna-Bloodmoon, M|\n|poke|p2|Cresselia, F|\n|poke|p2|Iron Hands|\n|poke|p2|Rillaboom, F|\n|poke|p2|Kingambit, F|\n|teampreview\n|inactive|Battle timer is ON: inactive players will automatically lose when time's up. (requested by Super bulky)\n|\n|t:|1695174033\n|start\n|switch|p1a: Garganacl|Garganacl, F|100/100\n|switch|p2a: Kingambit|Kingambit, F|100/100\n|turn|1\n|\n|t:|1695174041\n|move|p2a: Kingambit|Iron Head|p1a: Garganacl\n|-supereffective|p1a: Garganacl\n|-damage|p1a: Garganacl|38/100\n|-damage|p2a: Kingambit|90/100|[from] item: Life Orb\n|move|p1a: Garganacl|Salt Cure|p2a: Kingambit\n|-resisted|p2a: Kingambit\n|-damage|p2a: Kingambit|85/100\n|-start|p2a: Kingambit|Salt Cure\n|\n|-heal|p1a: Garganacl|44/100|[from] item: Leftovers\n|-damage|p2a: Kingambit|60/100|[from] Salt Cure\n|upkeep\n|turn|2\n|\n|t:|1695174050\n|-end|p2a: Kingambit|fallenundefined|[silent]\n|switch|p2a: Hatterene|Hatterene, F|100/100\n|move|p1a: Garganacl|Protect||[still]\n|-fail|p1a: Garganacl\n|\n|-heal|p1a: Garganacl|50/100|[from] item: Leftovers\n|upkeep\n|turn|3\n|\n|t:|1695174061\n|switch|p1a: Blissey|Blissey, F|100/100\n|switch|p2a: Rillaboom|Rillaboom, F|100/100\n|-fieldstart|move: Grassy Terrain|[from] ability: Grassy Surge|[of] p2a: Rillaboom\n|\n|upkeep\n|turn|4\n|\n|t:|1695174075\n|move|p2a: Rillaboom|U-turn|p1a: Blissey\n|-damage|p1a: Blissey|64/100\n|\n|t:|1695174085\n|switch|p2a: Hatterene|Hatterene, F|100/100|[from] U-turn\n|move|p1a: Blissey|Thunder Wave|p2a: Hatterene\n|move|p2a: Hatterene|Thunder Wave|p1a: Blissey|[from]ability: Magic Bounce\n|-status|p1a: Blissey|par\n|\n|-heal|p1a: Blissey|71/100 par|[from] Grassy Terrain\n|upkeep\n|turn|5\n|\n|t:|1695174093\n|switch|p2a: Rillaboom|Rillaboom, F|100/100\n|move|p1a: Blissey|Seismic Toss|p2a: Rillaboom\n|-damage|p2a: Rillaboom|71/100\n|\n|-heal|p2a: Rillaboom|77/100|[from] Grassy Terrain\n|-heal|p1a: Blissey|77/100 par|[from] Grassy Terrain\n|upkeep\n|turn|6\n|\n|t:|1695174097\n|move|p2a: Rillaboom|Grassy Glide|p1a: Blissey\n|-crit|p1a: Blissey\n|-damage|p1a: Blissey|0 fnt\n|faint|p1a: Blissey\n|\n|-heal|p2a: Rillaboom|83/100|[from] Grassy Terrain\n|upkeep\n|\n|t:|1695174102\n|switch|p1a: Toxapex|Toxapex, M|100/100\n|turn|7\n|\n|t:|1695174108\n|switch|p2a: Hatterene|Hatterene, F|100/100\n|move|p1a: Toxapex|Baneful Bunker||[still]\n|-fail|p1a: Toxapex\n|\n|-fieldend|move: Grassy Terrain\n|upkeep\n|turn|8\n|\n|t:|1695174117\n|switch|p2a: Kingambit|Kingambit, F|60/100\n|move|p1a: Toxapex|Sludge Bomb|p2a: Kingambit\n|-immune|p2a: Kingambit\n|\n|upkeep\n|turn|9\n|\n|t:|1695174123\n|move|p2a: Kingambit|Swords Dance|p2a: Kingambit\n|-boost|p2a: Kingambit|atk|2\n|move|p1a: Toxapex|Toxic Spikes|p2a: Kingambit\n|-sidestart|p2: sighz 0-0|move: Toxic Spikes\n|\n|upkeep\n|turn|10\n|\n|t:|1695174130\n|move|p1a: Toxapex|Baneful Bunker|p1a: Toxapex\n|-singleturn|p1a: Toxapex|move: Protect\n|move|p2a: Kingambit|Kowtow Cleave|p1a: Toxapex\n|-activate|p1a: Toxapex|move: Protect\n|\n|upkeep\n|turn|11\n|\n|t:|1695174137\n|switch|p1a: Dondozo|Dondozo, F|100/100\n|move|p2a: Kingambit|Kowtow Cleave|p1a: Dondozo\n|-damage|p1a: Dondozo|72/100\n|-damage|p2a: Kingambit|50/100|[from] item: Life Orb\n|\n|upkeep\n|turn|12\n|\n|t:|1695174149\n|-end|p2a: Kingambit|fallenundefined|[silent]\n|switch|p2a: Rillaboom|Rillaboom, F|83/100\n|-status|p2a: Rillaboom|psn\n|-fieldstart|move: Grassy Terrain|[from] ability: Grassy Surge|[of] p2a: Rillaboom\n|move|p1a: Dondozo|Liquidation|p2a: Rillaboom\n|-resisted|p2a: Rillaboom\n|-damage|p2a: Rillaboom|66/100 psn\n|\n|-heal|p2a: Rillaboom|72/100 psn|[from] Grassy Terrain\n|-heal|p1a: Dondozo|78/100|[from] Grassy Terrain\n|-damage|p2a: Rillaboom|60/100 psn|[from] psn\n|upkeep\n|turn|13\n|\n|t:|1695174159\n|switch|p1a: Gliscor|Gliscor, M|100/100\n|move|p2a: Rillaboom|Knock Off|p1a: Gliscor\n|-damage|p1a: Gliscor|65/100\n|-enditem|p1a: Gliscor|Toxic Orb|[from] move: Knock Off|[of] p2a: Rillaboom\n|\n|-heal|p2a: Rillaboom|66/100 psn|[from] Grassy Terrain\n|-damage|p2a: Rillaboom|54/100 psn|[from] psn\n|upkeep\n|turn|14\n|\n|t:|1695174172\n|switch|p2a: Hatterene|Hatterene, F|100/100\n|-status|p2a: Hatterene|psn\n|move|p1a: Gliscor|Protect||[still]\n|-fail|p1a: Gliscor\n|\n|-damage|p2a: Hatterene|88/100 psn|[from] psn\n|upkeep\n|turn|15\n|\n|t:|1695174186\n|switch|p1a: Clefable|Clefable, F|100/100\n|switch|p2a: Rillaboom|Rillaboom, F|54/100 psn\n|\n|-heal|p2a: Rillaboom|60/100 psn|[from] Grassy Terrain\n|-damage|p2a: Rillaboom|47/100 psn|[from] psn\n|upkeep\n|turn|16\n|\n|t:|1695174199\n|switch|p1a: Gliscor|Gliscor, M|65/100\n|move|p2a: Rillaboom|Wood Hammer|p1a: Gliscor\n|-damage|p1a: Gliscor|0 fnt\n|faint|p1a: Gliscor\n|-damage|p2a: Rillaboom|25/100 psn|[from] Recoil\n|\n|-heal|p2a: Rillaboom|31/100 psn|[from] Grassy Terrain\n|-damage|p2a: Rillaboom|19/100 psn|[from] psn\n|-fieldend|move: Grassy Terrain\n|upkeep\n|\n|t:|1695174209\n|switch|p1a: Toxapex|Toxapex, M|100/100\n|turn|17\n|\n|t:|1695174214\n|switch|p2a: Hatterene|Hatterene, F|88/100 psn\n|move|p1a: Toxapex|Sludge Bomb|p2a: Hatterene\n|-supereffective|p2a: Hatterene\n|-damage|p2a: Hatterene|52/100 psn\n|\n|-damage|p2a: Hatterene|39/100 psn|[from] psn\n|upkeep\n|turn|18\n|\n|t:|1695174223\n|move|p1a: Toxapex|Toxic Spikes|p2a: Hatterene\n|move|p2a: Hatterene|Toxic Spikes|p1a: Toxapex|[from]ability: Magic Bounce\n|-sidestart|p1: Super bulky|move: Toxic Spikes\n|move|p2a: Hatterene|Healing Wish|p2a: Hatterene\n|faint|p2a: Hatterene\n|\n|upkeep\n|\n|t:|1695174239\n|switch|p2a: Rillaboom|Rillaboom, F|19/100 psn\n|-heal|p2a: Rillaboom|100/100|[from] move: Healing Wish\n|-status|p2a: Rillaboom|psn\n|-fieldstart|move: Grassy Terrain|[from] ability: Grassy Surge|[of] p2a: Rillaboom\n|turn|19\n|\n|t:|1695174244\n|switch|p2a: Iron Hands|Iron Hands|100/100\n|-enditem|p2a: Iron Hands|Booster Energy\n|-activate|p2a: Iron Hands|ability: Quark Drive|[fromitem]\n|-start|p2a: Iron Hands|quarkdriveatk\n|-status|p2a: Iron Hands|psn\n|move|p1a: Toxapex|Sludge Bomb|p2a: Iron Hands\n|-damage|p2a: Iron Hands|85/100 psn\n|\n|-heal|p2a: Iron Hands|91/100 psn|[from] Grassy Terrain\n|-damage|p2a: Iron Hands|79/100 psn|[from] psn\n|upkeep\n|turn|20\n|\n|t:|1695174252\n|move|p1a: Toxapex|Toxic Spikes|p2a: Iron Hands\n|-sidestart|p2: sighz 0-0|move: Toxic Spikes\n|move|p2a: Iron Hands|Wild Charge|p1a: Toxapex\n|-supereffective|p1a: Toxapex\n|-damage|p1a: Toxapex|11/100\n|-damage|p2a: Iron Hands|65/100 psn|[from] Recoil\n|\n|-heal|p1a: Toxapex|17/100|[from] Grassy Terrain\n|-heal|p1a: Toxapex|24/100|[from] item: Black Sludge\n|-heal|p2a: Iron Hands|72/100 psn|[from] Grassy Terrain\n|-damage|p2a: Iron Hands|59/100 psn|[from] psn\n|upkeep\n|turn|21\n|\n|t:|1695174258\n|move|p1a: Toxapex|Baneful Bunker|p1a: Toxapex\n|-singleturn|p1a: Toxapex|move: Protect\n|move|p2a: Iron Hands|Wild Charge|p1a: Toxapex\n|-activate|p1a: Toxapex|move: Protect\n|\n|-heal|p1a: Toxapex|30/100|[from] Grassy Terrain\n|-heal|p1a: Toxapex|36/100|[from] item: Black Sludge\n|-heal|p2a: Iron Hands|65/100 psn|[from] Grassy Terrain\n|-damage|p2a: Iron Hands|53/100 psn|[from] psn\n|upkeep\n|turn|22\n|\n|t:|1695174267\n|switch|p1a: Clefable|Clefable, F|100/100\n|-status|p1a: Clefable|psn\n|move|p2a: Iron Hands|Wild Charge|p1a: Clefable\n|-damage|p1a: Clefable|19/100 psn\n|-damage|p2a: Iron Hands|37/100 psn|[from] Recoil\n|\n|-heal|p1a: Clefable|25/100 psn|[from] Grassy Terrain\n|-heal|p1a: Clefable|31/100 psn|[from] item: Leftovers\n|-heal|p2a: Iron Hands|43/100 psn|[from] Grassy Terrain\n|-damage|p1a: Clefable|19/100 psn|[from] psn\n|-damage|p2a: Iron Hands|31/100 psn|[from] psn\n|upkeep\n|turn|23\n|\n|t:|1695174278\n|move|p1a: Clefable|Moonblast|p2a: Iron Hands\n|-supereffective|p2a: Iron Hands\n|-damage|p2a: Iron Hands|0 fnt\n|faint|p2a: Iron Hands\n|-end|p2a: Iron Hands|Quark Drive|[silent]\n|\n|-heal|p1a: Clefable|25/100 psn|[from] Grassy Terrain\n|-heal|p1a: Clefable|31/100 psn|[from] item: Leftovers\n|-damage|p1a: Clefable|19/100 psn|[from] psn\n|-fieldend|move: Grassy Terrain\n|upkeep\n|\n|t:|1695174287\n|switch|p2a: Rillaboom|Rillaboom, F|100/100 psn\n|-fieldstart|move: Grassy Terrain|[from] ability: Grassy Surge|[of] p2a: Rillaboom\n|turn|24\n|\n|t:|1695174296\n|move|p2a: Rillaboom|Wood Hammer|p1a: Clefable\n|-damage|p1a: Clefable|0 fnt\n|faint|p1a: Clefable\n|-damage|p2a: Rillaboom|94/100 psn|[from] Recoil\n|\n|-heal|p2a: Rillaboom|99/100 psn|[from] Grassy Terrain\n|-damage|p2a: Rillaboom|88/100 psn|[from] psn\n|upkeep\n|\n|t:|1695174299\n|switch|p1a: Toxapex|Toxapex, M|69/100\n|-sideend|p1: Super bulky|move: Toxic Spikes|[of] p1a: Toxapex\n|turn|25\n|\n|t:|1695174305\n|move|p1a: Toxapex|Baneful Bunker|p1a: Toxapex\n|-singleturn|p1a: Toxapex|move: Protect\n|move|p2a: Rillaboom|Wood Hammer|p1a: Toxapex\n|-activate|p1a: Toxapex|move: Protect\n|\n|-heal|p2a: Rillaboom|94/100 psn|[from] Grassy Terrain\n|-heal|p1a: Toxapex|75/100|[from] Grassy Terrain\n|-heal|p1a: Toxapex|82/100|[from] item: Black Sludge\n|-damage|p2a: Rillaboom|81/100 psn|[from] psn\n|upkeep\n|turn|26\n|\n|t:|1695174311\n|-terastallize|p1a: Toxapex|Poison\n|move|p2a: Rillaboom|Wood Hammer|p1a: Toxapex\n|-resisted|p1a: Toxapex\n|-damage|p1a: Toxapex|39/100\n|-damage|p2a: Rillaboom|69/100 psn|[from] Recoil\n|move|p1a: Toxapex|Sludge Bomb|p2a: Rillaboom\n|-supereffective|p2a: Rillaboom\n|-damage|p2a: Rillaboom|0 fnt\n|faint|p2a: Rillaboom\n|\n|-heal|p1a: Toxapex|46/100|[from] Grassy Terrain\n|-heal|p1a: Toxapex|52/100|[from] item: Black Sludge\n|upkeep\n|\n|t:|1695174325\n|switch|p2a: Ursaluna|Ursaluna-Bloodmoon, M|100/100\n|-status|p2a: Ursaluna|tox\n|turn|27\n|\n|t:|1695174331\n|move|p1a: Toxapex|Baneful Bunker|p1a: Toxapex\n|-singleturn|p1a: Toxapex|move: Protect\n|move|p2a: Ursaluna|Earth Power|p1a: Toxapex\n|-activate|p1a: Toxapex|move: Protect\n|\n|-heal|p1a: Toxapex|58/100|[from] Grassy Terrain\n|-heal|p1a: Toxapex|64/100|[from] item: Black Sludge\n|-damage|p2a: Ursaluna|94/100 tox|[from] psn\n|upkeep\n|turn|28\n|\n|t:|1695174341\n|move|p1a: Toxapex|Recover|p1a: Toxapex\n|-heal|p1a: Toxapex|100/100\n|move|p2a: Ursaluna|Earth Power|p1a: Toxapex\n|-supereffective|p1a: Toxapex\n|-damage|p1a: Toxapex|18/100\n|\n|-heal|p1a: Toxapex|24/100|[from] Grassy Terrain\n|-heal|p1a: Toxapex|30/100|[from] item: Black Sludge\n|-heal|p2a: Ursaluna|100/100 tox|[from] Grassy Terrain\n|-damage|p2a: Ursaluna|88/100 tox|[from] psn\n|-fieldend|move: Grassy Terrain\n|upkeep\n|turn|29\n|\n|t:|1695174347\n|move|p1a: Toxapex|Baneful Bunker|p1a: Toxapex\n|-singleturn|p1a: Toxapex|move: Protect\n|move|p2a: Ursaluna|Earth Power|p1a: Toxapex\n|-activate|p1a: Toxapex|move: Protect\n|\n|-heal|p1a: Toxapex|36/100|[from] item: Black Sludge\n|-damage|p2a: Ursaluna|69/100 tox|[from] psn\n|upkeep\n|turn|30\n|\n|t:|1695174354\n|move|p1a: Toxapex|Baneful Bunker||[still]\n|-fail|p1a: Toxapex\n|move|p2a: Ursaluna|Earth Power|p1a: Toxapex\n|-supereffective|p1a: Toxapex\n|-damage|p1a: Toxapex|0 fnt\n|faint|p1a: Toxapex\n|\n|-damage|p2a: Ursaluna|44/100 tox|[from] psn\n|upkeep\n|\n|t:|1695174366\n|switch|p1a: Dondozo|Dondozo, F|78/100\n|turn|31\n|\n|t:|1695174373\n|switch|p2a: Cresselia|Cresselia, F, shiny|100/100\n|move|p1a: Dondozo|Rest|p1a: Dondozo\n|-status|p1a: Dondozo|slp|[from] move: Rest\n|-heal|p1a: Dondozo|100/100 slp|[silent]\n|\n|upkeep\n|turn|32\n|\n|t:|1695174379\n|cant|p1a: Dondozo|slp\n|move|p1a: Dondozo|Sleep Talk|p1a: Dondozo\n|move|p1a: Dondozo|Rest||[from]move: Sleep Talk|[still]\n|-fail|p1a: Dondozo\n|move|p2a: Cresselia|Trick Room|p2a: Cresselia\n|-fieldstart|move: Trick Room|[of] p2a: Cresselia\n|\n|upkeep\n|turn|33\n|\n|t:|1695174385\n|cant|p1a: Dondozo|slp\n|move|p1a: Dondozo|Sleep Talk|p1a: Dondozo\n|move|p1a: Dondozo|Rest||[from]move: Sleep Talk|[still]\n|-fail|p1a: Dondozo\n|move|p2a: Cresselia|Lunar Dance|p2a: Cresselia\n|faint|p2a: Cresselia\n|\n|upkeep\n|\n|t:|1695174388\n|switch|p2a: Ursaluna|Ursaluna-Bloodmoon, M|44/100 tox\n|-heal|p2a: Ursaluna|100/100|[from] move: Lunar Dance\n|-status|p2a: Ursaluna|tox\n|turn|34\n|\n|t:|1695174391\n|move|p2a: Ursaluna|Hyper Voice|p1a: Dondozo\n|-damage|p1a: Dondozo|51/100 slp\n|-enditem|p2a: Ursaluna|Throat Spray\n|-boost|p2a: Ursaluna|spa|1|[from] item: Throat Spray\n|-curestatus|p1a: Dondozo|slp|[msg]\n|move|p1a: Dondozo|Liquidation|p2a: Ursaluna\n|-supereffective|p2a: Ursaluna\n|-damage|p2a: Ursaluna|57/100 tox\n|\n|-damage|p2a: Ursaluna|51/100 tox|[from] psn\n|upkeep\n|turn|35\n|\n|t:|1695174400\n|move|p2a: Ursaluna|Blood Moon|p1a: Dondozo\n|-damage|p1a: Dondozo|0 fnt\n|faint|p1a: Dondozo\n|\n|-damage|p2a: Ursaluna|38/100 tox|[from] psn\n|upkeep\n|\n|t:|1695174403\n|switch|p1a: Garganacl|Garganacl, F|50/100\n|turn|36\n|c|\u2606sighz 0-0|gg\n|\n|t:|1695174414\n|move|p1a: Garganacl|Protect|p1a: Garganacl\n|-singleturn|p1a: Garganacl|Protect\n|move|p2a: Ursaluna|Earth Power|p1a: Garganacl\n|-activate|p1a: Garganacl|move: Protect\n|\n|-heal|p1a: Garganacl|57/100|[from] item: Leftovers\n|-damage|p2a: Ursaluna|19/100 tox|[from] psn\n|-fieldend|move: Trick Room\n|upkeep\n|turn|37\n|\n|t:|1695174420\n|move|p1a: Garganacl|Protect||[still]\n|-fail|p1a: Garganacl\n|move|p2a: Ursaluna|Earth Power|p1a: Garganacl\n|-supereffective|p1a: Garganacl\n|-damage|p1a: Garganacl|0 fnt\n|faint|p1a: Garganacl\n|\n|win|sighz 0-0\n|raw|Super bulky's rating: 1268 &rarr; <strong>1243</strong><br />(-25 for losing)\n|raw|sighz 0-0's rating: 1272 &rarr; <strong>1297</strong><br />(+25 for winning)\n|l|\u2606Super bulky\n|j| VicBossMG\n|l| VicBossMG\n|j| 24lid\n|j| loohbbczsfh\n|l| loohbbczsfh\n|l| 24lid\n", "uploadtime": 1695174431, "views": 3, "p1id": "superbulky", "p2id": "sighz00", "formatid": "gen9ou", "rating": 1243, "private": 0, "password": ""}