{"id": "gen9ou-1947574245", "p1": "actualonion", "p2": "TheWorldsStrongest", "format": "gen9ou", "log": "|j|\u2606actualonion\n|j|\u2606TheWorldsStrongest\n|t:|1695173956\n|gametype|singles\n|player|p1|actualonion|allister|1441\n|player|p2|TheWorldsStrongest|1|1335\n|teamsize|p1|6\n|teamsize|p2|6\n|gen|9\n|tier|[Gen 9] OU\n|rated|\n|rule|Sleep Clause Mod: Limit one foe put to sleep\n|rule|Species Clause: Limit one of each Pok\u00e9mon\n|rule|OHKO Clause: OHKO moves are banned\n|rule|Evasion Items Clause: Evasion items are banned\n|rule|Evasion Moves Clause: Evasion moves are banned\n|rule|Endless Battle Clause: Forcing endless battles is banned\n|rule|HP Percentage Mod: HP is shown in percentages\n|clearpoke\n|poke|p1|Ogerpon-Hearthflame, F|\n|poke|p1|Dragapult, F|\n|poke|p1|Vaporeon, F|\n|poke|p1|Muk-Alola, F|\n|poke|p1|Landorus-Therian, M|\n|poke|p1|Corviknight, M|\n|poke|p2|Ogerpon-Hearthflame, F|\n|poke|p2|Torkoal, F|\n|poke|p2|Walking Wake|\n|poke|p2|Great Tusk|\n|poke|p2|Corviknight, F|\n|poke|p2|Ribombee, F|\n|teampreview\n|inactive|Battle timer is ON: inactive players will automatically lose when time's up. (requested by TheWorldsStrongest)\n|j| I lack the brain\n|\n|t:|1695173983\n|start\n|switch|p1a: Dragapult|Dragapult, F|100/100\n|switch|p2a: Ribombee|Ribombee, F|100/100\n|turn|1\n|\n|t:|1695173992\n|move|p1a: Dragapult|Substitute|p1a: Dragapult\n|-start|p1a: Dragapult|Substitute\n|-damage|p1a: Dragapult|76/100\n|move|p2a: Ribombee|Moonblast|p1a: Dragapult\n|-supereffective|p1a: Dragapult\n|-end|p1a: Dragapult|Substitute\n|\n|upkeep\n|turn|2\n|\n|t:|1695173999\n|switch|p1a: Muk|Muk-Alola, F|100/100\n|move|p2a: Ribombee|Moonblast|p1a: Muk\n|-damage|p1a: Muk|79/100\n|-unboost|p1a: Muk|spa|1\n|\n|upkeep\n|turn|3\n|\n|t:|1695174007\n|move|p2a: Ribombee|Sticky Web|p1a: Muk\n|-sidestart|p1: actualonion|move: Sticky Web\n|move|p1a: Muk|Poison Jab|p2a: Ribombee\n|-supereffective|p2a: Ribombee\n|-enditem|p2a: Ribombee|Focus Sash\n|-damage|p2a: Ribombee|1/100\n|\n|upkeep\n|turn|4\n|\n|t:|1695174017\n|switch|p2a: Corviknight|Corviknight, F|100/100\n|-ability|p2a: Corviknight|Pressure\n|move|p1a: Muk|Knock Off|p2a: Corviknight\n|-damage|p2a: Corviknight|73/100\n|-damage|p1a: Muk|62/100|[from] item: Rocky Helmet|[of] p2a: Corviknight\n|-enditem|p2a: Corviknight|Rocky Helmet|[from] move: Knock Off|[of] p1a: Muk\n|\n|upkeep\n|turn|5\n|\n|t:|1695174042\n|switch|p1a: Corviknight|Corviknight, M|100/100\n|-ability|p1a: Corviknight|Pressure\n|move|p2a: Corviknight|Brave Bird|p1a: Corviknight\n|-resisted|p1a: Corviknight\n|-damage|p1a: Corviknight|90/100\n|-damage|p2a: Corviknight|57/100|[from] item: Rocky Helmet|[of] p1a: Corviknight\n|-damage|p2a: Corviknight|53/100|[from] Recoil\n|\n|upkeep\n|turn|6\n|\n|t:|1695174059\n|switch|p2a: Ribombee|Ribombee, F|1/100\n|move|p1a: Corviknight|Defog|p2a: Ribombee\n|-unboost|p2a: Ribombee|evasion|1\n|-sideend|p1: actualonion|Sticky Web|[from] move: Defog|[of] p1a: Corviknight\n|\n|upkeep\n|turn|7\n|\n|t:|1695174065\n|move|p2a: Ribombee|Sticky Web|p1a: Corviknight\n|-sidestart|p1: actualonion|move: Sticky Web\n|move|p1a: Corviknight|U-turn|p2a: Ribombee\n|-resisted|p2a: Ribombee\n|-damage|p2a: Ribombee|0 fnt\n|faint|p2a: Ribombee\n|\n|t:|1695174070\n|switch|p1a: Dragapult|Dragapult, F|76/100|[from] U-turn\n|\n|upkeep\n|\n|t:|1695174083\n|switch|p2a: Walking Wake|Walking Wake|100/100\n|turn|8\n|\n|t:|1695174088\n|-terastallize|p2a: Walking Wake|Water\n|move|p1a: Dragapult|Thunder Wave|p2a: Walking Wake\n|-status|p2a: Walking Wake|par\n|move|p2a: Walking Wake|Dragon Pulse|p1a: Dragapult\n|-supereffective|p1a: Dragapult\n|-damage|p1a: Dragapult|0 fnt\n|faint|p1a: Dragapult\n|-damage|p2a: Walking Wake|91/100 par|[from] item: Life Orb\n|\n|upkeep\n|\n|t:|1695174097\n|switch|p1a: Vaporeon|Vaporeon, F|100/100\n|-activate|p1a: Vaporeon|move: Sticky Web\n|-unboost|p1a: Vaporeon|spe|1\n|turn|9\n|\n|t:|1695174105\n|move|p2a: Walking Wake|Dragon Pulse|p1a: Vaporeon\n|-damage|p1a: Vaporeon|61/100\n|-damage|p2a: Walking Wake|81/100 par|[from] item: Life Orb\n|move|p1a: Vaporeon|Wish|p1a: Vaporeon\n|\n|upkeep\n|turn|10\n|\n|t:|1695174115\n|cant|p2a: Walking Wake|par\n|move|p1a: Vaporeon|Flip Turn|p2a: Walking Wake\n|-resisted|p2a: Walking Wake\n|-damage|p2a: Walking Wake|74/100 par\n|\n|t:|1695174120\n|switch|p1a: Muk|Muk-Alola, F|62/100|[from] Flip Turn\n|-activate|p1a: Muk|move: Sticky Web\n|-unboost|p1a: Muk|spe|1\n|\n|-heal|p1a: Muk|100/100|[from] move: Wish|[wisher] Vaporeon\n|upkeep\n|turn|11\n|\n|t:|1695174131\n|move|p2a: Walking Wake|Hydro Steam|p1a: Muk\n|-damage|p1a: Muk|61/100\n|-damage|p2a: Walking Wake|64/100 par|[from] item: Life Orb\n|move|p1a: Muk|Poison Jab|p2a: Walking Wake\n|-damage|p2a: Walking Wake|22/100 par\n|\n|upkeep\n|turn|12\n|\n|t:|1695174145\n|move|p2a: Walking Wake|Draco Meteor|p1a: Muk\n|-damage|p1a: Muk|18/100\n|-unboost|p2a: Walking Wake|spa|2\n|-damage|p2a: Walking Wake|12/100 par|[from] item: Life Orb\n|move|p1a: Muk|Knock Off|p2a: Walking Wake\n|-damage|p2a: Walking Wake|0 fnt\n|-enditem|p2a: Walking Wake|Life Orb|[from] move: Knock Off|[of] p1a: Muk\n|faint|p2a: Walking Wake\n|-end|p2a: Walking Wake|Protosynthesis|[silent]\n|\n|upkeep\n|\n|t:|1695174157\n|switch|p2a: Ogerpon|Ogerpon-Hearthflame, F|100/100\n|-ability|p2a: Ogerpon|Mold Breaker\n|turn|13\n|\n|t:|1695174174\n|move|p2a: Ogerpon|Knock Off|p1a: Muk\n|-resisted|p1a: Muk\n|-damage|p1a: Muk|0 fnt\n|-enditem|p1a: Muk|Assault Vest|[from] move: Knock Off|[of] p2a: Ogerpon\n|faint|p1a: Muk\n|\n|upkeep\n|\n|t:|1695174188\n|switch|p1a: Landorus|Landorus-Therian, M|100/100\n|-ability|p1a: Landorus|Intimidate|boost\n|-unboost|p2a: Ogerpon|atk|1\n|turn|14\n|\n|t:|1695174196\n|switch|p2a: Corviknight|Corviknight, F|53/100\n|-ability|p2a: Corviknight|Pressure\n|move|p1a: Landorus|Stealth Rock|p2a: Corviknight\n|-sidestart|p2: TheWorldsStrongest|move: Stealth Rock\n|\n|upkeep\n|turn|15\n|\n|t:|1695174206\n|move|p1a: Landorus|U-turn|p2a: Corviknight\n|-resisted|p2a: Corviknight\n|-damage|p2a: Corviknight|50/100\n|\n|t:|1695174213\n|switch|p1a: Vaporeon|Vaporeon, F|61/100|[from] U-turn\n|-activate|p1a: Vaporeon|move: Sticky Web\n|-unboost|p1a: Vaporeon|spe|1\n|move|p2a: Corviknight|Roost|p2a: Corviknight\n|-heal|p2a: Corviknight|99/100\n|-singleturn|p2a: Corviknight|move: Roost\n|\n|upkeep\n|turn|16\n|\n|t:|1695174222\n|move|p2a: Corviknight|Brave Bird|p1a: Vaporeon\n|-damage|p1a: Vaporeon|30/100\n|-damage|p2a: Corviknight|88/100|[from] Recoil\n|move|p1a: Vaporeon|Wish|p1a: Vaporeon\n|\n|upkeep\n|turn|17\n|\n|t:|1695174229\n|move|p1a: Vaporeon|Protect|p1a: Vaporeon\n|-singleturn|p1a: Vaporeon|Protect\n|move|p2a: Corviknight|Brave Bird|p1a: Vaporeon\n|-activate|p1a: Vaporeon|move: Protect\n|\n|-heal|p1a: Vaporeon|80/100|[from] move: Wish|[wisher] Vaporeon\n|upkeep\n|turn|18\n|\n|t:|1695174236\n|switch|p1a: Corviknight|Corviknight, M|90/100\n|-ability|p1a: Corviknight|Pressure\n|move|p2a: Corviknight|Brave Bird|p1a: Corviknight\n|-resisted|p1a: Corviknight\n|-damage|p1a: Corviknight|79/100\n|-damage|p2a: Corviknight|71/100|[from] item: Rocky Helmet|[of] p1a: Corviknight\n|-damage|p2a: Corviknight|68/100|[from] Recoil\n|\n|upkeep\n|turn|19\n|\n|t:|1695174246\n|move|p2a: Corviknight|Brave Bird|p1a: Corviknight\n|-resisted|p1a: Corviknight\n|-damage|p1a: Corviknight|68/100\n|-damage|p2a: Corviknight|51/100|[from] item: Rocky Helmet|[of] p1a: Corviknight\n|-damage|p2a: Corviknight|47/100|[from] Recoil\n|move|p1a: Corviknight|Defog|p2a: Corviknight\n|-unboost|p2a: Corviknight|evasion|1\n|-sideend|p2: TheWorldsStrongest|Stealth Rock|[from] move: Defog|[of] p1a: Corviknight\n|-sideend|p1: actualonion|Sticky Web|[from] move: Defog|[of] p1a: Corviknight\n|\n|upkeep\n|turn|20\n|\n|t:|1695174255\n|move|p2a: Corviknight|Roost|p2a: Corviknight\n|-heal|p2a: Corviknight|97/100\n|-singleturn|p2a: Corviknight|move: Roost\n|move|p1a: Corviknight|U-turn|p2a: Corviknight\n|-resisted|p2a: Corviknight\n|-damage|p2a: Corviknight|93/100\n|\n|t:|1695174261\n|switch|p1a: Landorus|Landorus-Therian, M|100/100|[from] U-turn\n|-ability|p1a: Landorus|Intimidate|boost\n|-unboost|p2a: Corviknight|atk|1\n|\n|upkeep\n|turn|21\n|\n|t:|1695174266\n|move|p1a: Landorus|Stealth Rock|p2a: Corviknight\n|-sidestart|p2: TheWorldsStrongest|move: Stealth Rock\n|move|p2a: Corviknight|U-turn|p1a: Landorus\n|-resisted|p1a: Landorus\n|-damage|p1a: Landorus|96/100\n|\n|t:|1695174271\n|switch|p2a: Torkoal|Torkoal, F|100/100|[from] U-turn\n|-damage|p2a: Torkoal|75/100|[from] Stealth Rock\n|-weather|SunnyDay|[from] ability: Drought|[of] p2a: Torkoal\n|\n|-weather|SunnyDay|[upkeep]\n|-heal|p1a: Landorus|100/100|[from] item: Leftovers\n|upkeep\n|turn|22\n|\n|t:|1695174280\n|switch|p2a: Corviknight|Corviknight, F|93/100\n|-damage|p2a: Corviknight|81/100|[from] Stealth Rock\n|-ability|p2a: Corviknight|Pressure\n|move|p1a: Landorus|Earthquake|p2a: Corviknight\n|-immune|p2a: Corviknight\n|\n|-weather|SunnyDay|[upkeep]\n|upkeep\n|turn|23\n|\n|t:|1695174289\n|move|p1a: Landorus|U-turn|p2a: Corviknight\n|-resisted|p2a: Corviknight\n|-damage|p2a: Corviknight|78/100\n|\n|t:|1695174292\n|switch|p1a: Ogerpon|Ogerpon-Hearthflame, F|100/100|[from] U-turn\n|-ability|p1a: Ogerpon|Mold Breaker\n|move|p2a: Corviknight|Defog|p1a: Ogerpon\n|-unboost|p1a: Ogerpon|evasion|1\n|-sideend|p2: TheWorldsStrongest|Stealth Rock|[from] move: Defog|[of] p2a: Corviknight\n|\n|-weather|SunnyDay|[upkeep]\n|upkeep\n|turn|24\n|\n|t:|1695174301\n|move|p1a: Ogerpon|Encore|p2a: Corviknight\n|-start|p2a: Corviknight|Encore\n|move|p2a: Corviknight|Defog|p1a: Ogerpon\n|-unboost|p1a: Ogerpon|evasion|1\n|\n|-weather|SunnyDay|[upkeep]\n|upkeep\n|turn|25\n|\n|t:|1695174313\n|switch|p2a: Ogerpon|Ogerpon-Hearthflame, F|100/100\n|-ability|p2a: Ogerpon|Mold Breaker\n|move|p1a: Ogerpon|Trailblaze|p2a: Ogerpon\n|-resisted|p2a: Ogerpon\n|-damage|p2a: Ogerpon|91/100\n|-boost|p1a: Ogerpon|spe|1\n|\n|-weather|SunnyDay|[upkeep]\n|upkeep\n|turn|26\n|\n|t:|1695174331\n|-terastallize|p1a: Ogerpon|Fire\n|detailschange|p1a: Ogerpon|Ogerpon-Hearthflame-Tera, F, tera:Fire\n|-ability|p1a: Ogerpon|Embody Aspect (Hearthflame)|boost\n|-boost|p1a: Ogerpon|atk|1\n|move|p1a: Ogerpon|Ivy Cudgel|p2a: Ogerpon\n|-damage|p2a: Ogerpon|0 fnt\n|faint|p2a: Ogerpon\n|\n|-weather|SunnyDay|[upkeep]\n|upkeep\n|\n|t:|1695174341\n|switch|p2a: Great Tusk|Great Tusk|100/100\n|-activate|p2a: Great Tusk|ability: Protosynthesis\n|-start|p2a: Great Tusk|protosynthesisatk\n|turn|27\n|\n|t:|1695174346\n|move|p1a: Ogerpon|Trailblaze|p2a: Great Tusk\n|-supereffective|p2a: Great Tusk\n|-damage|p2a: Great Tusk|48/100\n|-boost|p1a: Ogerpon|spe|1\n|move|p2a: Great Tusk|Close Combat|p1a: Ogerpon\n|-damage|p1a: Ogerpon|0 fnt\n|-unboost|p2a: Great Tusk|def|1\n|-unboost|p2a: Great Tusk|spd|1\n|faint|p1a: Ogerpon\n|\n|-weather|SunnyDay|[upkeep]\n|-heal|p2a: Great Tusk|54/100|[from] item: Leftovers\n|upkeep\n|\n|t:|1695174359\n|switch|p1a: Landorus|Landorus-Therian, M|100/100\n|-ability|p1a: Landorus|Intimidate|boost\n|-unboost|p2a: Great Tusk|atk|1\n|turn|28\n|\n|t:|1695174366\n|-end|p2a: Great Tusk|Protosynthesis|[silent]\n|switch|p2a: Corviknight|Corviknight, F|78/100\n|-ability|p2a: Corviknight|Pressure\n|switch|p1a: Corviknight|Corviknight, M|68/100\n|-ability|p1a: Corviknight|Pressure\n|\n|-weather|none\n|upkeep\n|turn|29\n|\n|t:|1695174378\n|move|p2a: Corviknight|U-turn|p1a: Corviknight\n|-resisted|p1a: Corviknight\n|-damage|p1a: Corviknight|66/100\n|-damage|p2a: Corviknight|62/100|[from] item: Rocky Helmet|[of] p1a: Corviknight\n|\n|t:|1695174380\n|switch|p2a: Torkoal|Torkoal, F|75/100|[from] U-turn\n|-weather|SunnyDay|[from] ability: Drought|[of] p2a: Torkoal\n|move|p1a: Corviknight|U-turn|p2a: Torkoal\n|-resisted|p2a: Torkoal\n|-damage|p2a: Torkoal|71/100\n|\n|t:|1695174387\n|switch|p1a: Vaporeon|Vaporeon, F|80/100|[from] U-turn\n|\n|-weather|SunnyDay|[upkeep]\n|upkeep\n|turn|30\n|\n|t:|1695174394\n|move|p1a: Vaporeon|Wish|p1a: Vaporeon\n|move|p2a: Torkoal|Stealth Rock|p1a: Vaporeon\n|-sidestart|p1: actualonion|move: Stealth Rock\n|\n|-weather|SunnyDay|[upkeep]\n|upkeep\n|turn|31\n|\n|t:|1695174401\n|move|p1a: Vaporeon|Scald|p2a: Torkoal\n|-supereffective|p2a: Torkoal\n|-damage|p2a: Torkoal|32/100\n|move|p2a: Torkoal|Lava Plume|p1a: Vaporeon\n|-resisted|p1a: Vaporeon\n|-damage|p1a: Vaporeon|63/100\n|\n|-weather|SunnyDay|[upkeep]\n|-heal|p1a: Vaporeon|100/100|[from] move: Wish|[wisher] Vaporeon\n|upkeep\n|turn|32\n|\n|t:|1695174417\n|move|p1a: Vaporeon|Scald|p2a: Torkoal\n|-supereffective|p2a: Torkoal\n|-damage|p2a: Torkoal|0 fnt\n|faint|p2a: Torkoal\n|\n|-weather|SunnyDay|[upkeep]\n|upkeep\n|\n|t:|1695174421\n|switch|p2a: Corviknight|Corviknight, F|62/100\n|-ability|p2a: Corviknight|Pressure\n|turn|33\n|\n|t:|1695174426\n|move|p2a: Corviknight|U-turn|p1a: Vaporeon\n|-damage|p1a: Vaporeon|89/100\n|\n|t:|1695174428\n|switch|p2a: Great Tusk|Great Tusk|54/100|[from] U-turn\n|-activate|p2a: Great Tusk|ability: Protosynthesis\n|-start|p2a: Great Tusk|protosynthesisatk\n|move|p1a: Vaporeon|Scald|p2a: Great Tusk\n|-supereffective|p2a: Great Tusk\n|-damage|p2a: Great Tusk|14/100\n|-status|p2a: Great Tusk|brn\n|\n|-weather|SunnyDay|[upkeep]\n|-heal|p2a: Great Tusk|20/100 brn|[from] item: Leftovers\n|-damage|p2a: Great Tusk|14/100 brn|[from] brn\n|upkeep\n|turn|34\n|-message|TheWorldsStrongest forfeited.\n|\n|win|actualonion\n|raw|actualonion's rating: 1441 &rarr; <strong>1455</strong><br />(+14 for winning)\n|raw|TheWorldsStrongest's rating: 1335 &rarr; <strong>1321</strong><br />(-14 for losing)\n|l|\u2606TheWorldsStrongest\n", "uploadtime": 1695174453, "views": 4, "p1id": "actualonion", "p2id": "theworldsstrongest", "formatid": "gen9ou", "rating": 1321, "private": 0, "password": ""}