{"id": "gen9ou-1947485659", "p1": "brotitledashell", "p2": "matchacastella", "format": "gen9ou", "log": "|j|\u2606brotitledashell\n|j|\u2606matchacastella\n|t:|1695165278\n|gametype|singles\n|player|p1|brotitledashell|ballguy|1134\n|player|p2|matchacastella|101|1068\n|teamsize|p1|6\n|teamsize|p2|6\n|gen|9\n|tier|[Gen 9] OU\n|rated|\n|rule|Sleep Clause Mod: Limit one foe put to sleep\n|rule|Species Clause: Limit one of each Pok\u00e9mon\n|rule|OHKO Clause: OHKO moves are banned\n|rule|Evasion Items Clause: Evasion items are banned\n|rule|Evasion Moves Clause: Evasion moves are banned\n|rule|Endless Battle Clause: Forcing endless battles is banned\n|rule|HP Percentage Mod: HP is shown in percentages\n|clearpoke\n|poke|p1|Cinderace, M|\n|poke|p1|Great Tusk|\n|poke|p1|Gholdengo|\n|poke|p1|Tornadus-Therian, M|\n|poke|p1|Okidogi, M|\n|poke|p1|Dragapult, F|\n|poke|p2|Maushold-Four|\n|poke|p2|Toxapex, F|\n|poke|p2|Amoonguss, M|\n|poke|p2|Cresselia, F|\n|poke|p2|Garchomp, F|\n|poke|p2|Iron Valiant|\n|teampreview\n|\n|t:|1695165321\n|start\n|switch|p1a: Tornadus|Tornadus-Therian, M|100/100\n|switch|p2a: Maushold|Maushold-Four|100/100\n|turn|1\n|\n|t:|1695165343\n|move|p1a: Tornadus|Hurricane|p2a: Maushold\n|-damage|p2a: Maushold|38/100\n|move|p2a: Maushold|Tidy Up|p2a: Maushold\n|-boost|p2a: Maushold|atk|1\n|-boost|p2a: Maushold|spe|1\n|\n|upkeep\n|turn|2\n|\n|t:|1695165356\n|switch|p1a: Gholdengo|Gholdengo|100/100\n|move|p2a: Maushold|Population Bomb|p1a: Gholdengo\n|-immune|p1a: Gholdengo\n|\n|upkeep\n|turn|3\n|\n|t:|1695165377\n|-terastallize|p2a: Maushold|Fire\n|-terastallize|p1a: Gholdengo|Fighting\n|move|p2a: Maushold|Tera Blast|p1a: Gholdengo\n|-damage|p1a: Gholdengo|53/100\n|move|p1a: Gholdengo|Make It Rain|p2a: Maushold\n|-resisted|p2a: Maushold\n|-damage|p2a: Maushold|0 fnt\n|-unboost|p1a: Gholdengo|spa|1\n|faint|p2a: Maushold\n|\n|upkeep\n|\n|t:|1695165398\n|switch|p2a: Cresselia|Cresselia, F|100/100\n|turn|4\n|\n|t:|1695165402\n|switch|p1a: Dragapult|Dragapult, F|100/100\n|move|p2a: Cresselia|Calm Mind|p2a: Cresselia\n|-boost|p2a: Cresselia|spa|1\n|-boost|p2a: Cresselia|spd|1\n|\n|upkeep\n|turn|5\n|\n|t:|1695165414\n|move|p1a: Dragapult|Shadow Ball|p2a: Cresselia\n|-supereffective|p2a: Cresselia\n|-damage|p2a: Cresselia|45/100\n|move|p2a: Cresselia|Calm Mind|p2a: Cresselia\n|-boost|p2a: Cresselia|spa|1\n|-boost|p2a: Cresselia|spd|1\n|\n|-heal|p2a: Cresselia|51/100|[from] item: Leftovers\n|upkeep\n|turn|6\n|\n|t:|1695165427\n|move|p1a: Dragapult|Shadow Ball|p2a: Cresselia\n|-supereffective|p2a: Cresselia\n|-damage|p2a: Cresselia|13/100\n|move|p2a: Cresselia|Moonblast|p1a: Dragapult\n|-supereffective|p1a: Dragapult\n|-damage|p1a: Dragapult|0 fnt\n|faint|p1a: Dragapult\n|\n|-heal|p2a: Cresselia|19/100|[from] item: Leftovers\n|upkeep\n|\n|t:|1695165438\n|switch|p1a: Gholdengo|Gholdengo, tera:Fighting|53/100\n|turn|7\n|\n|t:|1695165473\n|switch|p2a: Garchomp|Garchomp, F|100/100\n|move|p1a: Gholdengo|Shadow Ball|p2a: Garchomp\n|-damage|p2a: Garchomp|50/100\n|\n|-heal|p2a: Garchomp|56/100|[from] item: Leftovers\n|upkeep\n|turn|8\n|\n|t:|1695165486\n|switch|p1a: Great Tusk|Great Tusk|100/100\n|move|p2a: Garchomp|Earthquake|p1a: Great Tusk\n|-damage|p1a: Great Tusk|65/100\n|\n|-heal|p2a: Garchomp|62/100|[from] item: Leftovers\n|upkeep\n|turn|9\n|\n|t:|1695165516\n|switch|p2a: Toxapex|Toxapex, F|100/100\n|move|p1a: Great Tusk|Headlong Rush|p2a: Toxapex\n|-supereffective|p2a: Toxapex\n|-damage|p2a: Toxapex|0 fnt\n|-unboost|p1a: Great Tusk|def|1\n|-unboost|p1a: Great Tusk|spd|1\n|faint|p2a: Toxapex\n|\n|upkeep\n|\n|t:|1695165548\n|switch|p2a: Amoonguss|Amoonguss, M|100/100\n|turn|10\n|\n|t:|1695165554\n|-end|p1a: Great Tusk|Protosynthesis|[silent]\n|switch|p1a: Gholdengo|Gholdengo, tera:Fighting|53/100\n|move|p2a: Amoonguss|Giga Drain|p1a: Gholdengo\n|-damage|p1a: Gholdengo|25/100\n|\n|upkeep\n|turn|11\n|\n|t:|1695165571\n|switch|p1a: Cinderace|Cinderace, M|100/100\n|move|p2a: Amoonguss|Giga Drain|p1a: Cinderace\n|-resisted|p1a: Cinderace\n|-damage|p1a: Cinderace|83/100\n|\n|upkeep\n|turn|12\n|\n|t:|1695165585\n|switch|p2a: Garchomp|Garchomp, F|62/100\n|move|p1a: Cinderace|Pyro Ball|p2a: Garchomp\n|-resisted|p2a: Garchomp\n|-damage|p2a: Garchomp|32/100\n|\n|-heal|p2a: Garchomp|38/100|[from] item: Leftovers\n|upkeep\n|turn|13\n|\n|t:|1695165598\n|move|p1a: Cinderace|U-turn|p2a: Garchomp\n|-start|p1a: Cinderace|typechange|Bug|[from] ability: Libero\n|-damage|p2a: Garchomp|3/100\n|-damage|p1a: Cinderace|71/100|[from] ability: Rough Skin|[of] p2a: Garchomp\n|\n|t:|1695165607\n|switch|p1a: Tornadus|Tornadus-Therian, M|100/100|[from] U-turn\n|move|p2a: Garchomp|Earthquake|p1a: Tornadus\n|-immune|p1a: Tornadus\n|\n|-heal|p2a: Garchomp|9/100|[from] item: Leftovers\n|upkeep\n|turn|14\n|\n|t:|1695165620\n|move|p1a: Tornadus|Knock Off|p2a: Garchomp\n|-damage|p2a: Garchomp|0 fnt\n|-damage|p1a: Tornadus|88/100|[from] ability: Rough Skin|[of] p2a: Garchomp\n|-enditem|p2a: Garchomp|Leftovers|[from] move: Knock Off|[of] p1a: Tornadus\n|faint|p2a: Garchomp\n|\n|upkeep\n|\n|t:|1695165637\n|switch|p2a: Iron Valiant|Iron Valiant|100/100\n|-enditem|p2a: Iron Valiant|Booster Energy\n|-activate|p2a: Iron Valiant|ability: Quark Drive|[fromitem]\n|-start|p2a: Iron Valiant|quarkdrivespe\n|turn|15\n|\n|t:|1695165653\n|move|p2a: Iron Valiant|Knock Off|p1a: Tornadus\n|-damage|p1a: Tornadus|47/100\n|-enditem|p1a: Tornadus|Assault Vest|[from] move: Knock Off|[of] p2a: Iron Valiant\n|move|p1a: Tornadus|Hurricane|p2a: Iron Valiant\n|-supereffective|p2a: Iron Valiant\n|-damage|p2a: Iron Valiant|0 fnt\n|faint|p2a: Iron Valiant\n|-end|p2a: Iron Valiant|Quark Drive|[silent]\n|\n|upkeep\n|\n|t:|1695165661\n|switch|p2a: Amoonguss|Amoonguss, M|100/100\n|turn|16\n|\n|t:|1695165679\n|move|p1a: Tornadus|Hurricane|p2a: Amoonguss|[miss]\n|-miss|p1a: Tornadus|p2a: Amoonguss\n|move|p2a: Amoonguss|Sludge Bomb|p1a: Tornadus\n|-damage|p1a: Tornadus|18/100\n|\n|upkeep\n|turn|17\n|\n|t:|1695165692\n|move|p1a: Tornadus|Hurricane|p2a: Amoonguss\n|-supereffective|p2a: Amoonguss\n|-damage|p2a: Amoonguss|28/100\n|move|p2a: Amoonguss|Sludge Bomb|p1a: Tornadus\n|-damage|p1a: Tornadus|0 fnt\n|faint|p1a: Tornadus\n|\n|upkeep\n|\n|t:|1695165695\n|switch|p1a: Okidogi|Okidogi, M|100/100\n|turn|18\n|\n|t:|1695165706\n|move|p1a: Okidogi|Knock Off|p2a: Amoonguss\n|-damage|p2a: Amoonguss|8/100\n|-damage|p1a: Okidogi|84/100|[from] item: Rocky Helmet|[of] p2a: Amoonguss\n|-enditem|p2a: Amoonguss|Rocky Helmet|[from] move: Knock Off|[of] p1a: Okidogi\n|move|p2a: Amoonguss|Giga Drain|p1a: Okidogi\n|-resisted|p1a: Okidogi\n|-damage|p1a: Okidogi|76/100\n|-heal|p2a: Amoonguss|12/100|[from] drain|[of] p1a: Okidogi\n|\n|-heal|p1a: Okidogi|82/100|[from] item: Leftovers\n|upkeep\n|turn|19\n|\n|t:|1695165719\n|move|p1a: Okidogi|Bulk Up|p1a: Okidogi\n|-boost|p1a: Okidogi|atk|1\n|-boost|p1a: Okidogi|def|1\n|move|p2a: Amoonguss|Spore|p1a: Okidogi\n|-status|p1a: Okidogi|slp|[from] move: Spore\n|\n|-heal|p1a: Okidogi|88/100 slp|[from] item: Leftovers\n|upkeep\n|turn|20\n|\n|t:|1695165730\n|switch|p1a: Gholdengo|Gholdengo, tera:Fighting|25/100\n|switch|p2a: Cresselia|Cresselia, F|19/100\n|\n|-heal|p2a: Cresselia|25/100|[from] item: Leftovers\n|upkeep\n|turn|21\n|\n|t:|1695165745\n|move|p1a: Gholdengo|Shadow Ball|p2a: Cresselia\n|-supereffective|p2a: Cresselia\n|-damage|p2a: Cresselia|0 fnt\n|faint|p2a: Cresselia\n|\n|upkeep\n|\n|t:|1695165751\n|switch|p2a: Amoonguss|Amoonguss, M|45/100\n|turn|22\n|\n|t:|1695165755\n|move|p1a: Gholdengo|Shadow Ball|p2a: Amoonguss\n|-damage|p2a: Amoonguss|9/100\n|move|p2a: Amoonguss|Giga Drain|p1a: Gholdengo\n|-damage|p1a: Gholdengo|0 fnt\n|-heal|p2a: Amoonguss|17/100|[from] drain|[of] p1a: Gholdengo\n|faint|p1a: Gholdengo\n|\n|upkeep\n|\n|t:|1695165760\n|switch|p1a: Great Tusk|Great Tusk|65/100\n|turn|23\n|\n|t:|1695165765\n|move|p1a: Great Tusk|Headlong Rush|p2a: Amoonguss\n|-damage|p2a: Amoonguss|0 fnt\n|-unboost|p1a: Great Tusk|def|1\n|-unboost|p1a: Great Tusk|spd|1\n|faint|p2a: Amoonguss\n|\n|win|brotitledashell\n|raw|brotitledashell's rating: 1134 &rarr; <strong>1154</strong><br />(+20 for winning)\n|raw|matchacastella's rating: 1068 &rarr; <strong>1052</strong><br />(-16 for losing)\n", "uploadtime": 1695165771, "views": 2, "p1id": "brotitledashell", "p2id": "matchacastella", "formatid": "gen9ou", "rating": 1052, "private": 0, "password": ""}