{"id": "gen9ou-1947571701", "p1": "N1RankoKanzakiSimp", "p2": "dooridadoo", "format": "gen9ou", "log": "|j|\u2606N1RankoKanzakiSimp\n|j|\u2606dooridadoo\n|t:|1695173711\n|gametype|singles\n|player|p1|N1RankoKanzakiSimp|evelyn|1755\n|player|p2|dooridadoo|cheryl|1650\n|teamsize|p1|6\n|teamsize|p2|6\n|gen|9\n|tier|[Gen 9] OU\n|rated|\n|rule|Sleep Clause Mod: Limit one foe put to sleep\n|rule|Species Clause: Limit one of each Pok\u00e9mon\n|rule|OHKO Clause: OHKO moves are banned\n|rule|Evasion Items Clause: Evasion items are banned\n|rule|Evasion Moves Clause: Evasion moves are banned\n|rule|Endless Battle Clause: Forcing endless battles is banned\n|rule|HP Percentage Mod: HP is shown in percentages\n|clearpoke\n|poke|p1|Gliscor, M|\n|poke|p1|Clefable, M|\n|poke|p1|Dondozo, M|\n|poke|p1|Tornadus-Therian, M|\n|poke|p1|Toxapex, F|\n|poke|p1|Blissey, F|\n|poke|p2|Kingambit, F|\n|poke|p2|Glimmora, F|\n|poke|p2|Zamazenta-*|\n|poke|p2|Iron Valiant|\n|poke|p2|Iron Moth|\n|poke|p2|Ogerpon-Wellspring, F|\n|teampreview\n|inactive|Battle timer is ON: inactive players will automatically lose when time's up. (requested by N1RankoKanzakiSimp)\n|\n|t:|1695173724\n|start\n|switch|p1a: Gliscor|Gliscor, M|100/100\n|switch|p2a: Ogerpon|Ogerpon-Wellspring, F|100/100\n|turn|1\n|\n|t:|1695173739\n|switch|p1a: Toxapex|Toxapex, F|100/100\n|move|p2a: Ogerpon|Knock Off|p1a: Toxapex\n|-damage|p1a: Toxapex|71/100\n|-enditem|p1a: Toxapex|Heavy-Duty Boots|[from] move: Knock Off|[of] p2a: Ogerpon\n|\n|upkeep\n|turn|2\n|\n|t:|1695173745\n|switch|p2a: Glimmora|Glimmora, F|100/100\n|move|p1a: Toxapex|Infestation|p2a: Glimmora\n|-resisted|p2a: Glimmora\n|-damage|p2a: Glimmora|99/100\n|-activate|p2a: Glimmora|move: Infestation|[of] p1a: Toxapex\n|\n|-damage|p2a: Glimmora|86/100|[from] move: Infestation|[partiallytrapped]\n|upkeep\n|turn|3\n|\n|t:|1695173755\n|switch|p1a: Gliscor|Gliscor, M|100/100\n|move|p2a: Glimmora|Stealth Rock|p1a: Gliscor\n|-sidestart|p1: N1RankoKanzakiSimp|move: Stealth Rock\n|\n|-end|p2a: Glimmora|Infestation|[partiallytrapped]|[silent]\n|-status|p1a: Gliscor|tox|[from] item: Toxic Orb\n|upkeep\n|turn|4\n|\n|t:|1695173769\n|switch|p2a: Kingambit|Kingambit, F|100/100\n|move|p1a: Gliscor|Earthquake|p2a: Kingambit\n|-supereffective|p2a: Kingambit\n|-damage|p2a: Kingambit|42/100\n|\n|upkeep\n|turn|5\n|\n|t:|1695173782\n|-terastallize|p2a: Kingambit|Flying\n|move|p1a: Gliscor|Spikes|p2a: Kingambit\n|-sidestart|p2: dooridadoo|Spikes\n|move|p2a: Kingambit|Kowtow Cleave|p1a: Gliscor\n|-damage|p1a: Gliscor|67/100 tox\n|\n|-heal|p1a: Gliscor|80/100 tox|[from] ability: Poison Heal\n|upkeep\n|turn|6\n|\n|t:|1695173789\n|move|p1a: Gliscor|Toxic|p2a: Kingambit\n|-status|p2a: Kingambit|tox\n|move|p2a: Kingambit|Swords Dance|p2a: Kingambit\n|-boost|p2a: Kingambit|atk|2\n|\n|-heal|p1a: Gliscor|92/100 tox|[from] ability: Poison Heal\n|-damage|p2a: Kingambit|36/100 tox|[from] psn\n|upkeep\n|turn|7\n|\n|t:|1695173796\n|move|p1a: Gliscor|Protect|p1a: Gliscor\n|-singleturn|p1a: Gliscor|Protect\n|move|p2a: Kingambit|Kowtow Cleave|p1a: Gliscor\n|-activate|p1a: Gliscor|move: Protect\n|\n|-heal|p1a: Gliscor|100/100 tox|[from] ability: Poison Heal\n|-damage|p2a: Kingambit|23/100 tox|[from] psn\n|upkeep\n|turn|8\n|\n|t:|1695173801\n|-end|p2a: Kingambit|fallenundefined|[silent]\n|switch|p2a: Glimmora|Glimmora, F|86/100\n|-damage|p2a: Glimmora|74/100|[from] Spikes\n|move|p1a: Gliscor|Spikes|p2a: Glimmora\n|-sidestart|p2: dooridadoo|Spikes\n|\n|upkeep\n|turn|9\n|\n|t:|1695173804\n|move|p2a: Glimmora|Mortal Spin|p1a: Gliscor\n|-resisted|p1a: Gliscor\n|-damage|p1a: Gliscor|98/100 tox\n|-sideend|p2: dooridadoo|Spikes|[from] move: Mortal Spin|[of] p2a: Glimmora\n|move|p1a: Gliscor|Earthquake|p2a: Glimmora\n|-supereffective|p2a: Glimmora\n|-damage|p2a: Glimmora|0 fnt\n|-activate|p2a: Glimmora|ability: Toxic Debris\n|-sidestart|p1: N1RankoKanzakiSimp|move: Toxic Spikes\n|faint|p2a: Glimmora\n|\n|-heal|p1a: Gliscor|100/100 tox|[from] ability: Poison Heal\n|upkeep\n|\n|t:|1695173806\n|switch|p2a: Ogerpon|Ogerpon-Wellspring, F|100/100\n|turn|10\n|\n|t:|1695173812\n|switch|p1a: Toxapex|Toxapex, F|100/100\n|-damage|p1a: Toxapex|88/100|[from] Stealth Rock\n|-sideend|p1: N1RankoKanzakiSimp|move: Toxic Spikes|[of] p1a: Toxapex\n|move|p2a: Ogerpon|Power Whip|p1a: Toxapex\n|-damage|p1a: Toxapex|34/100\n|\n|upkeep\n|turn|11\n|\n|t:|1695173828\n|switch|p1a: Clefable|Clefable, M|100/100\n|move|p2a: Ogerpon|Knock Off|p1a: Clefable\n|-resisted|p1a: Clefable\n|-damage|p1a: Clefable|85/100\n|-enditem|p1a: Clefable|Leftovers|[from] move: Knock Off|[of] p2a: Ogerpon\n|\n|upkeep\n|turn|12\n|\n|t:|1695173835\n|switch|p2a: Kingambit|Kingambit, F, tera:Flying|23/100 tox\n|-activate|p2a: Kingambit|ability: Supreme Overlord\n|-start|p2a: Kingambit|fallen1|[silent]\n|move|p1a: Clefable|Stealth Rock|p2a: Kingambit\n|-sidestart|p2: dooridadoo|move: Stealth Rock\n|\n|-damage|p2a: Kingambit|17/100 tox|[from] psn\n|upkeep\n|turn|13\n|\n|t:|1695173839\n|move|p1a: Clefable|Protect|p1a: Clefable\n|-singleturn|p1a: Clefable|Protect\n|move|p2a: Kingambit|Iron Head|p1a: Clefable\n|-activate|p1a: Clefable|move: Protect\n|\n|-damage|p2a: Kingambit|5/100 tox|[from] psn\n|upkeep\n|turn|14\n|\n|t:|1695173843\n|switch|p1a: Gliscor|Gliscor, M|100/100 tox\n|-damage|p1a: Gliscor|88/100 tox|[from] Stealth Rock\n|move|p2a: Kingambit|Kowtow Cleave|p1a: Gliscor\n|-damage|p1a: Gliscor|47/100 tox\n|\n|-heal|p1a: Gliscor|60/100 tox|[from] ability: Poison Heal\n|-damage|p2a: Kingambit|0 fnt|[from] psn\n|faint|p2a: Kingambit\n|-end|p2a: Kingambit|fallen1|[silent]\n|upkeep\n|\n|t:|1695173846\n|switch|p2a: Ogerpon|Ogerpon-Wellspring, F|100/100\n|-damage|p2a: Ogerpon|88/100|[from] Stealth Rock\n|turn|15\n|\n|t:|1695173853\n|move|p1a: Gliscor|Protect|p1a: Gliscor\n|-singleturn|p1a: Gliscor|Protect\n|move|p2a: Ogerpon|Ivy Cudgel|p1a: Gliscor\n|-activate|p1a: Gliscor|move: Protect\n|\n|-heal|p1a: Gliscor|72/100 tox|[from] ability: Poison Heal\n|upkeep\n|turn|16\n|\n|t:|1695173860\n|switch|p1a: Clefable|Clefable, M|85/100\n|move|p2a: Ogerpon|Power Whip|p1a: Clefable\n|-damage|p1a: Clefable|33/100\n|\n|upkeep\n|turn|17\n|\n|t:|1695173867\n|move|p2a: Ogerpon|Ivy Cudgel|p1a: Clefable\n|-damage|p1a: Clefable|0 fnt\n|faint|p1a: Clefable\n|\n|upkeep\n|\n|t:|1695173870\n|switch|p1a: Tornadus|Tornadus-Therian, M|100/100\n|turn|18\n|\n|t:|1695173878\n|switch|p2a: Iron Moth|Iron Moth|100/100\n|-enditem|p2a: Iron Moth|Booster Energy\n|-activate|p2a: Iron Moth|ability: Quark Drive|[fromitem]\n|-start|p2a: Iron Moth|quarkdrivespe\n|-damage|p2a: Iron Moth|76/100|[from] Stealth Rock\n|move|p1a: Tornadus|Bleakwind Storm|p2a: Iron Moth\n|-damage|p2a: Iron Moth|24/100\n|-unboost|p2a: Iron Moth|spe|1\n|\n|upkeep\n|turn|19\n|\n|t:|1695173888\n|move|p1a: Tornadus|Bleakwind Storm|p2a: Iron Moth|[miss]\n|-miss|p1a: Tornadus|p2a: Iron Moth\n|move|p2a: Iron Moth|Fiery Dance|p1a: Tornadus\n|-damage|p1a: Tornadus|52/100\n|\n|upkeep\n|turn|20\n|\n|t:|1695173892\n|move|p1a: Tornadus|Bleakwind Storm|p2a: Iron Moth\n|-damage|p2a: Iron Moth|0 fnt\n|faint|p2a: Iron Moth\n|-end|p2a: Iron Moth|Quark Drive|[silent]\n|\n|upkeep\n|\n|t:|1695173898\n|switch|p2a: Zamazenta|Zamazenta, shiny|100/100\n|-damage|p2a: Zamazenta|94/100|[from] Stealth Rock\n|-ability|p2a: Zamazenta|Dauntless Shield|boost\n|-boost|p2a: Zamazenta|def|1\n|turn|21\n|\n|t:|1695173903\n|switch|p1a: Gliscor|Gliscor, M|72/100 tox\n|-damage|p1a: Gliscor|60/100 tox|[from] Stealth Rock\n|move|p2a: Zamazenta|Stone Edge|p1a: Gliscor\n|-damage|p1a: Gliscor|39/100 tox\n|\n|-heal|p2a: Zamazenta|100/100|[from] item: Leftovers\n|-heal|p1a: Gliscor|51/100 tox|[from] ability: Poison Heal\n|upkeep\n|turn|22\n|\n|t:|1695173914\n|move|p2a: Zamazenta|Stone Edge|p1a: Gliscor|[miss]\n|-miss|p2a: Zamazenta|p1a: Gliscor\n|move|p1a: Gliscor|Toxic|p2a: Zamazenta\n|-status|p2a: Zamazenta|tox\n|\n|-damage|p2a: Zamazenta|94/100 tox|[from] psn\n|-heal|p1a: Gliscor|64/100 tox|[from] ability: Poison Heal\n|upkeep\n|turn|23\n|\n|t:|1695173916\n|move|p2a: Zamazenta|Iron Defense|p2a: Zamazenta\n|-boost|p2a: Zamazenta|def|2\n|move|p1a: Gliscor|Toxic|p2a: Zamazenta\n|-fail|p2a: Zamazenta|tox\n|\n|-heal|p2a: Zamazenta|100/100 tox|[from] item: Leftovers\n|-damage|p2a: Zamazenta|88/100 tox|[from] psn\n|-heal|p1a: Gliscor|76/100 tox|[from] ability: Poison Heal\n|upkeep\n|turn|24\n|\n|t:|1695173918\n|move|p2a: Zamazenta|Stone Edge|p1a: Gliscor\n|-damage|p1a: Gliscor|58/100 tox\n|move|p1a: Gliscor|Spikes|p2a: Zamazenta\n|-sidestart|p2: dooridadoo|Spikes\n|\n|-heal|p2a: Zamazenta|94/100 tox|[from] item: Leftovers\n|-damage|p2a: Zamazenta|76/100 tox|[from] psn\n|-heal|p1a: Gliscor|70/100 tox|[from] ability: Poison Heal\n|upkeep\n|turn|25\n|\n|t:|1695173922\n|move|p2a: Zamazenta|Stone Edge|p1a: Gliscor\n|-crit|p1a: Gliscor\n|-damage|p1a: Gliscor|39/100 tox\n|move|p1a: Gliscor|Spikes|p2a: Zamazenta\n|-sidestart|p2: dooridadoo|Spikes\n|\n|-heal|p2a: Zamazenta|82/100 tox|[from] item: Leftovers\n|-damage|p2a: Zamazenta|57/100 tox|[from] psn\n|-heal|p1a: Gliscor|52/100 tox|[from] ability: Poison Heal\n|upkeep\n|turn|26\n|\n|t:|1695173927\n|switch|p2a: Ogerpon|Ogerpon-Wellspring, F|88/100\n|-damage|p2a: Ogerpon|76/100|[from] Stealth Rock\n|-damage|p2a: Ogerpon|59/100|[from] Spikes\n|move|p1a: Gliscor|Protect||[still]\n|-fail|p1a: Gliscor\n|\n|-heal|p1a: Gliscor|64/100 tox|[from] ability: Poison Heal\n|upkeep\n|turn|27\n|\n|t:|1695173938\n|move|p2a: Ogerpon|Power Whip|p1a: Gliscor\n|-damage|p1a: Gliscor|18/100 tox\n|move|p1a: Gliscor|Toxic|p2a: Ogerpon\n|-status|p2a: Ogerpon|tox\n|\n|-damage|p2a: Ogerpon|53/100 tox|[from] psn\n|-heal|p1a: Gliscor|31/100 tox|[from] ability: Poison Heal\n|upkeep\n|turn|28\n|-message|dooridadoo forfeited.\n|\n|win|N1RankoKanzakiSimp\n|raw|N1RankoKanzakiSimp's rating: 1755 &rarr; <strong>1769</strong><br />(+14 for winning)\n|raw|dooridadoo's rating: 1650 &rarr; <strong>1636</strong><br />(-14 for losing)\n|l|\u2606dooridadoo\n|l|\u2606N1RankoKanzakiSimp\n", "uploadtime": 1695174049, "views": 5, "p1id": "n1rankokanzakisimp", "p2id": "dooridadoo", "formatid": "gen9ou", "rating": 1636, "private": 0, "password": ""}