{"id": "gen9ou-1947552269", "p1": "kindabigpants", "p2": "saberuihaf", "format": "gen9ou", "log": "|j|\u2606kindabigpants\n|j|\u2606saberuihaf\n|t:|1695171833\n|gametype|singles\n|player|p1|kindabigpants|burglar|1219\n|player|p2|saberuihaf|170|1139\n|teamsize|p1|6\n|teamsize|p2|6\n|gen|9\n|tier|[Gen 9] OU\n|rated|\n|rule|Sleep Clause Mod: Limit one foe put to sleep\n|rule|Species Clause: Limit one of each Pok\u00e9mon\n|rule|OHKO Clause: OHKO moves are banned\n|rule|Evasion Items Clause: Evasion items are banned\n|rule|Evasion Moves Clause: Evasion moves are banned\n|rule|Endless Battle Clause: Forcing endless battles is banned\n|rule|HP Percentage Mod: HP is shown in percentages\n|clearpoke\n|poke|p1|Sinistcha|\n|poke|p1|Tauros-Paldea-Blaze, M|\n|poke|p1|Great Tusk|\n|poke|p1|Clodsire, M|\n|poke|p1|Gholdengo|\n|poke|p1|Kingambit, M|\n|poke|p2|Heracross, M|\n|poke|p2|Azumarill, F|\n|poke|p2|Great Tusk|\n|poke|p2|Empoleon, M|\n|poke|p2|Gliscor, M|\n|poke|p2|Jirachi|\n|teampreview\n|inactive|Battle timer is ON: inactive players will automatically lose when time's up. (requested by kindabigpants)\n|\n|t:|1695171847\n|start\n|switch|p1a: Great Tusk|Great Tusk|100/100\n|switch|p2a: Gliscor|Gliscor, M|100/100\n|turn|1\n|\n|t:|1695171851\n|move|p2a: Gliscor|Protect|p2a: Gliscor\n|-singleturn|p2a: Gliscor|Protect\n|move|p1a: Great Tusk|Ice Spinner|p2a: Gliscor\n|-activate|p2a: Gliscor|move: Protect\n|\n|-status|p2a: Gliscor|tox|[from] item: Toxic Orb\n|upkeep\n|turn|2\n|\n|t:|1695171860\n|switch|p2a: Azumarill|Azumarill, F|100/100\n|move|p1a: Great Tusk|Ice Spinner|p2a: Azumarill\n|-resisted|p2a: Azumarill\n|-damage|p2a: Azumarill|84/100\n|\n|upkeep\n|turn|3\n|\n|t:|1695171866\n|-end|p1a: Great Tusk|Protosynthesis|[silent]\n|switch|p1a: Sinistcha|Sinistcha|100/100\n|move|p2a: Azumarill|Liquidation|p1a: Sinistcha\n|-resisted|p1a: Sinistcha\n|-damage|p1a: Sinistcha|84/100\n|\n|-heal|p1a: Sinistcha|90/100|[from] item: Leftovers\n|upkeep\n|turn|4\n|\n|t:|1695171874\n|switch|p2a: Jirachi|Jirachi|100/100\n|move|p1a: Sinistcha|Matcha Gotcha|p2a: Jirachi\n|-resisted|p2a: Jirachi\n|-damage|p2a: Jirachi|90/100\n|-heal|p1a: Sinistcha|96/100|[from] drain|[of] p2a: Jirachi\n|\n|-heal|p1a: Sinistcha|100/100|[from] item: Leftovers\n|upkeep\n|turn|5\n|\n|t:|1695171880\n|move|p2a: Jirachi|Iron Head|p1a: Sinistcha\n|-damage|p1a: Sinistcha|80/100\n|cant|p1a: Sinistcha|flinch\n|\n|-heal|p1a: Sinistcha|86/100|[from] item: Leftovers\n|upkeep\n|turn|6\n|\n|t:|1695171883\n|move|p2a: Jirachi|Wish|p2a: Jirachi\n|move|p1a: Sinistcha|Calm Mind|p1a: Sinistcha\n|-boost|p1a: Sinistcha|spa|1\n|-boost|p1a: Sinistcha|spd|1\n|\n|-heal|p1a: Sinistcha|92/100|[from] item: Leftovers\n|upkeep\n|turn|7\n|\n|t:|1695171897\n|switch|p2a: Heracross|Heracross, M|100/100\n|move|p1a: Sinistcha|Strength Sap|p2a: Heracross\n|-unboost|p2a: Heracross|atk|1\n|-heal|p1a: Sinistcha|100/100\n|\n|upkeep\n|turn|8\n|\n|t:|1695171910\n|switch|p2a: Empoleon|Empoleon, M|100/100\n|-terastallize|p1a: Sinistcha|Fairy\n|move|p1a: Sinistcha|Calm Mind|p1a: Sinistcha\n|-boost|p1a: Sinistcha|spa|1\n|-boost|p1a: Sinistcha|spd|1\n|\n|upkeep\n|turn|9\n|\n|t:|1695171915\n|move|p2a: Empoleon|Agility|p2a: Empoleon\n|-boost|p2a: Empoleon|spe|2\n|move|p1a: Sinistcha|Matcha Gotcha|p2a: Empoleon\n|-damage|p2a: Empoleon|27/100\n|\n|-heal|p2a: Empoleon|34/100|[from] item: Leftovers\n|upkeep\n|turn|10\n|\n|t:|1695171918\n|move|p2a: Empoleon|Flash Cannon|p1a: Sinistcha\n|-supereffective|p1a: Sinistcha\n|-damage|p1a: Sinistcha|54/100\n|move|p1a: Sinistcha|Matcha Gotcha|p2a: Empoleon\n|-damage|p2a: Empoleon|0 fnt\n|-heal|p1a: Sinistcha|68/100|[from] drain|[of] p2a: Empoleon\n|faint|p2a: Empoleon\n|\n|-heal|p1a: Sinistcha|74/100|[from] item: Leftovers\n|upkeep\n|\n|t:|1695171924\n|switch|p2a: Jirachi|Jirachi|90/100\n|turn|11\n|\n|t:|1695171927\n|move|p2a: Jirachi|Iron Head|p1a: Sinistcha\n|-supereffective|p1a: Sinistcha\n|-damage|p1a: Sinistcha|35/100\n|move|p1a: Sinistcha|Shadow Ball|p2a: Jirachi\n|-supereffective|p2a: Jirachi\n|-damage|p2a: Jirachi|8/100\n|\n|-heal|p1a: Sinistcha|41/100|[from] item: Leftovers\n|upkeep\n|turn|12\n|\n|t:|1695171937\n|move|p2a: Jirachi|Iron Head|p1a: Sinistcha\n|-supereffective|p1a: Sinistcha\n|-damage|p1a: Sinistcha|4/100\n|cant|p1a: Sinistcha|flinch\n|\n|-heal|p1a: Sinistcha|10/100|[from] item: Leftovers\n|upkeep\n|turn|13\n|\n|t:|1695171950\n|switch|p1a: Tauros|Tauros-Paldea-Blaze, M|100/100\n|-ability|p1a: Tauros|Intimidate|boost\n|-unboost|p2a: Jirachi|atk|1\n|move|p2a: Jirachi|Body Slam|p1a: Tauros\n|-damage|p1a: Tauros|87/100\n|-status|p1a: Tauros|par\n|\n|upkeep\n|turn|14\n|\n|t:|1695171954\n|move|p2a: Jirachi|Wish|p2a: Jirachi\n|move|p1a: Tauros|Raging Bull|p2a: Jirachi\n|-supereffective|p2a: Jirachi\n|-damage|p2a: Jirachi|0 fnt\n|faint|p2a: Jirachi\n|\n|upkeep\n|\n|t:|1695171959\n|switch|p2a: Great Tusk|Great Tusk|100/100\n|turn|15\n|\n|t:|1695171964\n|switch|p1a: Sinistcha|Sinistcha, tera:Fairy|10/100\n|move|p2a: Great Tusk|Stealth Rock|p1a: Sinistcha\n|-sidestart|p1: kindabigpants|move: Stealth Rock\n|\n|-heal|p1a: Sinistcha|16/100|[from] item: Leftovers\n|upkeep\n|turn|16\n|\n|t:|1695171967\n|move|p2a: Great Tusk|Rapid Spin|p1a: Sinistcha\n|-damage|p1a: Sinistcha|6/100\n|-boost|p2a: Great Tusk|spe|1\n|move|p1a: Sinistcha|Strength Sap|p2a: Great Tusk\n|-unboost|p2a: Great Tusk|atk|1\n|-heal|p1a: Sinistcha|92/100\n|\n|-heal|p1a: Sinistcha|98/100|[from] item: Leftovers\n|upkeep\n|turn|17\n|\n|t:|1695171976\n|-end|p2a: Great Tusk|Protosynthesis|[silent]\n|switch|p2a: Gliscor|Gliscor, M|100/100 tox\n|move|p1a: Sinistcha|Matcha Gotcha|p2a: Gliscor\n|-damage|p2a: Gliscor|60/100 tox\n|-heal|p1a: Sinistcha|100/100|[from] drain|[of] p2a: Gliscor\n|\n|-heal|p2a: Gliscor|72/100 tox|[from] ability: Poison Heal\n|upkeep\n|turn|18\n|\n|t:|1695171981\n|switch|p1a: Clodsire|Clodsire, M|100/100\n|-damage|p1a: Clodsire|94/100|[from] Stealth Rock\n|move|p2a: Gliscor|Toxic|p1a: Clodsire\n|-immune|p1a: Clodsire\n|\n|-heal|p1a: Clodsire|100/100|[from] item: Leftovers\n|-heal|p2a: Gliscor|85/100 tox|[from] ability: Poison Heal\n|upkeep\n|turn|19\n|\n|t:|1695171986\n|move|p2a: Gliscor|Spikes|p1a: Clodsire\n|-sidestart|p1: kindabigpants|Spikes\n|move|p1a: Clodsire|Stealth Rock|p2a: Gliscor\n|-sidestart|p2: saberuihaf|move: Stealth Rock\n|\n|-heal|p2a: Gliscor|97/100 tox|[from] ability: Poison Heal\n|upkeep\n|turn|20\n|\n|t:|1695171988\n|switch|p1a: Great Tusk|Great Tusk|100/100\n|move|p2a: Gliscor|Spikes|p1a: Great Tusk\n|-sidestart|p1: kindabigpants|Spikes\n|\n|-heal|p2a: Gliscor|100/100 tox|[from] ability: Poison Heal\n|upkeep\n|turn|21\n|\n|t:|1695171995\n|move|p1a: Great Tusk|Rapid Spin|p2a: Gliscor\n|-damage|p2a: Gliscor|90/100 tox\n|-boost|p1a: Great Tusk|spe|1\n|-sideend|p1: kindabigpants|Spikes|[from] move: Rapid Spin|[of] p1a: Great Tusk\n|-sideend|p1: kindabigpants|Stealth Rock|[from] move: Rapid Spin|[of] p1a: Great Tusk\n|move|p2a: Gliscor|Toxic|p1a: Great Tusk\n|-status|p1a: Great Tusk|tox\n|\n|-damage|p1a: Great Tusk|94/100 tox|[from] psn\n|-heal|p2a: Gliscor|100/100 tox|[from] ability: Poison Heal\n|upkeep\n|turn|22\n|\n|t:|1695171999\n|move|p1a: Great Tusk|Ice Spinner|p2a: Gliscor\n|-supereffective|p2a: Gliscor\n|-damage|p2a: Gliscor|29/100 tox\n|move|p2a: Gliscor|Knock Off|p1a: Great Tusk\n|-resisted|p1a: Great Tusk\n|-damage|p1a: Great Tusk|87/100 tox\n|-enditem|p1a: Great Tusk|Heavy-Duty Boots|[from] move: Knock Off|[of] p2a: Gliscor\n|\n|-damage|p1a: Great Tusk|75/100 tox|[from] psn\n|-heal|p2a: Gliscor|42/100 tox|[from] ability: Poison Heal\n|upkeep\n|turn|23\n|\n|t:|1695172002\n|move|p2a: Gliscor|Protect|p2a: Gliscor\n|-singleturn|p2a: Gliscor|Protect\n|move|p1a: Great Tusk|Ice Spinner|p2a: Gliscor\n|-activate|p2a: Gliscor|move: Protect\n|\n|-damage|p1a: Great Tusk|56/100 tox|[from] psn\n|-heal|p2a: Gliscor|54/100 tox|[from] ability: Poison Heal\n|upkeep\n|turn|24\n|\n|t:|1695172005\n|move|p1a: Great Tusk|Ice Spinner|p2a: Gliscor\n|-supereffective|p2a: Gliscor\n|-damage|p2a: Gliscor|0 fnt\n|faint|p2a: Gliscor\n|\n|-damage|p1a: Great Tusk|31/100 tox|[from] psn\n|upkeep\n|\n|t:|1695172007\n|switch|p2a: Azumarill|Azumarill, F|84/100\n|-damage|p2a: Azumarill|72/100|[from] Stealth Rock\n|turn|25\n|\n|t:|1695172013\n|move|p2a: Azumarill|Aqua Jet|p1a: Great Tusk\n|-supereffective|p1a: Great Tusk\n|-damage|p1a: Great Tusk|0 fnt\n|faint|p1a: Great Tusk\n|-end|p1a: Great Tusk|Protosynthesis|[silent]\n|\n|upkeep\n|\n|t:|1695172016\n|switch|p1a: Sinistcha|Sinistcha, tera:Fairy|100/100\n|turn|26\n|\n|t:|1695172019\n|switch|p2a: Great Tusk|Great Tusk|100/100\n|-damage|p2a: Great Tusk|98/100|[from] Stealth Rock\n|move|p1a: Sinistcha|Matcha Gotcha|p2a: Great Tusk|[miss]\n|-miss|p1a: Sinistcha|p2a: Great Tusk\n|\n|-heal|p2a: Great Tusk|100/100|[from] item: Leftovers\n|upkeep\n|turn|27\n|\n|t:|1695172028\n|move|p2a: Great Tusk|Rapid Spin|p1a: Sinistcha\n|-damage|p1a: Sinistcha|91/100\n|-boost|p2a: Great Tusk|spe|1\n|-sideend|p2: saberuihaf|Stealth Rock|[from] move: Rapid Spin|[of] p2a: Great Tusk\n|move|p1a: Sinistcha|Strength Sap|p2a: Great Tusk\n|-unboost|p2a: Great Tusk|atk|1\n|-heal|p1a: Sinistcha|100/100\n|\n|upkeep\n|turn|28\n|\n|t:|1695172031\n|move|p2a: Great Tusk|Knock Off|p1a: Sinistcha\n|-resisted|p1a: Sinistcha\n|-damage|p1a: Sinistcha|95/100\n|-enditem|p1a: Sinistcha|Leftovers|[from] move: Knock Off|[of] p2a: Great Tusk\n|move|p1a: Sinistcha|Strength Sap|p2a: Great Tusk\n|-unboost|p2a: Great Tusk|atk|1\n|-heal|p1a: Sinistcha|100/100\n|\n|upkeep\n|turn|29\n|\n|t:|1695172034\n|move|p2a: Great Tusk|Stealth Rock|p1a: Sinistcha\n|-sidestart|p1: kindabigpants|move: Stealth Rock\n|move|p1a: Sinistcha|Strength Sap|p2a: Great Tusk\n|-unboost|p2a: Great Tusk|atk|1\n|\n|upkeep\n|turn|30\n|\n|t:|1695172036\n|move|p2a: Great Tusk|Earthquake|p1a: Sinistcha\n|-damage|p1a: Sinistcha|87/100\n|move|p1a: Sinistcha|Calm Mind|p1a: Sinistcha\n|-boost|p1a: Sinistcha|spa|1\n|-boost|p1a: Sinistcha|spd|1\n|\n|upkeep\n|turn|31\n|\n|t:|1695172043\n|-end|p2a: Great Tusk|Protosynthesis|[silent]\n|switch|p2a: Heracross|Heracross, M|100/100\n|move|p1a: Sinistcha|Calm Mind|p1a: Sinistcha\n|-boost|p1a: Sinistcha|spa|1\n|-boost|p1a: Sinistcha|spd|1\n|\n|upkeep\n|turn|32\n|\n|t:|1695172046\n|move|p2a: Heracross|Megahorn|p1a: Sinistcha\n|-resisted|p1a: Sinistcha\n|-damage|p1a: Sinistcha|67/100\n|move|p1a: Sinistcha|Strength Sap|p2a: Heracross\n|-unboost|p2a: Heracross|atk|1\n|-heal|p1a: Sinistcha|100/100\n|\n|upkeep\n|turn|33\n|\n|t:|1695172050\n|switch|p2a: Azumarill|Azumarill, F|72/100\n|move|p1a: Sinistcha|Matcha Gotcha|p2a: Azumarill\n|-supereffective|p2a: Azumarill\n|-damage|p2a: Azumarill|0 fnt\n|faint|p2a: Azumarill\n|\n|upkeep\n|-message|saberuihaf forfeited.\n|\n|win|kindabigpants\n|raw|kindabigpants's rating: 1219 &rarr; <strong>1238</strong><br />(+19 for winning)\n|raw|saberuihaf's rating: 1139 &rarr; <strong>1120</strong><br />(-19 for losing)\n|l|\u2606saberuihaf\n", "uploadtime": 1695172057, "views": 3, "p1id": "kindabigpants", "p2id": "saberuihaf", "formatid": "gen9ou", "rating": 1120, "private": 0, "password": ""}