{"id": "gen9ou-1947565863", "p1": "stonkystinky", "p2": "six5", "format": "gen9ou", "log": "|j|\u2606stonkystinky\n|j|\u2606six5\n|t:|1695173154\n|gametype|singles\n|player|p1|stonkystinky|102|1400\n|player|p2|six5|preschooler|1310\n|teamsize|p1|6\n|teamsize|p2|6\n|gen|9\n|tier|[Gen 9] OU\n|rated|\n|rule|Sleep Clause Mod: Limit one foe put to sleep\n|rule|Species Clause: Limit one of each Pok\u00e9mon\n|rule|OHKO Clause: OHKO moves are banned\n|rule|Evasion Items Clause: Evasion items are banned\n|rule|Evasion Moves Clause: Evasion moves are banned\n|rule|Endless Battle Clause: Forcing endless battles is banned\n|rule|HP Percentage Mod: HP is shown in percentages\n|clearpoke\n|poke|p1|Kingambit, M|\n|poke|p1|Glimmora, F|\n|poke|p1|Zamazenta-*|\n|poke|p1|Iron Valiant|\n|poke|p1|Iron Moth|\n|poke|p1|Ogerpon-Wellspring, F|\n|poke|p2|Samurott-Hisui, F|\n|poke|p2|Kingambit, F|\n|poke|p2|Sandy Shocks|\n|poke|p2|Gholdengo|\n|poke|p2|Iron Valiant|\n|poke|p2|Walking Wake|\n|teampreview\n|inactive|Battle timer is ON: inactive players will automatically lose when time's up. (requested by stonkystinky)\n|n|\u2606six5|six5\n|inactive|six5 has 120 seconds left.\n|\n|t:|1695173211\n|start\n|switch|p1a: Glimmora|Glimmora, F, shiny|100/100\n|switch|p2a: Walking Wake|Walking Wake|100/100\n|-enditem|p2a: Walking Wake|Booster Energy\n|-activate|p2a: Walking Wake|ability: Protosynthesis|[fromitem]\n|-start|p2a: Walking Wake|protosynthesisspa\n|turn|1\n|inactive|stonkystinky has 120 seconds left.\n|\n|t:|1695173241\n|move|p2a: Walking Wake|Substitute|p2a: Walking Wake\n|-start|p2a: Walking Wake|Substitute\n|-damage|p2a: Walking Wake|76/100\n|move|p1a: Glimmora|Stealth Rock|p2a: Walking Wake\n|-sidestart|p2: six5|move: Stealth Rock\n|\n|upkeep\n|turn|2\n|\n|t:|1695173252\n|move|p2a: Walking Wake|Agility|p2a: Walking Wake\n|-boost|p2a: Walking Wake|spe|2\n|move|p1a: Glimmora|Power Gem|p2a: Walking Wake\n|-end|p2a: Walking Wake|Substitute\n|\n|upkeep\n|turn|3\n|\n|t:|1695173256\n|move|p2a: Walking Wake|Surf|p1a: Glimmora\n|-supereffective|p1a: Glimmora\n|-enditem|p1a: Glimmora|Focus Sash\n|-damage|p1a: Glimmora|1/100\n|move|p1a: Glimmora|Power Gem|p2a: Walking Wake\n|-damage|p2a: Walking Wake|24/100\n|\n|upkeep\n|turn|4\n|\n|t:|1695173260\n|move|p2a: Walking Wake|Surf|p1a: Glimmora\n|-supereffective|p1a: Glimmora\n|-damage|p1a: Glimmora|0 fnt\n|faint|p1a: Glimmora\n|\n|upkeep\n|\n|t:|1695173262\n|switch|p1a: Master Shifu|Kingambit, M|100/100\n|-activate|p1a: Master Shifu|ability: Supreme Overlord\n|-start|p1a: Master Shifu|fallen1|[silent]\n|turn|5\n|\n|t:|1695173270\n|move|p1a: Master Shifu|Sucker Punch|p2a: Walking Wake\n|-damage|p2a: Walking Wake|0 fnt\n|faint|p2a: Walking Wake\n|-end|p2a: Walking Wake|Protosynthesis|[silent]\n|\n|upkeep\n|\n|t:|1695173275\n|switch|p2a: Samurott|Samurott-Hisui, F|100/100\n|-damage|p2a: Samurott|88/100|[from] Stealth Rock\n|turn|6\n|\n|t:|1695173285\n|-end|p1a: Master Shifu|fallen1|[silent]\n|switch|p1a: Twilight Link|Zamazenta, shiny|100/100\n|-ability|p1a: Twilight Link|Dauntless Shield|boost\n|-boost|p1a: Twilight Link|def|1\n|move|p2a: Samurott|Sacred Sword|p1a: Twilight Link\n|-damage|p1a: Twilight Link|70/100\n|\n|-heal|p1a: Twilight Link|76/100|[from] item: Leftovers\n|upkeep\n|turn|7\n|\n|t:|1695173293\n|move|p1a: Twilight Link|Crunch|p2a: Samurott\n|-resisted|p2a: Samurott\n|-damage|p2a: Samurott|73/100\n|move|p2a: Samurott|Razor Shell|p1a: Twilight Link\n|-damage|p1a: Twilight Link|50/100\n|-unboost|p1a: Twilight Link|def|1\n|\n|-heal|p1a: Twilight Link|56/100|[from] item: Leftovers\n|upkeep\n|turn|8\n|\n|t:|1695173298\n|move|p2a: Samurott|Aqua Jet|p1a: Twilight Link\n|-damage|p1a: Twilight Link|40/100\n|move|p1a: Twilight Link|Iron Defense|p1a: Twilight Link\n|-boost|p1a: Twilight Link|def|2\n|\n|-heal|p1a: Twilight Link|47/100|[from] item: Leftovers\n|upkeep\n|turn|9\n|\n|t:|1695173302\n|switch|p2a: Gholdengo|Gholdengo|100/100\n|-damage|p2a: Gholdengo|94/100|[from] Stealth Rock\n|-item|p2a: Gholdengo|Air Balloon\n|move|p1a: Twilight Link|Body Press|p2a: Gholdengo\n|-immune|p2a: Gholdengo\n|\n|-heal|p1a: Twilight Link|53/100|[from] item: Leftovers\n|upkeep\n|turn|10\n|\n|t:|1695173306\n|switch|p1a: Master Shifu|Kingambit, M|100/100\n|-activate|p1a: Master Shifu|ability: Supreme Overlord\n|-start|p1a: Master Shifu|fallen1|[silent]\n|move|p2a: Gholdengo|Thunder Wave|p1a: Master Shifu\n|-status|p1a: Master Shifu|par\n|\n|upkeep\n|turn|11\n|\n|t:|1695173313\n|move|p2a: Gholdengo|Focus Blast|p1a: Master Shifu\n|-supereffective|p1a: Master Shifu\n|-damage|p1a: Master Shifu|0 fnt\n|faint|p1a: Master Shifu\n|-end|p1a: Master Shifu|fallen1|[silent]\n|\n|upkeep\n|c|\u2606stonkystinky|what kinda set is this\n|j| Kapmania\n|c|\u2606stonkystinky|Twave balloon focus blast\n|c| Kapmania|six5\n|\n|t:|1695173328\n|switch|p1a: The Moth|Iron Moth|100/100\n|-enditem|p1a: The Moth|Booster Energy\n|-activate|p1a: The Moth|ability: Quark Drive|[fromitem]\n|-start|p1a: The Moth|quarkdrivespe\n|turn|12\n|c|\u2606six5|a very common one\n|c|\u2606six5|u should play more\n|c|\u2606stonkystinky|bro's in the 1300s\n|c|\u2606stonkystinky|talking big\n|c|\u2606stonkystinky|thats crazy\n|c|\u2606six5|this is my alt\n|c|\u2606stonkystinky|same with me\n|c| Kapmania|are you slow? like i saw you get banned twice\n|c|\u2606six5|eat ma butt kapmania\n|inactive|six5 has 120 seconds left.\n|c|\u2606stonkystinky|lmao\n|\n|t:|1695173362\n|switch|p2a: Samurott|Samurott-Hisui, F|73/100\n|-damage|p2a: Samurott|60/100|[from] Stealth Rock\n|move|p1a: The Moth|Substitute|p1a: The Moth\n|-start|p1a: The Moth|Substitute\n|-damage|p1a: The Moth|76/100\n|\n|upkeep\n|turn|13\n|c|\u2606stonkystinky|bro got caught lacking\n|\n|t:|1695173370\n|move|p2a: Samurott|Aqua Jet|p1a: The Moth\n|-supereffective|p1a: The Moth\n|-end|p1a: The Moth|Substitute\n|move|p1a: The Moth|Dazzling Gleam|p2a: Samurott\n|-supereffective|p2a: Samurott\n|-damage|p2a: Samurott|0 fnt\n|faint|p2a: Samurott\n|\n|upkeep\n|c| Kapmania|honestly it aint too funny\n|inactive|six5 has 120 seconds left.\n|c|\u2606six5|hahah stinky I got his ass huh\n|c| Kapmania|bro, i'm a dude, gay ahh\n|c| Kapmania|then i got a girlfriend\n|\n|t:|1695173407\n|switch|p2a: Sandy Shocks|Sandy Shocks|100/100\n|-damage|p2a: Sandy Shocks|94/100|[from] Stealth Rock\n|-enditem|p2a: Sandy Shocks|Booster Energy\n|-activate|p2a: Sandy Shocks|ability: Protosynthesis|[fromitem]\n|-start|p2a: Sandy Shocks|protosynthesisspe\n|turn|14\n|c|\u2606six5|you don't have a girlfriend\n|\n|t:|1695173431\n|-end|p1a: The Moth|Quark Drive|[silent]\n|switch|p1a: Twilight Link|Zamazenta, shiny|53/100\n|move|p2a: Sandy Shocks|Earth Power|p1a: Twilight Link\n|-damage|p1a: Twilight Link|16/100\n|\n|-heal|p1a: Twilight Link|22/100|[from] item: Leftovers\n|upkeep\n|turn|15\n|c|\u2606six5|rosy palma and her five sisters maybe\n|c|\u2606six5|Pamela Handerson maybe\n|c|@Archas|/log Kapmania was locked from talking by Archas. (instigating problems in other users' battles + using gay as a pejorative)\n|n|\u203dsix5|six5\n|c|@Archas|/log six5 was locked from talking by Archas. (repeated indecency in battle and roomchats)\n|inactive|six5 has 90 seconds left.\n|inactive|six5 has 60 seconds left.\n|inactive|six5 has 30 seconds left.\n|inactive|six5 has 20 seconds left.\n|\n|t:|1695173523\n|move|p2a: Sandy Shocks|Thunderbolt|p1a: Twilight Link\n|-damage|p1a: Twilight Link|0 fnt\n|faint|p1a: Twilight Link\n|\n|upkeep\n|inactive|six5 has 25 seconds left this turn.\n|\n|t:|1695173531\n|switch|p1a: Ooga Booga|Ogerpon-Wellspring, F|100/100\n|turn|16\n|inactive|six5 has 30 seconds left.\n|\n|t:|1695173539\n|move|p2a: Sandy Shocks|Thunderbolt|p1a: Ooga Booga\n|-damage|p1a: Ooga Booga|50/100\n|-status|p1a: Ooga Booga|par\n|cant|p1a: Ooga Booga|par\n|\n|upkeep\n|turn|17\n|c|\u2606stonkystinky|insane luck\n|\n|t:|1695173546\n|move|p2a: Sandy Shocks|Thunderbolt|p1a: Ooga Booga\n|-damage|p1a: Ooga Booga|3/100 par\n|move|p1a: Ooga Booga|Ivy Cudgel|p2a: Sandy Shocks\n|-supereffective|p2a: Sandy Shocks\n|-crit|p2a: Sandy Shocks\n|-damage|p2a: Sandy Shocks|0 fnt\n|faint|p2a: Sandy Shocks\n|-end|p2a: Sandy Shocks|Protosynthesis|[silent]\n|\n|upkeep\n|\n|t:|1695173556\n|switch|p2a: Iron Valiant|Iron Valiant|100/100\n|-damage|p2a: Iron Valiant|94/100|[from] Stealth Rock\n|-enditem|p2a: Iron Valiant|Booster Energy\n|-activate|p2a: Iron Valiant|ability: Quark Drive|[fromitem]\n|-start|p2a: Iron Valiant|quarkdrivespe\n|turn|18\n|\n|t:|1695173561\n|move|p2a: Iron Valiant|Swords Dance|p2a: Iron Valiant\n|-boost|p2a: Iron Valiant|atk|2\n|cant|p1a: Ooga Booga|par\n|\n|upkeep\n|turn|19\n|c|\u2606stonkystinky|lucky ahh\n|c|\u2606stonkystinky|insane brp\n|\n|t:|1695173571\n|move|p2a: Iron Valiant|Close Combat|p1a: Ooga Booga\n|-damage|p1a: Ooga Booga|0 fnt\n|-unboost|p2a: Iron Valiant|def|1\n|-unboost|p2a: Iron Valiant|spd|1\n|faint|p1a: Ooga Booga\n|\n|upkeep\n|\n|t:|1695173574\n|switch|p1a: The Moth|Iron Moth|76/100\n|turn|20\n|\n|t:|1695173587\n|-terastallize|p2a: Iron Valiant|Dark\n|-terastallize|p1a: The Moth|Fairy\n|move|p2a: Iron Valiant|Knock Off|p1a: The Moth\n|-resisted|p1a: The Moth\n|-damage|p1a: The Moth|26/100\n|move|p1a: The Moth|Sludge Wave|p2a: Iron Valiant\n|-damage|p2a: Iron Valiant|0 fnt\n|faint|p2a: Iron Valiant\n|-end|p2a: Iron Valiant|Quark Drive|[silent]\n|\n|upkeep\n|\n|t:|1695173595\n|switch|p2a: Gholdengo|Gholdengo|94/100\n|-damage|p2a: Gholdengo|88/100|[from] Stealth Rock\n|-item|p2a: Gholdengo|Air Balloon\n|turn|21\n|\n|t:|1695173599\n|move|p1a: The Moth|Fiery Dance|p2a: Gholdengo\n|-supereffective|p2a: Gholdengo\n|-damage|p2a: Gholdengo|15/100\n|-boost|p1a: The Moth|spa|1\n|-enditem|p2a: Gholdengo|Air Balloon\n|move|p2a: Gholdengo|Make It Rain|p1a: The Moth\n|-supereffective|p1a: The Moth\n|-damage|p1a: The Moth|0 fnt\n|-unboost|p2a: Gholdengo|spa|1\n|faint|p1a: The Moth\n|-end|p1a: The Moth|Quark Drive|[silent]\n|\n|upkeep\n|\n|t:|1695173601\n|switch|p1a: Rafael|Iron Valiant|100/100\n|-enditem|p1a: Rafael|Booster Energy\n|-activate|p1a: Rafael|ability: Quark Drive|[fromitem]\n|-start|p1a: Rafael|quarkdrivespe\n|turn|22\n|\n|t:|1695173608\n|move|p1a: Rafael|Calm Mind|p1a: Rafael\n|-boost|p1a: Rafael|spa|1\n|-boost|p1a: Rafael|spd|1\n|move|p2a: Gholdengo|Thunder Wave|p1a: Rafael\n|-status|p1a: Rafael|par\n|\n|upkeep\n|turn|23\n|\n|t:|1695173613\n|move|p1a: Rafael|Moonblast|p2a: Gholdengo\n|-resisted|p2a: Gholdengo\n|-damage|p2a: Gholdengo|0 fnt\n|faint|p2a: Gholdengo\n|\n|upkeep\n|\n|t:|1695173615\n|switch|p2a: Kingambit|Kingambit, F|100/100\n|-damage|p2a: Kingambit|94/100|[from] Stealth Rock\n|-activate|p2a: Kingambit|ability: Supreme Overlord\n|-start|p2a: Kingambit|fallen5|[silent]\n|turn|24\n|\n|t:|1695173621\n|cant|p1a: Rafael|par\n|move|p2a: Kingambit|Swords Dance|p2a: Kingambit\n|-boost|p2a: Kingambit|atk|2\n|\n|-heal|p2a: Kingambit|100/100|[from] item: Leftovers\n|upkeep\n|turn|25\n|\n|t:|1695173626\n|move|p1a: Rafael|Hypnosis|p2a: Kingambit\n|-status|p2a: Kingambit|slp|[from] move: Hypnosis\n|cant|p2a: Kingambit|slp\n|\n|upkeep\n|turn|26\n|\n|t:|1695173628\n|move|p1a: Rafael|Moonblast|p2a: Kingambit\n|-damage|p2a: Kingambit|27/100 slp\n|cant|p2a: Kingambit|slp\n|\n|-heal|p2a: Kingambit|33/100 slp|[from] item: Leftovers\n|upkeep\n|turn|27\n|\n|t:|1695173631\n|move|p1a: Rafael|Moonblast|p2a: Kingambit\n|-damage|p2a: Kingambit|0 fnt\n|faint|p2a: Kingambit\n|-end|p2a: Kingambit|fallen5|[silent]\n|\n|win|stonkystinky\n|raw|stonkystinky's rating: 1400 &rarr; <strong>1415</strong><br />(+15 for winning)\n|raw|six5's rating: 1310 &rarr; <strong>1295</strong><br />(-15 for losing)\n", "uploadtime": 1695173442, "views": 2, "p1id": "stonkystinky", "p2id": "six5", "formatid": "gen9ou", "rating": 1295, "private": 0, "password": ""}