{"id": "gen9ou-1947520054", "p1": "Hhfhjbg", "p2": "EVE09", "format": "gen9ou", "log": "|j|\u2606Hhfhjbg\n|j|\u2606EVE09\n|t:|1695168691\n|gametype|singles\n|player|p1|Hhfhjbg|102|1333\n|player|p2|EVE09|169|1255\n|teamsize|p1|6\n|teamsize|p2|6\n|gen|9\n|tier|[Gen 9] OU\n|rated|\n|rule|Sleep Clause Mod: Limit one foe put to sleep\n|rule|Species Clause: Limit one of each Pok\u00e9mon\n|rule|OHKO Clause: OHKO moves are banned\n|rule|Evasion Items Clause: Evasion items are banned\n|rule|Evasion Moves Clause: Evasion moves are banned\n|rule|Endless Battle Clause: Forcing endless battles is banned\n|rule|HP Percentage Mod: HP is shown in percentages\n|clearpoke\n|poke|p1|Ogerpon, F|\n|poke|p1|Dragapult, M|\n|poke|p1|Greninja-*, M|\n|poke|p1|Kingambit, M|\n|poke|p1|Great Tusk|\n|poke|p1|Ursaluna-Bloodmoon, M|\n|poke|p2|Heatran, M|\n|poke|p2|Orthworm, M|\n|poke|p2|Gastrodon, F|\n|poke|p2|Weezing-Galar, F|\n|poke|p2|Iron Valiant|\n|poke|p2|Scream Tail|\n|teampreview\n|inactive|Battle timer is ON: inactive players will automatically lose when time's up. (requested by EVE09)\n|\n|t:|1695168707\n|start\n|switch|p1a: Great Tusk|Great Tusk|100/100\n|switch|p2a: Weezing|Weezing-Galar, F|100/100\n|-fieldstart|move: Misty Terrain|[from] ability: Misty Surge|[of] p2a: Weezing\n|turn|1\n|\n|t:|1695168718\n|move|p1a: Great Tusk|Stealth Rock|p2a: Weezing\n|-sidestart|p2: EVE09|move: Stealth Rock\n|move|p2a: Weezing|Strange Steam|p1a: Great Tusk\n|-supereffective|p1a: Great Tusk\n|-damage|p1a: Great Tusk|20/100\n|\n|upkeep\n|turn|2\n|\n|t:|1695168747\n|switch|p2a: Scream Tail|Scream Tail|100/100\n|-enditem|p2a: Scream Tail|Booster Energy\n|-activate|p2a: Scream Tail|ability: Protosynthesis|[fromitem]\n|-start|p2a: Scream Tail|protosynthesisspe\n|-damage|p2a: Scream Tail|88/100|[from] Stealth Rock\n|move|p1a: Great Tusk|Headlong Rush|p2a: Scream Tail\n|-damage|p2a: Scream Tail|42/100\n|-unboost|p1a: Great Tusk|def|1\n|-unboost|p1a: Great Tusk|spd|1\n|\n|upkeep\n|turn|3\n|inactive|EVE09 has 120 seconds left.\n|\n|t:|1695168763\n|move|p2a: Scream Tail|Dazzling Gleam|p1a: Great Tusk\n|-supereffective|p1a: Great Tusk\n|-damage|p1a: Great Tusk|0 fnt\n|faint|p1a: Great Tusk\n|-end|p1a: Great Tusk|Protosynthesis|[silent]\n|\n|upkeep\n|\n|t:|1695168768\n|switch|p1a: Ursaluna|Ursaluna-Bloodmoon, M|100/100\n|turn|4\n|\n|t:|1695168775\n|move|p2a: Scream Tail|Calm Mind|p2a: Scream Tail\n|-boost|p2a: Scream Tail|spa|1\n|-boost|p2a: Scream Tail|spd|1\n|move|p1a: Ursaluna|Calm Mind|p1a: Ursaluna\n|-boost|p1a: Ursaluna|spa|1\n|-boost|p1a: Ursaluna|spd|1\n|\n|upkeep\n|turn|5\n|\n|t:|1695168792\n|move|p2a: Scream Tail|Boomburst|p1a: Ursaluna\n|-damage|p1a: Ursaluna|75/100\n|move|p1a: Ursaluna|Calm Mind|p1a: Ursaluna\n|-boost|p1a: Ursaluna|spa|1\n|-boost|p1a: Ursaluna|spd|1\n|\n|-heal|p1a: Ursaluna|81/100|[from] item: Leftovers\n|upkeep\n|turn|6\n|\n|t:|1695168800\n|move|p2a: Scream Tail|Boomburst|p1a: Ursaluna\n|-damage|p1a: Ursaluna|61/100\n|move|p1a: Ursaluna|Blood Moon|p2a: Scream Tail\n|-damage|p2a: Scream Tail|0 fnt\n|faint|p2a: Scream Tail\n|-end|p2a: Scream Tail|Protosynthesis|[silent]\n|\n|-heal|p1a: Ursaluna|67/100|[from] item: Leftovers\n|upkeep\n|\n|t:|1695168812\n|switch|p2a: Orthworm|Orthworm, M|100/100\n|-damage|p2a: Orthworm|94/100|[from] Stealth Rock\n|turn|7\n|\n|t:|1695168815\n|move|p2a: Orthworm|Iron Defense|p2a: Orthworm\n|-boost|p2a: Orthworm|def|2\n|move|p1a: Ursaluna|Earth Power|p2a: Orthworm\n|-heal|p2a: Orthworm|100/100|[from] ability: Earth Eater|[of] p1a: Ursaluna\n|\n|-heal|p1a: Ursaluna|73/100|[from] item: Leftovers\n|upkeep\n|turn|8\n|\n|t:|1695168822\n|move|p1a: Ursaluna|Vacuum Wave|p2a: Orthworm\n|-supereffective|p2a: Orthworm\n|-damage|p2a: Orthworm|5/100\n|move|p2a: Orthworm|Body Press|p1a: Ursaluna\n|-supereffective|p1a: Ursaluna\n|-damage|p1a: Ursaluna|0 fnt\n|faint|p1a: Ursaluna\n|\n|-fieldend|Misty Terrain\n|upkeep\n|\n|t:|1695168827\n|switch|p1a: Greninja|Greninja, M|100/100\n|turn|9\n|\n|t:|1695168838\n|switch|p2a: Gastrodon|Gastrodon, F|100/100\n|-damage|p2a: Gastrodon|94/100|[from] Stealth Rock\n|move|p1a: Greninja|Surf|p2a: Gastrodon\n|-ability|p2a: Gastrodon|Storm Drain|boost\n|-boost|p2a: Gastrodon|spa|1\n|\n|upkeep\n|turn|10\n|\n|t:|1695168846\n|move|p1a: Greninja|Grass Knot|p2a: Gastrodon\n|-supereffective|p2a: Gastrodon\n|-damage|p2a: Gastrodon|36/100\n|-damage|p1a: Greninja|91/100|[from] item: Life Orb\n|move|p2a: Gastrodon|Earth Power|p1a: Greninja\n|-damage|p1a: Greninja|17/100\n|\n|upkeep\n|turn|11\n|\n|t:|1695168857\n|switch|p2a: Weezing|Weezing-Galar, F|100/100\n|-damage|p2a: Weezing|88/100|[from] Stealth Rock\n|-fieldstart|move: Misty Terrain|[from] ability: Misty Surge|[of] p2a: Weezing\n|move|p1a: Greninja|Dark Pulse|p2a: Weezing\n|-resisted|p2a: Weezing\n|-damage|p2a: Weezing|57/100\n|-damage|p1a: Greninja|7/100|[from] item: Life Orb\n|\n|upkeep\n|turn|12\n|\n|t:|1695168868\n|switch|p2a: Orthworm|Orthworm, M|5/100\n|-damage|p2a: Orthworm|0 fnt|[from] Stealth Rock\n|faint|p2a: Orthworm\n|move|p1a: Greninja|Surf|p2: Orthworm|[notarget]\n|-fail|p1a: Greninja\n|\n|upkeep\n|\n|t:|1695168885\n|switch|p2a: Iron Valiant|Iron Valiant|100/100\n|-damage|p2a: Iron Valiant|94/100|[from] Stealth Rock\n|-enditem|p2a: Iron Valiant|Booster Energy\n|-activate|p2a: Iron Valiant|ability: Quark Drive|[fromitem]\n|-start|p2a: Iron Valiant|quarkdrivespe\n|turn|13\n|\n|t:|1695168892\n|move|p2a: Iron Valiant|Swords Dance|p2a: Iron Valiant\n|-boost|p2a: Iron Valiant|atk|2\n|move|p1a: Greninja|Surf|p2a: Iron Valiant\n|-damage|p2a: Iron Valiant|10/100\n|-damage|p1a: Greninja|0 fnt|[from] item: Life Orb\n|faint|p1a: Greninja\n|\n|upkeep\n|\n|t:|1695168896\n|switch|p1a: Kingambit|Kingambit, M|100/100\n|-activate|p1a: Kingambit|ability: Supreme Overlord\n|-start|p1a: Kingambit|fallen3|[silent]\n|turn|14\n|\n|t:|1695168900\n|move|p1a: Kingambit|Sucker Punch|p2a: Iron Valiant\n|-resisted|p2a: Iron Valiant\n|-damage|p2a: Iron Valiant|0 fnt\n|faint|p2a: Iron Valiant\n|-end|p2a: Iron Valiant|Quark Drive|[silent]\n|-damage|p1a: Kingambit|91/100|[from] item: Life Orb\n|\n|upkeep\n|\n|t:|1695168905\n|switch|p2a: Heatran|Heatran, M|100/100\n|-damage|p2a: Heatran|88/100|[from] Stealth Rock\n|turn|15\n|\n|t:|1695168912\n|move|p1a: Kingambit|Sucker Punch|p2a: Heatran\n|-damage|p2a: Heatran|27/100\n|-damage|p1a: Kingambit|81/100|[from] item: Life Orb\n|move|p2a: Heatran|Magma Storm|p1a: Kingambit\n|-supereffective|p1a: Kingambit\n|-damage|p1a: Kingambit|0 fnt\n|faint|p1a: Kingambit\n|-end|p1a: Kingambit|fallen3|[silent]\n|\n|-heal|p2a: Heatran|34/100|[from] item: Leftovers\n|upkeep\n|\n|t:|1695168915\n|switch|p1a: Dragapult|Dragapult, M|100/100\n|turn|16\n|\n|t:|1695168922\n|move|p2a: Heatran|Protect|p2a: Heatran\n|-singleturn|p2a: Heatran|Protect\n|move|p1a: Dragapult|Shadow Ball|p2a: Heatran\n|-activate|p2a: Heatran|move: Protect\n|\n|-heal|p2a: Heatran|40/100|[from] item: Leftovers\n|upkeep\n|turn|17\n|\n|t:|1695168931\n|move|p1a: Dragapult|Shadow Ball|p2a: Heatran\n|-damage|p2a: Heatran|11/100\n|-unboost|p2a: Heatran|spd|1\n|-damage|p1a: Dragapult|91/100|[from] item: Life Orb\n|move|p2a: Heatran|Magma Storm|p1a: Dragapult\n|-resisted|p1a: Dragapult\n|-damage|p1a: Dragapult|60/100\n|-activate|p1a: Dragapult|move: Magma Storm|[of] p2a: Heatran\n|\n|-heal|p2a: Heatran|18/100|[from] item: Leftovers\n|-damage|p1a: Dragapult|48/100|[from] move: Magma Storm|[partiallytrapped]\n|upkeep\n|turn|18\n|\n|t:|1695168941\n|move|p2a: Heatran|Protect|p2a: Heatran\n|-singleturn|p2a: Heatran|Protect\n|move|p1a: Dragapult|Shadow Ball|p2a: Heatran\n|-activate|p2a: Heatran|move: Protect\n|\n|-heal|p2a: Heatran|24/100|[from] item: Leftovers\n|-damage|p1a: Dragapult|35/100|[from] move: Magma Storm|[partiallytrapped]\n|-fieldend|Misty Terrain\n|upkeep\n|turn|19\n|\n|t:|1695168951\n|move|p1a: Dragapult|Shadow Ball|p2a: Heatran\n|-damage|p2a: Heatran|0 fnt\n|faint|p2a: Heatran\n|-damage|p1a: Dragapult|26/100|[from] item: Life Orb\n|\n|-end|p1a: Dragapult|Magma Storm|[partiallytrapped]|[silent]\n|upkeep\n|\n|t:|1695168954\n|switch|p2a: Gastrodon|Gastrodon, F|36/100\n|-damage|p2a: Gastrodon|30/100|[from] Stealth Rock\n|turn|20\n|\n|t:|1695168957\n|move|p1a: Dragapult|Shadow Ball|p2a: Gastrodon\n|-damage|p2a: Gastrodon|1/100\n|-damage|p1a: Dragapult|16/100|[from] item: Life Orb\n|move|p2a: Gastrodon|Recover|p2a: Gastrodon\n|-heal|p2a: Gastrodon|51/100\n|\n|upkeep\n|turn|21\n|\n|t:|1695168967\n|move|p1a: Dragapult|Draco Meteor|p2a: Gastrodon\n|-damage|p2a: Gastrodon|5/100\n|-unboost|p1a: Dragapult|spa|2\n|-damage|p1a: Dragapult|6/100|[from] item: Life Orb\n|move|p2a: Gastrodon|Recover|p2a: Gastrodon\n|-heal|p2a: Gastrodon|55/100\n|\n|upkeep\n|turn|22\n|\n|t:|1695168974\n|switch|p1a: Ogerpon|Ogerpon, F|100/100\n|move|p2a: Gastrodon|Ice Beam|p1a: Ogerpon\n|-supereffective|p1a: Ogerpon\n|-crit|p1a: Ogerpon\n|-damage|p1a: Ogerpon|30/100\n|\n|upkeep\n|turn|23\n|\n|t:|1695168984\n|switch|p2a: Weezing|Weezing-Galar, F|57/100\n|-damage|p2a: Weezing|45/100|[from] Stealth Rock\n|-fieldstart|move: Misty Terrain|[from] ability: Misty Surge|[of] p2a: Weezing\n|-terastallize|p1a: Ogerpon|Grass\n|detailschange|p1a: Ogerpon|Ogerpon-Teal-Tera, F, tera:Grass\n|-ability|p1a: Ogerpon|Embody Aspect (Teal)|boost\n|-boost|p1a: Ogerpon|spe|1\n|move|p1a: Ogerpon|Ivy Cudgel|p2a: Weezing\n|-resisted|p2a: Weezing\n|-damage|p2a: Weezing|8/100\n|\n|upkeep\n|turn|24\n|\n|t:|1695168999\n|move|p1a: Ogerpon|Ivy Cudgel|p2a: Weezing\n|-resisted|p2a: Weezing\n|-damage|p2a: Weezing|0 fnt\n|faint|p2a: Weezing\n|\n|upkeep\n|\n|t:|1695169002\n|switch|p2a: Gastrodon|Gastrodon, F|55/100\n|-damage|p2a: Gastrodon|49/100|[from] Stealth Rock\n|turn|25\n|c|\u2606Hhfhjbg|Choice band ogerpon moment\n|\n|t:|1695169008\n|-terastallize|p2a: Gastrodon|Fairy\n|move|p1a: Ogerpon|Ivy Cudgel|p2a: Gastrodon\n|-damage|p2a: Gastrodon|0 fnt\n|faint|p2a: Gastrodon\n|\n|win|Hhfhjbg\n|raw|Hhfhjbg's rating: 1333 &rarr; <strong>1349</strong><br />(+16 for winning)\n|raw|EVE09's rating: 1255 &rarr; <strong>1236</strong><br />(-19 for losing)\n", "uploadtime": 1695169013, "views": 2, "p1id": "hhfhjbg", "p2id": "eve09", "formatid": "gen9ou", "rating": 1236, "private": 0, "password": ""}