{"id": "gen9ou-1947481517", "p1": "matrixhazed", "p2": "GlenClodsire", "format": "gen9ou", "log": "|j|\u2606matrixhazed\n|j|\u2606GlenClodsire\n|t:|1695164869\n|gametype|singles\n|player|p1|matrixhazed|265|1107\n|player|p2|GlenClodsire|will|1094\n|teamsize|p1|6\n|teamsize|p2|6\n|gen|9\n|tier|[Gen 9] OU\n|rated|\n|rule|Sleep Clause Mod: Limit one foe put to sleep\n|rule|Species Clause: Limit one of each Pok\u00e9mon\n|rule|OHKO Clause: OHKO moves are banned\n|rule|Evasion Items Clause: Evasion items are banned\n|rule|Evasion Moves Clause: Evasion moves are banned\n|rule|Endless Battle Clause: Forcing endless battles is banned\n|rule|HP Percentage Mod: HP is shown in percentages\n|clearpoke\n|poke|p1|Iron Moth|\n|poke|p1|Ursaluna-Bloodmoon, M|\n|poke|p1|Great Tusk|\n|poke|p1|Kingambit, F|\n|poke|p1|Dragonite, M|\n|poke|p1|Iron Valiant|\n|poke|p2|Kingambit, M|\n|poke|p2|Mandibuzz, F|\n|poke|p2|Garchomp, F|\n|poke|p2|Ogerpon-Hearthflame, F|\n|poke|p2|Torkoal, F|\n|poke|p2|Walking Wake|\n|teampreview\n|inactive|Battle timer is ON: inactive players will automatically lose when time's up. (requested by matrixhazed)\n|\n|t:|1695164876\n|start\n|switch|p1a: Great Tusk|Great Tusk|100/100\n|switch|p2a: Garchomp|Garchomp, F|100/100\n|turn|1\n|\n|t:|1695164880\n|move|p1a: Great Tusk|Stealth Rock|p2a: Garchomp\n|-sidestart|p2: GlenClodsire|move: Stealth Rock\n|move|p2a: Garchomp|Dragon Tail|p1a: Great Tusk\n|-damage|p1a: Great Tusk|83/100\n|-end|p1a: Great Tusk|Protosynthesis|[silent]\n|drag|p1a: Ursaluna|Ursaluna-Bloodmoon, M|100/100\n|\n|upkeep\n|turn|2\n|\n|t:|1695164887\n|move|p2a: Garchomp|Stealth Rock|p1a: Ursaluna\n|-sidestart|p1: matrixhazed|move: Stealth Rock\n|move|p1a: Ursaluna|Calm Mind|p1a: Ursaluna\n|-boost|p1a: Ursaluna|spa|1\n|-boost|p1a: Ursaluna|spd|1\n|\n|upkeep\n|turn|3\n|\n|t:|1695164892\n|move|p2a: Garchomp|Spikes|p1a: Ursaluna\n|-sidestart|p1: matrixhazed|Spikes\n|move|p1a: Ursaluna|Blood Moon|p2a: Garchomp\n|-damage|p2a: Garchomp|0 fnt\n|faint|p2a: Garchomp\n|\n|upkeep\n|\n|t:|1695164897\n|switch|p2a: Torkoal|Torkoal, F|100/100\n|-damage|p2a: Torkoal|76/100|[from] Stealth Rock\n|-weather|SunnyDay|[from] ability: Drought|[of] p2a: Torkoal\n|turn|4\n|\n|t:|1695164904\n|move|p1a: Ursaluna|Earth Power|p2a: Torkoal\n|-supereffective|p2a: Torkoal\n|-damage|p2a: Torkoal|0 fnt\n|faint|p2a: Torkoal\n|\n|-weather|SunnyDay|[upkeep]\n|upkeep\n|\n|t:|1695164916\n|switch|p2a: Ogerpon|Ogerpon-Hearthflame, F, shiny|100/100\n|-damage|p2a: Ogerpon|76/100|[from] Stealth Rock\n|-ability|p2a: Ogerpon|Mold Breaker\n|turn|5\n|\n|t:|1695164928\n|-terastallize|p2a: Ogerpon|Fire\n|detailschange|p2a: Ogerpon|Ogerpon-Hearthflame-Tera, F, shiny, tera:Fire\n|-ability|p2a: Ogerpon|Embody Aspect (Hearthflame)|boost\n|-boost|p2a: Ogerpon|atk|1\n|-terastallize|p1a: Ursaluna|Fighting\n|move|p2a: Ogerpon|Horn Leech|p1a: Ursaluna\n|-damage|p1a: Ursaluna|58/100\n|-heal|p2a: Ogerpon|100/100|[from] drain|[of] p1a: Ursaluna\n|move|p1a: Ursaluna|Blood Moon|p2a: Ogerpon\n|-damage|p2a: Ogerpon|0 fnt\n|faint|p2a: Ogerpon\n|\n|-weather|SunnyDay|[upkeep]\n|-heal|p1a: Ursaluna|64/100|[from] item: Leftovers\n|upkeep\n|-message|GlenClodsire forfeited.\n|\n|win|matrixhazed\n|raw|matrixhazed's rating: 1107 &rarr; <strong>1131</strong><br />(+24 for winning)\n|raw|GlenClodsire's rating: 1094 &rarr; <strong>1071</strong><br />(-23 for losing)\n|l|\u2606GlenClodsire\n", "uploadtime": 1695164950, "views": 4, "p1id": "matrixhazed", "p2id": "glenclodsire", "formatid": "gen9ou", "rating": 1071, "private": 0, "password": ""}