{"id": "gen9ou-1947546837", "p1": "Face Funky", "p2": "Johnnymcd16", "format": "gen9ou", "log": "|j|\u2606Face Funky\n|j|\u2606Johnnymcd16\n|t:|1695171306\n|gametype|singles\n|player|p1|Face Funky|red|1175\n|player|p2|Johnnymcd16|1|1159\n|teamsize|p1|6\n|teamsize|p2|6\n|gen|9\n|tier|[Gen 9] OU\n|rated|\n|rule|Sleep Clause Mod: Limit one foe put to sleep\n|rule|Species Clause: Limit one of each Pok\u00e9mon\n|rule|OHKO Clause: OHKO moves are banned\n|rule|Evasion Items Clause: Evasion items are banned\n|rule|Evasion Moves Clause: Evasion moves are banned\n|rule|Endless Battle Clause: Forcing endless battles is banned\n|rule|HP Percentage Mod: HP is shown in percentages\n|clearpoke\n|poke|p1|Infernape, M|\n|poke|p1|Gliscor, M|\n|poke|p1|Dondozo, M|\n|poke|p1|Zapdos|\n|poke|p1|Kingambit, M|\n|poke|p1|Great Tusk|\n|poke|p2|Ogerpon-Hearthflame, F|\n|poke|p2|Grimmsnarl, M|\n|poke|p2|Garchomp, M|\n|poke|p2|Frosmoth, F|\n|poke|p2|Kingambit, F|\n|poke|p2|Ribombee, M|\n|teampreview\n|inactive|Battle timer is ON: inactive players will automatically lose when time's up. (requested by Johnnymcd16)\n|\n|t:|1695171314\n|start\n|switch|p1a: Gliscor|Gliscor, M, shiny|100/100\n|switch|p2a: Frosmoth|Frosmoth, F|100/100\n|turn|1\n|\n|t:|1695171321\n|move|p1a: Gliscor|Dual Wingbeat|p2a: Frosmoth\n|-supereffective|p2a: Frosmoth\n|-damage|p2a: Frosmoth|42/100\n|-supereffective|p2a: Frosmoth\n|-damage|p2a: Frosmoth|0 fnt\n|faint|p2a: Frosmoth\n|-hitcount|p2: Frosmoth|2\n|\n|-status|p1a: Gliscor|tox|[from] item: Toxic Orb\n|upkeep\n|inactive|Johnnymcd16 has 120 seconds left.\n|\n|t:|1695171378\n|switch|p2a: Ribombee|Ribombee, M, shiny|100/100\n|turn|2\n|\n|t:|1695171382\n|move|p2a: Ribombee|Sticky Web|p1a: Gliscor\n|-sidestart|p1: Face Funky|move: Sticky Web\n|move|p1a: Gliscor|Dual Wingbeat|p2a: Ribombee\n|-supereffective|p2a: Ribombee\n|-damage|p2a: Ribombee|28/100\n|-supereffective|p2a: Ribombee\n|-damage|p2a: Ribombee|0 fnt\n|faint|p2a: Ribombee\n|-hitcount|p2: Ribombee|2\n|\n|upkeep\n|\n|t:|1695171394\n|switch|p2a: Garchomp|Garchomp, M|100/100\n|turn|3\n|\n|t:|1695171402\n|move|p2a: Garchomp|Swords Dance|p2a: Garchomp\n|-boost|p2a: Garchomp|atk|2\n|move|p1a: Gliscor|Knock Off|p2a: Garchomp\n|-damage|p2a: Garchomp|72/100\n|-damage|p1a: Gliscor|88/100 tox|[from] ability: Rough Skin|[of] p2a: Garchomp\n|-enditem|p2a: Garchomp|Loaded Dice|[from] move: Knock Off|[of] p1a: Gliscor\n|\n|-heal|p1a: Gliscor|100/100 tox|[from] ability: Poison Heal\n|upkeep\n|turn|4\n|\n|t:|1695171428\n|switch|p1a: Dondozo|Dondozo, M|100/100\n|-activate|p1a: Dondozo|move: Sticky Web\n|-unboost|p1a: Dondozo|spe|1\n|move|p2a: Garchomp|Scale Shot|p1a: Dondozo\n|-damage|p1a: Dondozo|95/100\n|-damage|p1a: Dondozo|89/100\n|-hitcount|p1a: Dondozo|2\n|-unboost|p2a: Garchomp|def|1\n|-boost|p2a: Garchomp|spe|1\n|\n|-heal|p1a: Dondozo|95/100|[from] item: Leftovers\n|upkeep\n|turn|5\n|\n|t:|1695171438\n|move|p2a: Garchomp|Crunch|p1a: Dondozo\n|-damage|p1a: Dondozo|82/100\n|move|p1a: Dondozo|Curse|p1a: Dondozo\n|-unboost|p1a: Dondozo|spe|1\n|-boost|p1a: Dondozo|atk|1\n|-boost|p1a: Dondozo|def|1\n|\n|-heal|p1a: Dondozo|88/100|[from] item: Leftovers\n|upkeep\n|turn|6\n|\n|t:|1695171444\n|switch|p2a: Ogerpon|Ogerpon-Hearthflame, F|100/100\n|-ability|p2a: Ogerpon|Mold Breaker\n|move|p1a: Dondozo|Curse|p1a: Dondozo\n|-unboost|p1a: Dondozo|spe|1\n|-boost|p1a: Dondozo|atk|1\n|-boost|p1a: Dondozo|def|1\n|\n|-heal|p1a: Dondozo|94/100|[from] item: Leftovers\n|upkeep\n|turn|7\n|\n|t:|1695171448\n|-terastallize|p2a: Ogerpon|Fire\n|detailschange|p2a: Ogerpon|Ogerpon-Hearthflame-Tera, F, tera:Fire\n|-ability|p2a: Ogerpon|Embody Aspect (Hearthflame)|boost\n|-boost|p2a: Ogerpon|atk|1\n|move|p2a: Ogerpon|Horn Leech|p1a: Dondozo\n|-supereffective|p1a: Dondozo\n|-crit|p1a: Dondozo\n|-damage|p1a: Dondozo|33/100\n|move|p1a: Dondozo|Curse|p1a: Dondozo\n|-unboost|p1a: Dondozo|spe|1\n|-boost|p1a: Dondozo|atk|1\n|-boost|p1a: Dondozo|def|1\n|\n|-heal|p1a: Dondozo|40/100|[from] item: Leftovers\n|upkeep\n|turn|8\n|\n|t:|1695171452\n|move|p2a: Ogerpon|Horn Leech|p1a: Dondozo\n|-supereffective|p1a: Dondozo\n|-damage|p1a: Dondozo|24/100\n|move|p1a: Dondozo|Rest|p1a: Dondozo\n|-status|p1a: Dondozo|slp|[from] move: Rest\n|-heal|p1a: Dondozo|100/100 slp|[silent]\n|\n|upkeep\n|turn|9\n|\n|t:|1695171461\n|move|p2a: Ogerpon|Horn Leech|p1a: Dondozo\n|-supereffective|p1a: Dondozo\n|-damage|p1a: Dondozo|84/100 slp\n|cant|p1a: Dondozo|slp\n|\n|-heal|p1a: Dondozo|90/100 slp|[from] item: Leftovers\n|upkeep\n|turn|10\n|\n|t:|1695171464\n|move|p2a: Ogerpon|Horn Leech|p1a: Dondozo\n|-supereffective|p1a: Dondozo\n|-damage|p1a: Dondozo|73/100 slp\n|cant|p1a: Dondozo|slp\n|\n|-heal|p1a: Dondozo|79/100 slp|[from] item: Leftovers\n|upkeep\n|turn|11\n|\n|t:|1695171467\n|move|p2a: Ogerpon|Horn Leech|p1a: Dondozo\n|-supereffective|p1a: Dondozo\n|-damage|p1a: Dondozo|64/100 slp\n|-curestatus|p1a: Dondozo|slp|[msg]\n|move|p1a: Dondozo|Wave Crash|p2a: Ogerpon\n|-supereffective|p2a: Ogerpon\n|-damage|p2a: Ogerpon|0 fnt\n|faint|p2a: Ogerpon\n|-damage|p1a: Dondozo|44/100|[from] Recoil\n|\n|-heal|p1a: Dondozo|50/100|[from] item: Leftovers\n|upkeep\n|\n|t:|1695171476\n|switch|p2a: Grimmsnarl|Grimmsnarl, M|100/100\n|turn|12\n|\n|t:|1695171480\n|move|p2a: Grimmsnarl|Thunder Wave|p1a: Dondozo\n|-status|p1a: Dondozo|par\n|move|p1a: Dondozo|Body Press|p2a: Grimmsnarl\n|-damage|p2a: Grimmsnarl|12/100\n|\n|-heal|p1a: Dondozo|56/100 par|[from] item: Leftovers\n|upkeep\n|turn|13\n|\n|t:|1695171483\n|move|p2a: Grimmsnarl|Spirit Break|p1a: Dondozo\n|-damage|p1a: Dondozo|51/100 par\n|-unboost|p1a: Dondozo|spa|1\n|move|p1a: Dondozo|Body Press|p2a: Grimmsnarl\n|-damage|p2a: Grimmsnarl|0 fnt\n|faint|p2a: Grimmsnarl\n|\n|-heal|p1a: Dondozo|57/100 par|[from] item: Leftovers\n|upkeep\n|\n|t:|1695171488\n|switch|p2a: Kingambit|Kingambit, F, shiny|100/100\n|-activate|p2a: Kingambit|ability: Supreme Overlord\n|-start|p2a: Kingambit|fallen4|[silent]\n|turn|14\n|\n|t:|1695171492\n|move|p2a: Kingambit|Sucker Punch|p1a: Dondozo\n|-damage|p1a: Dondozo|45/100 par\n|cant|p1a: Dondozo|par\n|\n|-heal|p1a: Dondozo|51/100 par|[from] item: Leftovers\n|upkeep\n|turn|15\n|\n|t:|1695171499\n|move|p2a: Kingambit|Kowtow Cleave|p1a: Dondozo\n|-damage|p1a: Dondozo|35/100 par\n|move|p1a: Dondozo|Body Press|p2a: Kingambit\n|-supereffective|p2a: Kingambit\n|-damage|p2a: Kingambit|0 fnt\n|faint|p2a: Kingambit\n|-end|p2a: Kingambit|fallen4|[silent]\n|\n|-heal|p1a: Dondozo|41/100 par|[from] item: Leftovers\n|upkeep\n|\n|t:|1695171502\n|switch|p2a: Garchomp|Garchomp, M|72/100\n|turn|16\n|\n|t:|1695171505\n|move|p2a: Garchomp|Earthquake|p1a: Dondozo\n|-damage|p1a: Dondozo|31/100 par\n|move|p1a: Dondozo|Wave Crash|p2a: Garchomp\n|-damage|p2a: Garchomp|0 fnt\n|-damage|p1a: Dondozo|19/100 par|[from] ability: Rough Skin|[of] p2a: Garchomp\n|faint|p2a: Garchomp\n|-damage|p1a: Dondozo|2/100 par|[from] Recoil\n|\n|win|Face Funky\n|raw|Face Funky's rating: 1175 &rarr; <strong>1199</strong><br />(+24 for winning)\n|raw|Johnnymcd16's rating: 1159 &rarr; <strong>1135</strong><br />(-24 for losing)\n|l|\u2606Johnnymcd16\n|l|\u2606Face Funky\n|j|\u2606Face Funky\n|player|p1|Face Funky|red\n|l|\u2606Face Funky\n|player|p1|\n|j| Face Funcky\n|j|\u2606Face Funky\n|player|p1|Face Funky|red\n", "uploadtime": 1695171508, "views": 3, "p1id": "facefunky", "p2id": "johnnymcd16", "formatid": "gen9ou", "rating": 1135, "private": 0, "password": ""}