{"id": "gen9ou-1947564816", "p1": "Pokex265", "p2": "Shgo", "format": "gen9ou", "log": "|j|\u2606Pokex265\n|j|\u2606Shgo\n|t:|1695173056\n|gametype|singles\n|player|p1|Pokex265|ethan|1161\n|player|p2|Shgo|1|1232\n|teamsize|p1|6\n|teamsize|p2|6\n|gen|9\n|tier|[Gen 9] OU\n|rated|\n|rule|Sleep Clause Mod: Limit one foe put to sleep\n|rule|Species Clause: Limit one of each Pok\u00e9mon\n|rule|OHKO Clause: OHKO moves are banned\n|rule|Evasion Items Clause: Evasion items are banned\n|rule|Evasion Moves Clause: Evasion moves are banned\n|rule|Endless Battle Clause: Forcing endless battles is banned\n|rule|HP Percentage Mod: HP is shown in percentages\n|clearpoke\n|poke|p1|Hatterene, F|\n|poke|p1|Mandibuzz, F|\n|poke|p1|Goodra-Hisui, M|\n|poke|p1|Okidogi, M|\n|poke|p1|Zoroark-Hisui, M|\n|poke|p1|Rotom-Wash|\n|poke|p2|Mienshao, F|\n|poke|p2|Iron Leaves|\n|poke|p2|Iron Treads|\n|poke|p2|Dragapult, M|\n|poke|p2|Samurott-Hisui, M|\n|poke|p2|Tornadus-Therian, M|\n|teampreview\n|inactive|Battle timer is ON: inactive players will automatically lose when time's up. (requested by Pokex265)\n|\n|t:|1695173101\n|start\n|switch|p1a: Rotom|Rotom-Wash|100/100\n|switch|p2a: Samurott|Samurott-Hisui, M|100/100\n|turn|1\n|\n|t:|1695173114\n|-terastallize|p2a: Samurott|Dark\n|move|p1a: Rotom|Volt Switch|p2a: Samurott\n|-damage|p2a: Samurott|54/100\n|\n|t:|1695173121\n|switch|p1a: Mandibuzz|Mandibuzz, F|100/100|[from] Volt Switch\n|move|p2a: Samurott|Ceaseless Edge|p1a: Mandibuzz\n|-resisted|p1a: Mandibuzz\n|-damage|p1a: Mandibuzz|75/100\n|-sidestart|p1: Pokex265|Spikes\n|-damage|p2a: Samurott|44/100|[from] item: Life Orb\n|\n|-heal|p1a: Mandibuzz|81/100|[from] item: Leftovers\n|upkeep\n|turn|2\n|\n|t:|1695173130\n|move|p2a: Samurott|Razor Shell|p1a: Mandibuzz\n|-crit|p1a: Mandibuzz\n|-damage|p1a: Mandibuzz|22/100\n|-damage|p2a: Samurott|34/100|[from] item: Life Orb\n|move|p1a: Mandibuzz|Defog|p2a: Samurott\n|-unboost|p2a: Samurott|evasion|1\n|-sideend|p1: Pokex265|Spikes|[from] move: Defog|[of] p1a: Mandibuzz\n|\n|-heal|p1a: Mandibuzz|28/100|[from] item: Leftovers\n|upkeep\n|turn|3\n|\n|t:|1695173139\n|switch|p1a: Okidogi|Okidogi, M|100/100\n|move|p2a: Samurott|Razor Shell|p1a: Okidogi\n|-damage|p1a: Okidogi|39/100\n|-unboost|p1a: Okidogi|def|1\n|-damage|p2a: Samurott|24/100|[from] item: Life Orb\n|\n|-heal|p1a: Okidogi|45/100|[from] item: Black Sludge\n|upkeep\n|turn|4\n|\n|t:|1695173152\n|switch|p1a: Rotom|Rotom-Wash|100/100\n|move|p2a: Samurott|Aqua Jet|p1a: Rotom\n|-resisted|p1a: Rotom\n|-damage|p1a: Rotom|83/100\n|-damage|p2a: Samurott|15/100|[from] item: Life Orb\n|\n|upkeep\n|turn|5\n|\n|t:|1695173161\n|switch|p2a: Dragapult|Dragapult, M|100/100\n|move|p1a: Rotom|Volt Switch|p2a: Dragapult\n|-resisted|p2a: Dragapult\n|-damage|p2a: Dragapult|78/100\n|\n|t:|1695173165\n|switch|p1a: Goodra|Goodra-Hisui, M|100/100|[from] Volt Switch\n|\n|upkeep\n|turn|6\n|\n|t:|1695173171\n|move|p2a: Dragapult|U-turn|p1a: Goodra\n|-resisted|p1a: Goodra\n|-damage|p1a: Goodra|94/100\n|\n|t:|1695173176\n|switch|p2a: Samurott|Samurott-Hisui, M, tera:Dark|15/100|[from] U-turn\n|move|p1a: Goodra|Acid Armor|p1a: Goodra\n|-boost|p1a: Goodra|def|2\n|\n|-heal|p1a: Goodra|99/100|[from] item: Leftovers\n|upkeep\n|turn|7\n|\n|t:|1695173180\n|move|p2a: Samurott|Sacred Sword|p1a: Goodra\n|-supereffective|p1a: Goodra\n|-crit|p1a: Goodra\n|-damage|p1a: Goodra|0 fnt\n|faint|p1a: Goodra\n|-damage|p2a: Samurott|5/100|[from] item: Life Orb\n|\n|upkeep\n|\n|t:|1695173189\n|switch|p1a: Okidogi|Okidogi, M|100/100\n|turn|8\n|\n|t:|1695173210\n|switch|p2a: Tornadus|Tornadus-Therian, M|100/100\n|move|p1a: Okidogi|Shadow Sneak|p2a: Tornadus\n|-damage|p2a: Tornadus|69/100\n|\n|upkeep\n|turn|9\n|\n|t:|1695173218\n|switch|p1a: Rotom|Rotom-Wash|83/100\n|move|p2a: Tornadus|U-turn|p1a: Rotom\n|-damage|p1a: Rotom|65/100\n|\n|t:|1695173221\n|switch|p2a: Iron Leaves|Iron Leaves|100/100|[from] U-turn\n|\n|upkeep\n|turn|10\n|\n|t:|1695173228\n|move|p1a: Rotom|Will-O-Wisp|p2a: Iron Leaves\n|-status|p2a: Iron Leaves|brn\n|move|p2a: Iron Leaves|Trailblaze|p1a: Rotom\n|-supereffective|p1a: Rotom\n|-damage|p1a: Rotom|21/100\n|-boost|p2a: Iron Leaves|spe|1\n|-damage|p2a: Iron Leaves|91/100 brn|[from] item: Life Orb\n|\n|-damage|p2a: Iron Leaves|84/100 brn|[from] brn\n|upkeep\n|turn|11\n|\n|t:|1695173238\n|switch|p1a: Okidogi|Okidogi, M|45/100\n|move|p2a: Iron Leaves|Swords Dance|p2a: Iron Leaves\n|-boost|p2a: Iron Leaves|atk|2\n|\n|-heal|p1a: Okidogi|51/100|[from] item: Black Sludge\n|-damage|p2a: Iron Leaves|78/100 brn|[from] brn\n|upkeep\n|turn|12\n|\n|t:|1695173255\n|move|p2a: Iron Leaves|Psyblade|p1a: Okidogi\n|-supereffective|p1a: Okidogi\n|-damage|p1a: Okidogi|0 fnt\n|faint|p1a: Okidogi\n|-damage|p2a: Iron Leaves|68/100 brn|[from] item: Life Orb\n|\n|-damage|p2a: Iron Leaves|62/100 brn|[from] brn\n|upkeep\n|\n|t:|1695173262\n|switch|p1a: Mandibuzz|Mandibuzz, F|28/100\n|turn|13\n|\n|t:|1695173266\n|move|p2a: Iron Leaves|Sacred Sword|p1a: Mandibuzz\n|-damage|p1a: Mandibuzz|7/100\n|-damage|p2a: Iron Leaves|52/100 brn|[from] item: Life Orb\n|move|p1a: Mandibuzz|Roost|p1a: Mandibuzz\n|-heal|p1a: Mandibuzz|57/100\n|-singleturn|p1a: Mandibuzz|move: Roost\n|\n|-heal|p1a: Mandibuzz|63/100|[from] item: Leftovers\n|-damage|p2a: Iron Leaves|46/100 brn|[from] brn\n|upkeep\n|turn|14\n|\n|t:|1695173276\n|move|p2a: Iron Leaves|Swords Dance|p2a: Iron Leaves\n|-boost|p2a: Iron Leaves|atk|2\n|move|p1a: Mandibuzz|Roost|p1a: Mandibuzz\n|-heal|p1a: Mandibuzz|100/100\n|-singleturn|p1a: Mandibuzz|move: Roost\n|\n|-damage|p2a: Iron Leaves|39/100 brn|[from] brn\n|upkeep\n|turn|15\n|\n|t:|1695173279\n|move|p2a: Iron Leaves|Sacred Sword|p1a: Mandibuzz\n|-damage|p1a: Mandibuzz|64/100\n|-damage|p2a: Iron Leaves|29/100 brn|[from] item: Life Orb\n|move|p1a: Mandibuzz|Foul Play|p2a: Iron Leaves\n|-supereffective|p2a: Iron Leaves\n|-damage|p2a: Iron Leaves|0 fnt\n|faint|p2a: Iron Leaves\n|-end|p2a: Iron Leaves|Quark Drive|[silent]\n|\n|-heal|p1a: Mandibuzz|71/100|[from] item: Leftovers\n|upkeep\n|\n|t:|1695173288\n|switch|p2a: Samurott|Samurott-Hisui, M, tera:Dark|5/100\n|turn|16\n|\n|t:|1695173297\n|switch|p2a: Mienshao|Mienshao, F|100/100\n|move|p1a: Mandibuzz|Roost|p1a: Mandibuzz\n|-heal|p1a: Mandibuzz|100/100\n|-singleturn|p1a: Mandibuzz|move: Roost\n|\n|upkeep\n|turn|17\n|\n|t:|1695173302\n|switch|p1a: Rotom|Rotom-Wash|100/100\n|move|p2a: Mienshao|Ice Spinner|p1a: Rotom\n|-damage|p1a: Rotom|43/100\n|replace|p1a: Zoroark|Zoroark-Hisui, M\n|-end|p1a: Zoroark|Illusion\n|\n|upkeep\n|turn|18\n|\n|t:|1695173312\n|move|p2a: Mienshao|Ice Spinner|p1a: Zoroark\n|-damage|p1a: Zoroark|0 fnt\n|faint|p1a: Zoroark\n|\n|upkeep\n|\n|t:|1695173315\n|switch|p1a: Rotom|Rotom-Wash|21/100\n|turn|19\n|\n|t:|1695173324\n|switch|p2a: Iron Treads|Iron Treads|100/100\n|move|p1a: Rotom|Will-O-Wisp|p2a: Iron Treads\n|-status|p2a: Iron Treads|brn\n|\n|-damage|p2a: Iron Treads|94/100 brn|[from] brn\n|upkeep\n|turn|20\n|\n|t:|1695173335\n|switch|p1a: Mandibuzz|Mandibuzz, F|100/100\n|move|p2a: Iron Treads|Stealth Rock|p1a: Mandibuzz\n|-sidestart|p1: Pokex265|move: Stealth Rock\n|\n|-heal|p2a: Iron Treads|100/100 brn|[from] item: Leftovers\n|-damage|p2a: Iron Treads|94/100 brn|[from] brn\n|upkeep\n|turn|21\n|\n|t:|1695173343\n|-end|p2a: Iron Treads|Quark Drive|[silent]\n|switch|p2a: Tornadus|Tornadus-Therian, M|100/100\n|move|p1a: Mandibuzz|Defog|p2a: Tornadus\n|-unboost|p2a: Tornadus|evasion|1\n|-sideend|p1: Pokex265|Stealth Rock|[from] move: Defog|[of] p1a: Mandibuzz\n|\n|upkeep\n|turn|22\n|\n|t:|1695173348\n|move|p2a: Tornadus|Bleakwind Storm|p1a: Mandibuzz\n|-damage|p1a: Mandibuzz|68/100\n|move|p1a: Mandibuzz|Toxic|p2a: Tornadus\n|-status|p2a: Tornadus|tox\n|\n|-heal|p1a: Mandibuzz|74/100|[from] item: Leftovers\n|-damage|p2a: Tornadus|94/100 tox|[from] psn\n|upkeep\n|turn|23\n|\n|t:|1695173356\n|move|p2a: Tornadus|Bleakwind Storm|p1a: Mandibuzz\n|-damage|p1a: Mandibuzz|42/100\n|move|p1a: Mandibuzz|Foul Play|p2a: Tornadus\n|-damage|p2a: Tornadus|60/100 tox\n|\n|-heal|p1a: Mandibuzz|49/100|[from] item: Leftovers\n|-damage|p2a: Tornadus|48/100 tox|[from] psn\n|upkeep\n|turn|24\n|\n|t:|1695173362\n|move|p2a: Tornadus|U-turn|p1a: Mandibuzz\n|-damage|p1a: Mandibuzz|41/100\n|\n|t:|1695173368\n|switch|p2a: Dragapult|Dragapult, M|78/100|[from] U-turn\n|move|p1a: Mandibuzz|Roost|p1a: Mandibuzz\n|-heal|p1a: Mandibuzz|91/100\n|-singleturn|p1a: Mandibuzz|move: Roost\n|\n|-heal|p1a: Mandibuzz|97/100|[from] item: Leftovers\n|upkeep\n|turn|25\n|\n|t:|1695173379\n|move|p2a: Dragapult|Draco Meteor|p1a: Mandibuzz\n|-damage|p1a: Mandibuzz|23/100\n|-unboost|p2a: Dragapult|spa|2\n|move|p1a: Mandibuzz|Foul Play|p2a: Dragapult\n|-supereffective|p2a: Dragapult\n|-damage|p2a: Dragapult|0 fnt\n|faint|p2a: Dragapult\n|\n|-heal|p1a: Mandibuzz|29/100|[from] item: Leftovers\n|upkeep\n|\n|t:|1695173386\n|switch|p2a: Mienshao|Mienshao, F|100/100\n|turn|26\n|\n|t:|1695173402\n|move|p2a: Mienshao|Ice Spinner|p1a: Mandibuzz\n|-supereffective|p1a: Mandibuzz\n|-damage|p1a: Mandibuzz|0 fnt\n|faint|p1a: Mandibuzz\n|\n|upkeep\n|\n|t:|1695173405\n|switch|p1a: HugeMilkers|Hatterene, F|100/100\n|turn|27\n|\n|t:|1695173412\n|switch|p2a: Iron Treads|Iron Treads|94/100 brn\n|-terastallize|p1a: HugeMilkers|Fairy\n|move|p1a: HugeMilkers|Calm Mind|p1a: HugeMilkers\n|-boost|p1a: HugeMilkers|spa|1\n|-boost|p1a: HugeMilkers|spd|1\n|\n|-heal|p2a: Iron Treads|100/100 brn|[from] item: Leftovers\n|-damage|p2a: Iron Treads|94/100 brn|[from] brn\n|upkeep\n|turn|28\n|\n|t:|1695173415\n|move|p2a: Iron Treads|Iron Head|p1a: HugeMilkers\n|-supereffective|p1a: HugeMilkers\n|-damage|p1a: HugeMilkers|66/100\n|cant|p1a: HugeMilkers|flinch\n|\n|-heal|p2a: Iron Treads|100/100 brn|[from] item: Leftovers\n|-heal|p1a: HugeMilkers|72/100|[from] item: Leftovers\n|-damage|p2a: Iron Treads|94/100 brn|[from] brn\n|upkeep\n|turn|29\n|\n|t:|1695173420\n|move|p2a: Iron Treads|Iron Head|p1a: HugeMilkers\n|-supereffective|p1a: HugeMilkers\n|-damage|p1a: HugeMilkers|40/100\n|cant|p1a: HugeMilkers|flinch\n|\n|-heal|p2a: Iron Treads|100/100 brn|[from] item: Leftovers\n|-heal|p1a: HugeMilkers|46/100|[from] item: Leftovers\n|-damage|p2a: Iron Treads|94/100 brn|[from] brn\n|upkeep\n|turn|30\n|c|\u2606Pokex265|really??!!!!!\n|c|\u2606Pokex265|you are soo lucky\n|inactive|Pokex265 has 120 seconds left.\n|c|\u2606Shgo|ok\n|\n|t:|1695173453\n|move|p2a: Iron Treads|Iron Head|p1a: HugeMilkers\n|-supereffective|p1a: HugeMilkers\n|-damage|p1a: HugeMilkers|13/100\n|move|p1a: HugeMilkers|Draining Kiss|p2a: Iron Treads\n|-resisted|p2a: Iron Treads\n|-damage|p2a: Iron Treads|58/100 brn\n|-heal|p1a: HugeMilkers|40/100|[from] drain|[of] p2a: Iron Treads\n|\n|-heal|p2a: Iron Treads|64/100 brn|[from] item: Leftovers\n|-heal|p1a: HugeMilkers|46/100|[from] item: Leftovers\n|-damage|p2a: Iron Treads|58/100 brn|[from] brn\n|upkeep\n|turn|31\n|\n|t:|1695173460\n|move|p2a: Iron Treads|Iron Head|p1a: HugeMilkers\n|-supereffective|p1a: HugeMilkers\n|-damage|p1a: HugeMilkers|15/100\n|cant|p1a: HugeMilkers|flinch\n|\n|-heal|p2a: Iron Treads|64/100 brn|[from] item: Leftovers\n|-heal|p1a: HugeMilkers|21/100|[from] item: Leftovers\n|-damage|p2a: Iron Treads|58/100 brn|[from] brn\n|upkeep\n|turn|32\n|c|\u2606Pokex265|aaaaaH!!!!!\n|\n|t:|1695173475\n|move|p2a: Iron Treads|Iron Head|p1a: HugeMilkers\n|-supereffective|p1a: HugeMilkers\n|-crit|p1a: HugeMilkers\n|-damage|p1a: HugeMilkers|0 fnt\n|faint|p1a: HugeMilkers\n|\n|-heal|p2a: Iron Treads|64/100 brn|[from] item: Leftovers\n|-damage|p2a: Iron Treads|58/100 brn|[from] brn\n|upkeep\n|c|\u2606Pokex265|and a crit\n|inactive|Pokex265 has 120 seconds left.\n|c|\u2606Pokex265|gg for the hax\n|\n|t:|1695173493\n|switch|p1a: Rotom|Rotom-Wash|21/100\n|turn|33\n|c|\u2606Shgo|gg!\n|inactive|Pokex265 has 120 seconds left.\n|\n|t:|1695173499\n|move|p1a: Rotom|Hydro Pump|p2a: Iron Treads\n|-supereffective|p2a: Iron Treads\n|-damage|p2a: Iron Treads|0 fnt\n|faint|p2a: Iron Treads\n|-end|p2a: Iron Treads|Quark Drive|[silent]\n|\n|upkeep\n|\n|t:|1695173504\n|switch|p2a: Mienshao|Mienshao, F|100/100\n|turn|34\n|\n|t:|1695173507\n|move|p2a: Mienshao|High Jump Kick|p1a: Rotom\n|-damage|p1a: Rotom|0 fnt\n|faint|p1a: Rotom\n|\n|win|Shgo\n|raw|Pokex265's rating: 1161 &rarr; <strong>1141</strong><br />(-20 for losing)\n|raw|Shgo's rating: 1232 &rarr; <strong>1252</strong><br />(+20 for winning)\n|l|\u2606Shgo\n|c|\u2606Pokex265|and dont miss\n", "uploadtime": 1695173518, "views": 2, "p1id": "pokex265", "p2id": "shgo", "formatid": "gen9ou", "rating": 1141, "private": 0, "password": ""}