{"id": "gen9ou-1947572984", "p1": "Minermon", "p2": "Gumphrey_Hump", "format": "gen9ou", "log": "|j|\u2606Minermon\n|j|\u2606Gumphrey_Hump\n|t:|1695173829\n|gametype|singles\n|player|p1|Minermon|byron|1097\n|player|p2|Gumphrey_Hump|2|1127\n|teamsize|p1|6\n|teamsize|p2|6\n|gen|9\n|tier|[Gen 9] OU\n|rated|\n|rule|Sleep Clause Mod: Limit one foe put to sleep\n|rule|Species Clause: Limit one of each Pok\u00e9mon\n|rule|OHKO Clause: OHKO moves are banned\n|rule|Evasion Items Clause: Evasion items are banned\n|rule|Evasion Moves Clause: Evasion moves are banned\n|rule|Endless Battle Clause: Forcing endless battles is banned\n|rule|HP Percentage Mod: HP is shown in percentages\n|clearpoke\n|poke|p1|Torterra, M|\n|poke|p1|Iron Moth|\n|poke|p1|Landorus-Therian, M|\n|poke|p1|Chandelure, M|\n|poke|p1|Manaphy|\n|poke|p1|Vikavolt, M|\n|poke|p2|Ursaluna-Bloodmoon, M|\n|poke|p2|Cinderace, F|\n|poke|p2|Gliscor, M|\n|poke|p2|Munkidori, M|\n|poke|p2|Roaring Moon|\n|poke|p2|Gholdengo|\n|teampreview\n|\n|t:|1695173836\n|start\n|switch|p1a: Manaphy|Manaphy|100/100\n|switch|p2a: Gliscor|Gliscor, M|100/100\n|turn|1\n|inactive|Battle timer is ON: inactive players will automatically lose when time's up. (requested by Gumphrey_Hump)\n|\n|t:|1695173842\n|move|p2a: Gliscor|Protect|p2a: Gliscor\n|-singleturn|p2a: Gliscor|Protect\n|move|p1a: Manaphy|Tail Glow|p1a: Manaphy\n|-boost|p1a: Manaphy|spa|3\n|\n|-status|p2a: Gliscor|tox|[from] item: Toxic Orb\n|upkeep\n|turn|2\n|\n|t:|1695173851\n|-terastallize|p2a: Gliscor|Water\n|move|p1a: Manaphy|Ice Beam|p2a: Gliscor\n|-resisted|p2a: Gliscor\n|-damage|p2a: Gliscor|65/100 tox\n|move|p2a: Gliscor|Earthquake|p1a: Manaphy\n|-damage|p1a: Manaphy|68/100\n|\n|-heal|p2a: Gliscor|78/100 tox|[from] ability: Poison Heal\n|upkeep\n|turn|3\n|\n|t:|1695173857\n|move|p1a: Manaphy|Tera Blast|p2a: Gliscor\n|-damage|p2a: Gliscor|15/100 tox\n|move|p2a: Gliscor|Knock Off|p1a: Manaphy\n|-damage|p1a: Manaphy|47/100\n|-enditem|p1a: Manaphy|Lum Berry|[from] move: Knock Off|[of] p2a: Gliscor\n|\n|-heal|p2a: Gliscor|28/100 tox|[from] ability: Poison Heal\n|upkeep\n|turn|4\n|\n|t:|1695173865\n|move|p2a: Gliscor|Protect|p2a: Gliscor\n|-singleturn|p2a: Gliscor|Protect\n|move|p1a: Manaphy|Tera Blast|p2a: Gliscor\n|-activate|p2a: Gliscor|move: Protect\n|\n|-heal|p2a: Gliscor|40/100 tox|[from] ability: Poison Heal\n|upkeep\n|turn|5\n|\n|t:|1695173870\n|switch|p2a: Gholdengo|Gholdengo|100/100\n|move|p1a: Manaphy|Tera Blast|p2a: Gholdengo\n|-immune|p2a: Gholdengo\n|\n|upkeep\n|turn|6\n|\n|t:|1695173877\n|-terastallize|p1a: Manaphy|Ground\n|move|p1a: Manaphy|Tera Blast|p2a: Gholdengo\n|-supereffective|p2a: Gholdengo\n|-damage|p2a: Gholdengo|0 fnt\n|faint|p2a: Gholdengo\n|\n|upkeep\n|\n|t:|1695173895\n|switch|p2a: Roaring Moon|Roaring Moon|100/100\n|turn|7\n|\n|t:|1695173902\n|move|p2a: Roaring Moon|Outrage|p1a: Manaphy\n|-damage|p1a: Manaphy|0 fnt\n|faint|p1a: Manaphy\n|\n|upkeep\n|\n|t:|1695173912\n|switch|p1a: Torterra|Torterra, M, shiny|100/100\n|turn|8\n|\n|t:|1695173914\n|move|p2a: Roaring Moon|Outrage|p1a: Torterra|[from]lockedmove\n|-damage|p1a: Torterra|40/100\n|-start|p2a: Roaring Moon|confusion|[fatigue]\n|move|p1a: Torterra|Shell Smash|p1a: Torterra\n|-unboost|p1a: Torterra|def|1\n|-unboost|p1a: Torterra|spd|1\n|-boost|p1a: Torterra|atk|2\n|-boost|p1a: Torterra|spa|2\n|-boost|p1a: Torterra|spe|2\n|\n|upkeep\n|turn|9\n|\n|t:|1695173927\n|-activate|p2a: Roaring Moon|confusion\n|-damage|p2a: Roaring Moon|83/100|[from] confusion\n|move|p1a: Torterra|Rock Blast|p2a: Roaring Moon\n|-damage|p2a: Roaring Moon|64/100\n|-damage|p2a: Roaring Moon|45/100\n|-damage|p2a: Roaring Moon|24/100\n|-damage|p2a: Roaring Moon|5/100\n|-damage|p2a: Roaring Moon|0 fnt\n|faint|p2a: Roaring Moon\n|-end|p2a: Roaring Moon|Protosynthesis|[silent]\n|-hitcount|p2: Roaring Moon|5\n|\n|upkeep\n|\n|t:|1695173936\n|switch|p2a: Munkidori|Munkidori, M|100/100\n|turn|10\n|inactive|Minermon has 120 seconds left.\n|\n|t:|1695173977\n|move|p1a: Torterra|Rock Blast|p2a: Munkidori\n|-damage|p2a: Munkidori|77/100\n|-damage|p2a: Munkidori|53/100\n|-damage|p2a: Munkidori|30/100\n|-damage|p2a: Munkidori|8/100\n|-damage|p2a: Munkidori|0 fnt\n|faint|p2a: Munkidori\n|-hitcount|p2: Munkidori|5\n|\n|upkeep\n|\n|t:|1695173983\n|switch|p2a: Ursaluna|Ursaluna-Bloodmoon, M, shiny|100/100\n|turn|11\n|\n|t:|1695173987\n|move|p2a: Ursaluna|Vacuum Wave|p1a: Torterra\n|-damage|p1a: Torterra|12/100\n|move|p1a: Torterra|Bullet Seed|p2a: Ursaluna\n|-supereffective|p2a: Ursaluna\n|-damage|p2a: Ursaluna|61/100\n|-supereffective|p2a: Ursaluna\n|-damage|p2a: Ursaluna|23/100\n|-supereffective|p2a: Ursaluna\n|-damage|p2a: Ursaluna|0 fnt\n|faint|p2a: Ursaluna\n|-hitcount|p2: Ursaluna|3\n|\n|upkeep\n|\n|t:|1695173991\n|switch|p2a: Cinderace|Cinderace, F|100/100\n|turn|12\n|\n|t:|1695173997\n|move|p1a: Torterra|Rock Blast|p2a: Cinderace\n|-supereffective|p2a: Cinderace\n|-damage|p2a: Cinderace|62/100\n|-supereffective|p2a: Cinderace\n|-damage|p2a: Cinderace|26/100\n|-supereffective|p2a: Cinderace\n|-damage|p2a: Cinderace|0 fnt\n|faint|p2a: Cinderace\n|-hitcount|p2: Cinderace|3\n|\n|upkeep\n|-message|Gumphrey_Hump forfeited.\n|\n|win|Minermon\n|raw|Minermon's rating: 1097 &rarr; <strong>1125</strong><br />(+28 for winning)\n|raw|Gumphrey_Hump's rating: 1127 &rarr; <strong>1100</strong><br />(-27 for losing)\n|l|\u2606Gumphrey_Hump\n", "uploadtime": 1695174008, "views": 14, "p1id": "minermon", "p2id": "gumphreyhump", "formatid": "gen9ou", "rating": 1100, "private": 0, "password": ""}