{"id": "gen9ou-1947490223", "p1": "LawLegends", "p2": "zsdgzgzdg", "format": "gen9ou", "log": "|j|\u2606LawLegends\n|j|\u2606zsdgzgzdg\n|t:|1695165731\n|gametype|singles\n|player|p1|LawLegends|lucas-gen4pt|1000\n|player|p2|zsdgzgzdg|swimmer-gen4dp|1000\n|teamsize|p1|6\n|teamsize|p2|6\n|gen|9\n|tier|[Gen 9] OU\n|rated|\n|rule|Sleep Clause Mod: Limit one foe put to sleep\n|rule|Species Clause: Limit one of each Pok\u00e9mon\n|rule|OHKO Clause: OHKO moves are banned\n|rule|Evasion Items Clause: Evasion items are banned\n|rule|Evasion Moves Clause: Evasion moves are banned\n|rule|Endless Battle Clause: Forcing endless battles is banned\n|rule|HP Percentage Mod: HP is shown in percentages\n|clearpoke\n|poke|p1|Pikachu, M|\n|poke|p1|Infernape, M|\n|poke|p1|Dragonite, F|\n|poke|p1|Lucario, M|\n|poke|p1|Jolteon, F|\n|poke|p1|Gengar, F|\n|poke|p2|Ursaluna-Bloodmoon, M|\n|poke|p2|Kingambit, F|\n|poke|p2|Mamoswine, M|\n|poke|p2|Dragonite, M|\n|poke|p2|Ogerpon-Wellspring, F|\n|poke|p2|Iron Moth|\n|teampreview\n|inactive|Battle timer is ON: inactive players will automatically lose when time's up. (requested by zsdgzgzdg)\n|\n|t:|1695165756\n|start\n|switch|p1a: Gengar|Gengar, F|100/100\n|switch|p2a: Ursaluna|Ursaluna-Bloodmoon, M|100/100\n|turn|1\n|\n|t:|1695165774\n|move|p1a: Gengar|Sludge Bomb|p2a: Ursaluna\n|-resisted|p2a: Ursaluna\n|-damage|p2a: Ursaluna|87/100\n|move|p2a: Ursaluna|Blood Moon|p1a: Gengar\n|-damage|p1a: Gengar|3/100\n|\n|upkeep\n|turn|2\n|\n|t:|1695165782\n|move|p2a: Ursaluna|Vacuum Wave|p1a: Gengar\n|-resisted|p1a: Gengar\n|-damage|p1a: Gengar|0 fnt\n|faint|p1a: Gengar\n|\n|upkeep\n|\n|t:|1695165795\n|switch|p1a: Lucario|Lucario, M|100/100\n|turn|3\n|\n|t:|1695165802\n|move|p1a: Lucario|Aura Sphere|p2a: Ursaluna\n|-supereffective|p2a: Ursaluna\n|-damage|p2a: Ursaluna|48/100\n|move|p2a: Ursaluna|Earth Power|p1a: Lucario\n|-supereffective|p1a: Lucario\n|-enditem|p1a: Lucario|Focus Sash\n|-damage|p1a: Lucario|1/100\n|\n|upkeep\n|turn|4\n|\n|t:|1695165813\n|move|p1a: Lucario|Bullet Punch|p2a: Ursaluna\n|-damage|p2a: Ursaluna|37/100\n|move|p2a: Ursaluna|Vacuum Wave|p1a: Lucario\n|-supereffective|p1a: Lucario\n|-damage|p1a: Lucario|0 fnt\n|faint|p1a: Lucario\n|\n|upkeep\n|\n|t:|1695165824\n|switch|p1a: Dragonite|Dragonite, F|100/100\n|turn|5\n|\n|t:|1695165830\n|move|p1a: Dragonite|Hurricane|p2a: Ursaluna\n|-damage|p2a: Ursaluna|9/100\n|move|p2a: Ursaluna|Blood Moon|p1a: Dragonite\n|-damage|p1a: Dragonite|70/100\n|\n|upkeep\n|turn|6\n|\n|t:|1695165837\n|move|p1a: Dragonite|Extreme Speed|p2a: Ursaluna\n|-crit|p2a: Ursaluna\n|-damage|p2a: Ursaluna|0 fnt\n|faint|p2a: Ursaluna\n|\n|upkeep\n|\n|t:|1695165843\n|switch|p2a: Mamoswine|Mamoswine, M|100/100\n|turn|7\n|\n|t:|1695165868\n|switch|p1a: Infernape|Infernape, M|100/100\n|move|p2a: Mamoswine|Icicle Crash|p1a: Infernape\n|-resisted|p1a: Infernape\n|-damage|p1a: Infernape|70/100\n|\n|upkeep\n|turn|8\n|\n|t:|1695165877\n|-terastallize|p1a: Infernape|Ground\n|move|p1a: Infernape|Flame Wheel|p2a: Mamoswine\n|-supereffective|p2a: Mamoswine\n|-damage|p2a: Mamoswine|72/100\n|move|p2a: Mamoswine|Earthquake|p1a: Infernape\n|-damage|p1a: Infernape|0 fnt\n|faint|p1a: Infernape\n|\n|upkeep\n|\n|t:|1695165887\n|switch|p1a: Dragonite|Dragonite, F|70/100\n|turn|9\n|\n|t:|1695165904\n|move|p2a: Mamoswine|Ice Shard|p1a: Dragonite\n|-supereffective|p1a: Dragonite\n|-damage|p1a: Dragonite|0 fnt\n|faint|p1a: Dragonite\n|\n|upkeep\n|\n|t:|1695165910\n|switch|p1a: Jolteon|Jolteon, F|100/100\n|turn|10\n|\n|t:|1695165914\n|move|p1a: Jolteon|Rain Dance|p1a: Jolteon\n|-weather|RainDance\n|move|p2a: Mamoswine|Earthquake|p1a: Jolteon\n|-supereffective|p1a: Jolteon\n|-damage|p1a: Jolteon|0 fnt\n|faint|p1a: Jolteon\n|\n|-weather|RainDance|[upkeep]\n|upkeep\n|\n|t:|1695165922\n|switch|p1a: Pikachu|Pikachu, M|100/100\n|turn|11\n|\n|t:|1695165926\n|move|p1a: Pikachu|Wild Charge|p2a: Mamoswine\n|-immune|p2a: Mamoswine\n|move|p2a: Mamoswine|Earthquake|p1a: Pikachu\n|-supereffective|p1a: Pikachu\n|-damage|p1a: Pikachu|0 fnt\n|faint|p1a: Pikachu\n|\n|win|zsdgzgzdg\n|raw|LawLegends's rating: 1000 &rarr; <strong>1000</strong><br />(+0 for losing)\n|raw|zsdgzgzdg's rating: 1000 &rarr; <strong>1040</strong><br />(+40 for winning)\n", "uploadtime": 1695165935, "views": 2, "p1id": "lawlegends", "p2id": "zsdgzgzdg", "formatid": "gen9ou", "rating": 1000, "private": 0, "password": ""}