{"id": "gen9ou-1947482105", "p1": "artic111", "p2": "4war4e", "format": "gen9ou", "log": "|j|\u2606artic111\n|j|\u26064war4e\n|t:|1695164926\n|gametype|singles\n|player|p1|artic111|iris-gen5bw2|1426\n|player|p2|4war4e|1|1423\n|teamsize|p1|6\n|teamsize|p2|6\n|gen|9\n|tier|[Gen 9] OU\n|rated|\n|rule|Sleep Clause Mod: Limit one foe put to sleep\n|rule|Species Clause: Limit one of each Pok\u00e9mon\n|rule|OHKO Clause: OHKO moves are banned\n|rule|Evasion Items Clause: Evasion items are banned\n|rule|Evasion Moves Clause: Evasion moves are banned\n|rule|Endless Battle Clause: Forcing endless battles is banned\n|rule|HP Percentage Mod: HP is shown in percentages\n|clearpoke\n|poke|p1|Ogerpon-Hearthflame, F|\n|poke|p1|Ursaluna-Bloodmoon, M|\n|poke|p1|Glimmora, F|\n|poke|p1|Gholdengo|\n|poke|p1|Dragonite, M|\n|poke|p1|Cinderace, F|\n|poke|p2|Mew|\n|poke|p2|Ursaluna-Bloodmoon, M|\n|poke|p2|Ogerpon-Hearthflame, F|\n|poke|p2|Walking Wake|\n|poke|p2|Ninetales, M|\n|poke|p2|Great Tusk|\n|teampreview\n|inactive|Battle timer is ON: inactive players will automatically lose when time's up. (requested by artic111)\n|inactive|4war4e has 120 seconds left.\n|\n|t:|1695164962\n|start\n|switch|p1a: Glimmora|Glimmora, F|100/100\n|switch|p2a: Great Tusk|Great Tusk|100/100\n|turn|1\n|\n|t:|1695164967\n|move|p1a: Glimmora|Energy Ball|p2a: Great Tusk\n|-supereffective|p2a: Great Tusk\n|-damage|p2a: Great Tusk|25/100\n|move|p2a: Great Tusk|Rapid Spin|p1a: Glimmora\n|-resisted|p1a: Glimmora\n|-damage|p1a: Glimmora|92/100\n|-boost|p2a: Great Tusk|spe|1\n|-activate|p1a: Glimmora|ability: Toxic Debris\n|-sidestart|p2: 4war4e|move: Toxic Spikes\n|-sideend|p2: 4war4e|Toxic Spikes|[from] move: Rapid Spin|[of] p2a: Great Tusk\n|\n|upkeep\n|turn|2\n|\n|t:|1695164972\n|move|p2a: Great Tusk|Earthquake|p1a: Glimmora\n|-supereffective|p1a: Glimmora\n|-damage|p1a: Glimmora|0 fnt\n|-activate|p1a: Glimmora|ability: Toxic Debris\n|-sidestart|p2: 4war4e|move: Toxic Spikes\n|faint|p1a: Glimmora\n|\n|upkeep\n|\n|t:|1695164975\n|switch|p1a: Dragonite|Dragonite, M|100/100\n|turn|3\n|\n|t:|1695164991\n|-end|p2a: Great Tusk|Protosynthesis|[silent]\n|switch|p2a: Ninetales|Ninetales, M|100/100\n|-status|p2a: Ninetales|psn\n|-weather|SunnyDay|[from] ability: Drought|[of] p2a: Ninetales\n|-terastallize|p1a: Dragonite|Normal\n|move|p1a: Dragonite|Extreme Speed|p2a: Ninetales\n|-damage|p2a: Ninetales|0 fnt\n|faint|p2a: Ninetales\n|\n|-weather|SunnyDay|[upkeep]\n|upkeep\n|\n|t:|1695164996\n|switch|p2a: Ursaluna|Ursaluna-Bloodmoon, M|100/100\n|-status|p2a: Ursaluna|psn\n|turn|4\n|\n|t:|1695165017\n|switch|p1a: Cinderace|Cinderace, F|100/100\n|move|p2a: Ursaluna|Blood Moon|p1a: Cinderace\n|-damage|p1a: Cinderace|0 fnt\n|faint|p1a: Cinderace\n|\n|-weather|SunnyDay|[upkeep]\n|-damage|p2a: Ursaluna|88/100 psn|[from] psn\n|upkeep\n|\n|t:|1695165022\n|switch|p1a: Ursaluna|Ursaluna-Bloodmoon, M|100/100\n|turn|5\n|\n|t:|1695165031\n|move|p1a: Ursaluna|Calm Mind|p1a: Ursaluna\n|-boost|p1a: Ursaluna|spa|1\n|-boost|p1a: Ursaluna|spd|1\n|move|p2a: Ursaluna|Calm Mind|p2a: Ursaluna\n|-boost|p2a: Ursaluna|spa|1\n|-boost|p2a: Ursaluna|spd|1\n|\n|-weather|SunnyDay|[upkeep]\n|-damage|p2a: Ursaluna|76/100 psn|[from] psn\n|upkeep\n|turn|6\n|\n|t:|1695165035\n|move|p1a: Ursaluna|Blood Moon|p2a: Ursaluna\n|-damage|p2a: Ursaluna|0 fnt\n|faint|p2a: Ursaluna\n|\n|-weather|SunnyDay|[upkeep]\n|upkeep\n|\n|t:|1695165037\n|switch|p2a: Great Tusk|Great Tusk|25/100\n|-activate|p2a: Great Tusk|ability: Protosynthesis\n|-start|p2a: Great Tusk|protosynthesisdef\n|turn|7\n|\n|t:|1695165040\n|move|p1a: Ursaluna|Vacuum Wave|p2a: Great Tusk\n|-damage|p2a: Great Tusk|0 fnt\n|faint|p2a: Great Tusk\n|-end|p2a: Great Tusk|Protosynthesis|[silent]\n|\n|-weather|SunnyDay|[upkeep]\n|upkeep\n|\n|t:|1695165045\n|switch|p2a: Walking Wake|Walking Wake|100/100\n|-status|p2a: Walking Wake|psn\n|-activate|p2a: Walking Wake|ability: Protosynthesis\n|-start|p2a: Walking Wake|protosynthesisspe\n|turn|8\n|\n|t:|1695165053\n|switch|p1a: Dragonite|Dragonite, M, tera:Normal|100/100\n|move|p2a: Walking Wake|Hydro Steam|p1a: Dragonite\n|-damage|p1a: Dragonite|54/100\n|\n|-weather|SunnyDay|[upkeep]\n|-damage|p2a: Walking Wake|88/100 psn|[from] psn\n|upkeep\n|turn|9\n|\n|t:|1695165057\n|move|p1a: Dragonite|Extreme Speed|p2a: Walking Wake\n|-damage|p2a: Walking Wake|6/100 psn\n|move|p2a: Walking Wake|Hydro Steam|p1a: Dragonite\n|-damage|p1a: Dragonite|0 fnt\n|faint|p1a: Dragonite\n|\n|-weather|SunnyDay|[upkeep]\n|-damage|p2a: Walking Wake|0 fnt|[from] psn\n|faint|p2a: Walking Wake\n|-end|p2a: Walking Wake|Protosynthesis|[silent]\n|upkeep\n|\n|t:|1695165066\n|switch|p2a: Ogerpon|Ogerpon-Hearthflame, F|100/100\n|switch|p1a: Ursaluna|Ursaluna-Bloodmoon, M|100/100\n|-status|p2a: Ogerpon|psn\n|-ability|p2a: Ogerpon|Mold Breaker\n|turn|10\n|\n|t:|1695165083\n|-terastallize|p2a: Ogerpon|Fire\n|detailschange|p2a: Ogerpon|Ogerpon-Hearthflame-Tera, F, tera:Fire\n|-ability|p2a: Ogerpon|Embody Aspect (Hearthflame)|boost\n|-boost|p2a: Ogerpon|atk|1\n|move|p2a: Ogerpon|Ivy Cudgel|p1a: Ursaluna\n|-damage|p1a: Ursaluna|0 fnt\n|faint|p1a: Ursaluna\n|\n|-weather|none\n|-damage|p2a: Ogerpon|88/100 psn|[from] psn\n|upkeep\n|\n|t:|1695165091\n|switch|p1a: Ogerpon|Ogerpon-Hearthflame, F|100/100\n|-ability|p1a: Ogerpon|Mold Breaker\n|turn|11\n|\n|t:|1695165100\n|move|p1a: Ogerpon|Ivy Cudgel|p2a: Ogerpon\n|-resisted|p2a: Ogerpon\n|-damage|p2a: Ogerpon|48/100 psn\n|move|p2a: Ogerpon|Ivy Cudgel|p1a: Ogerpon\n|-damage|p1a: Ogerpon|0 fnt\n|faint|p1a: Ogerpon\n|\n|-damage|p2a: Ogerpon|36/100 psn|[from] psn\n|upkeep\n|\n|t:|1695165108\n|switch|p1a: Gholdengo|Gholdengo|100/100\n|-item|p1a: Gholdengo|Air Balloon\n|turn|12\n|\n|t:|1695165112\n|move|p2a: Ogerpon|Ivy Cudgel|p1a: Gholdengo\n|-supereffective|p1a: Gholdengo\n|-damage|p1a: Gholdengo|0 fnt\n|-enditem|p1a: Gholdengo|Air Balloon\n|faint|p1a: Gholdengo\n|\n|win|4war4e\n|raw|artic111's rating: 1426 &rarr; <strong>1406</strong><br />(-20 for losing)\n|raw|4war4e's rating: 1423 &rarr; <strong>1443</strong><br />(+20 for winning)\n", "uploadtime": 1695165116, "views": 1, "p1id": "artic111", "p2id": "4war4e", "formatid": "gen9ou", "rating": 1406, "private": 0, "password": ""}