{"id": "gen9ou-1947535244", "p1": "richthug25", "p2": "JAADragon", "format": "gen9ou", "log": "|j|\u2606richthug25\n|j|\u2606JAADragon\n|t:|1695170192\n|gametype|singles\n|player|p1|richthug25|169|1150\n|player|p2|JAADragon|ethan|1162\n|teamsize|p1|6\n|teamsize|p2|6\n|gen|9\n|tier|[Gen 9] OU\n|rated|\n|rule|Sleep Clause Mod: Limit one foe put to sleep\n|rule|Species Clause: Limit one of each Pok\u00e9mon\n|rule|OHKO Clause: OHKO moves are banned\n|rule|Evasion Items Clause: Evasion items are banned\n|rule|Evasion Moves Clause: Evasion moves are banned\n|rule|Endless Battle Clause: Forcing endless battles is banned\n|rule|HP Percentage Mod: HP is shown in percentages\n|clearpoke\n|poke|p1|Kingambit, M|\n|poke|p1|Sneasler, F|\n|poke|p1|Great Tusk|\n|poke|p1|Greninja-*, M|\n|poke|p1|Enamorus, F|\n|poke|p1|Dragonite, F|\n|poke|p2|Ceruledge, M|\n|poke|p2|Ampharos, F|\n|poke|p2|Lokix, F|\n|poke|p2|Espeon, F|\n|poke|p2|Hawlucha, F|\n|poke|p2|Ogerpon-Hearthflame, F|\n|teampreview\n|inactive|Battle timer is ON: inactive players will automatically lose when time's up. (requested by richthug25)\n|\n|t:|1695170200\n|start\n|switch|p1a: Great Tusk|Great Tusk|100/100\n|switch|p2a: Megumi|Espeon, F|100/100\n|turn|1\n|\n|t:|1695170207\n|move|p2a: Megumi|Thunder Wave|p1a: Great Tusk\n|-immune|p1a: Great Tusk\n|move|p1a: Great Tusk|Stealth Rock|p2a: Megumi\n|move|p2a: Megumi|Stealth Rock|p1a: Great Tusk|[from]ability: Magic Bounce\n|-sidestart|p1: richthug25|move: Stealth Rock\n|\n|upkeep\n|turn|2\n|\n|t:|1695170217\n|switch|p2a: Ghost|Hawlucha, F, shiny|100/100\n|-ability|p2a: Ghost|Mold Breaker\n|move|p1a: Great Tusk|Rapid Spin|p2a: Ghost\n|-crit|p2a: Ghost\n|-damage|p2a: Ghost|69/100\n|-boost|p1a: Great Tusk|spe|1\n|-sideend|p1: richthug25|Stealth Rock|[from] move: Rapid Spin|[of] p1a: Great Tusk\n|\n|upkeep\n|turn|3\n|\n|t:|1695170236\n|move|p2a: Ghost|Swords Dance|p2a: Ghost\n|-boost|p2a: Ghost|atk|2\n|move|p1a: Great Tusk|Knock Off|p2a: Ghost\n|-resisted|p2a: Ghost\n|-damage|p2a: Ghost|50/100\n|-enditem|p2a: Ghost|Covert Cloak|[from] move: Knock Off|[of] p1a: Great Tusk\n|\n|upkeep\n|turn|4\n|\n|t:|1695170253\n|-end|p1a: Great Tusk|Protosynthesis|[silent]\n|switch|p1a: Sneasler|Sneasler, F|100/100\n|move|p2a: Ghost|Flying Press|p1a: Sneasler\n|-damage|p1a: Sneasler|0 fnt\n|faint|p1a: Sneasler\n|\n|upkeep\n|inactive|richthug25 has 120 seconds left.\n|\n|t:|1695170271\n|switch|p1a: Dragonite|Dragonite, F|100/100\n|turn|5\n|\n|t:|1695170281\n|switch|p2a: Amp!|Ampharos, F|100/100\n|move|p1a: Dragonite|Dragon Dance|p1a: Dragonite\n|-boost|p1a: Dragonite|atk|1\n|-boost|p1a: Dragonite|spe|1\n|\n|upkeep\n|turn|6\n|\n|t:|1695170287\n|-terastallize|p1a: Dragonite|Normal\n|move|p1a: Dragonite|Dragon Dance|p1a: Dragonite\n|-boost|p1a: Dragonite|atk|1\n|-boost|p1a: Dragonite|spe|1\n|move|p2a: Amp!|Ice Punch|p1a: Dragonite\n|-damage|p1a: Dragonite|85/100\n|\n|upkeep\n|turn|7\n|\n|t:|1695170298\n|move|p1a: Dragonite|Dragon Dance|p1a: Dragonite\n|-boost|p1a: Dragonite|atk|1\n|-boost|p1a: Dragonite|spe|1\n|move|p2a: Amp!|Ice Punch|p1a: Dragonite\n|-damage|p1a: Dragonite|50/100\n|-status|p1a: Dragonite|frz\n|\n|upkeep\n|turn|8\n|c|\u2606JAADragon|Max put\n|c|\u2606JAADragon|Out\n|\n|t:|1695170311\n|-curestatus|p1a: Dragonite|frz|[msg]\n|move|p1a: Dragonite|Roost|p1a: Dragonite\n|-heal|p1a: Dragonite|99/100\n|move|p2a: Amp!|Ice Punch|p1a: Dragonite\n|-damage|p1a: Dragonite|68/100\n|\n|upkeep\n|turn|9\n|inactive|richthug25 has 120 seconds left.\n|\n|t:|1695170344\n|move|p1a: Dragonite|Extreme Speed|p2a: Amp!\n|-damage|p2a: Amp!|0 fnt\n|faint|p2a: Amp!\n|\n|upkeep\n|\n|t:|1695170355\n|switch|p2a: Loki|Lokix, F|100/100\n|turn|10\n|\n|t:|1695170359\n|move|p1a: Dragonite|Extreme Speed|p2a: Loki\n|-enditem|p2a: Loki|Focus Sash\n|-damage|p2a: Loki|1/100\n|move|p2a: Loki|Counter|p1a: Dragonite\n|-damage|p1a: Dragonite|0 fnt\n|faint|p1a: Dragonite\n|\n|upkeep\n|inactive|richthug25 has 120 seconds left.\n|\n|t:|1695170378\n|switch|p1a: Great Tusk|Great Tusk|100/100\n|turn|11\n|\n|t:|1695170388\n|move|p2a: Loki|U-turn|p1a: Great Tusk\n|-resisted|p1a: Great Tusk\n|-damage|p1a: Great Tusk|86/100\n|-damage|p2a: Loki|0 fnt|[from] item: Rocky Helmet|[of] p1a: Great Tusk\n|faint|p2a: Loki\n|move|p1a: Great Tusk|Stealth Rock|p2: Loki\n|-sidestart|p2: JAADragon|move: Stealth Rock\n|\n|upkeep\n|\n|t:|1695170396\n|switch|p2a: Ghost|Hawlucha, F, shiny|50/100\n|-damage|p2a: Ghost|37/100|[from] Stealth Rock\n|-ability|p2a: Ghost|Mold Breaker\n|turn|12\n|\n|t:|1695170410\n|move|p2a: Ghost|Defog|p1a: Great Tusk\n|-unboost|p1a: Great Tusk|evasion|1\n|-sideend|p2: JAADragon|Stealth Rock|[from] move: Defog|[of] p2a: Ghost\n|move|p1a: Great Tusk|Ice Spinner|p2a: Ghost\n|-supereffective|p2a: Ghost\n|-damage|p2a: Ghost|0 fnt\n|faint|p2a: Ghost\n|\n|upkeep\n|\n|t:|1695170414\n|switch|p2a: Megumi|Espeon, F|100/100\n|turn|13\n|\n|t:|1695170422\n|move|p2a: Megumi|Dazzling Gleam|p1a: Great Tusk\n|-supereffective|p1a: Great Tusk\n|-damage|p1a: Great Tusk|0 fnt\n|faint|p1a: Great Tusk\n|-end|p1a: Great Tusk|Protosynthesis|[silent]\n|\n|upkeep\n|\n|t:|1695170433\n|switch|p1a: Kingambit|Kingambit, M|100/100\n|-activate|p1a: Kingambit|ability: Supreme Overlord\n|-start|p1a: Kingambit|fallen3|[silent]\n|turn|14\n|\n|t:|1695170440\n|switch|p2a: Ogerpon|Ogerpon-Hearthflame, F|100/100\n|-ability|p2a: Ogerpon|Mold Breaker\n|move|p1a: Kingambit|Swords Dance|p1a: Kingambit\n|-boost|p1a: Kingambit|atk|2\n|\n|upkeep\n|turn|15\n|\n|t:|1695170449\n|move|p1a: Kingambit|Sucker Punch||[still]\n|-fail|p1a: Kingambit\n|move|p2a: Ogerpon|Swords Dance|p2a: Ogerpon\n|-boost|p2a: Ogerpon|atk|2\n|\n|upkeep\n|turn|16\n|\n|t:|1695170455\n|move|p2a: Ogerpon|Ivy Cudgel|p1a: Kingambit\n|-supereffective|p1a: Kingambit\n|-crit|p1a: Kingambit\n|-damage|p1a: Kingambit|0 fnt\n|faint|p1a: Kingambit\n|-end|p1a: Kingambit|fallen3|[silent]\n|\n|upkeep\n|\n|t:|1695170485\n|switch|p1a: Enamorus|Enamorus, F|100/100\n|turn|17\n|inactive|richthug25 has 120 seconds left.\n|\n|t:|1695170504\n|switch|p2a: Megumi|Espeon, F|100/100\n|move|p1a: Enamorus|Moonblast|p2a: Megumi\n|-damage|p2a: Megumi|29/100\n|\n|upkeep\n|turn|18\n|inactive|richthug25 has 120 seconds left.\n|\n|t:|1695170516\n|move|p2a: Megumi|Power Gem|p1a: Enamorus\n|-supereffective|p1a: Enamorus\n|-damage|p1a: Enamorus|0 fnt\n|faint|p1a: Enamorus\n|\n|upkeep\n|inactive|richthug25 has 120 seconds left.\n|\n|t:|1695170521\n|switch|p1a: Greninja|Greninja, M|100/100\n|turn|19\n|inactive|richthug25 has 120 seconds left.\n|\n|t:|1695170541\n|switch|p2a: Oldraw|Ceruledge, M, shiny|100/100\n|move|p1a: Greninja|Hydro Pump|p2a: Oldraw\n|-start|p1a: Greninja|typechange|Water|[from] ability: Protean\n|-supereffective|p2a: Oldraw\n|-damage|p2a: Oldraw|0 fnt\n|faint|p2a: Oldraw\n|\n|upkeep\n|\n|t:|1695170547\n|switch|p2a: Megumi|Espeon, F|29/100\n|turn|20\n|\n|t:|1695170550\n|move|p1a: Greninja|Hydro Pump|p2a: Megumi\n|-damage|p2a: Megumi|0 fnt\n|faint|p2a: Megumi\n|\n|upkeep\n|\n|t:|1695170553\n|switch|p2a: Ogerpon|Ogerpon-Hearthflame, F|100/100\n|-ability|p2a: Ogerpon|Mold Breaker\n|turn|21\n|\n|t:|1695170561\n|move|p1a: Greninja|Hydro Pump|p2a: Ogerpon\n|-damage|p2a: Ogerpon|33/100\n|move|p2a: Ogerpon|Trailblaze|p1a: Greninja\n|-supereffective|p1a: Greninja\n|-damage|p1a: Greninja|8/100\n|-boost|p2a: Ogerpon|spe|1\n|\n|upkeep\n|turn|22\n|\n|t:|1695170570\n|move|p2a: Ogerpon|Horn Leech|p1a: Greninja\n|-supereffective|p1a: Greninja\n|-damage|p1a: Greninja|0 fnt\n|-heal|p2a: Ogerpon|36/100|[from] drain|[of] p1a: Greninja\n|faint|p1a: Greninja\n|\n|win|JAADragon\n|raw|richthug25's rating: 1150 &rarr; <strong>1126</strong><br />(-24 for losing)\n|raw|JAADragon's rating: 1162 &rarr; <strong>1186</strong><br />(+24 for winning)\n|l|\u2606richthug25\n|c|\u2606JAADragon|Gg\n", "uploadtime": 1695170588, "views": 1, "p1id": "richthug25", "p2id": "jaadragon", "formatid": "gen9ou", "rating": 1126, "private": 0, "password": ""}