{"id": "gen9ou-1947561861", "p1": "Love Craftedd", "p2": "LADDDDA CLIMB", "format": "gen9ou", "log": "|j|\u2606Love Craftedd\n|j|\u2606LADDDDA CLIMB\n|t:|1695172765\n|gametype|singles\n|player|p1|Love Craftedd|phoebe-gen6|1165\n|player|p2|LADDDDA CLIMB|clown|1097\n|teamsize|p1|6\n|teamsize|p2|6\n|gen|9\n|tier|[Gen 9] OU\n|rated|\n|rule|Sleep Clause Mod: Limit one foe put to sleep\n|rule|Species Clause: Limit one of each Pok\u00e9mon\n|rule|OHKO Clause: OHKO moves are banned\n|rule|Evasion Items Clause: Evasion items are banned\n|rule|Evasion Moves Clause: Evasion moves are banned\n|rule|Endless Battle Clause: Forcing endless battles is banned\n|rule|HP Percentage Mod: HP is shown in percentages\n|clearpoke\n|poke|p1|Torkoal, F|\n|poke|p1|Infernape, M|\n|poke|p1|Gliscor, M|\n|poke|p1|Ogerpon-Wellspring, F|\n|poke|p1|Walking Wake|\n|poke|p1|Iron Valiant|\n|poke|p2|Yanmega, F|\n|poke|p2|Ogerpon-Hearthflame, F|\n|poke|p2|Corviknight, M|\n|poke|p2|Empoleon, M|\n|poke|p2|Great Tusk|\n|poke|p2|Ursaluna-Bloodmoon, M|\n|teampreview\n|j| shaiapoufff\n|inactive|Battle timer is ON: inactive players will automatically lose when time's up. (requested by Love Craftedd)\n|inactive|Love Craftedd has 120 seconds left.\n|\n|t:|1695172818\n|start\n|switch|p1a: Torkoal|Torkoal, F|100/100\n|switch|p2a: Ursaluna|Ursaluna-Bloodmoon, M|100/100\n|-weather|SunnyDay|[from] ability: Drought|[of] p1a: Torkoal\n|turn|1\n|\n|t:|1695172829\n|switch|p1a: Gliscor|Gliscor, M|100/100\n|move|p2a: Ursaluna|Blood Moon|p1a: Gliscor\n|-crit|p1a: Gliscor\n|-damage|p1a: Gliscor|0 fnt\n|faint|p1a: Gliscor\n|\n|-weather|SunnyDay|[upkeep]\n|upkeep\n|inactive|Love Craftedd has 120 seconds left.\n|\n|t:|1695172859\n|switch|p1a: Walking Wake|Walking Wake|100/100\n|-activate|p1a: Walking Wake|ability: Protosynthesis\n|-start|p1a: Walking Wake|protosynthesisspa\n|turn|2\n|inactive|Love Craftedd has 120 seconds left.\n|\n|t:|1695172868\n|switch|p2a: Empoleon|Empoleon, M|100/100\n|move|p1a: Walking Wake|Hydro Steam|p2a: Empoleon\n|-resisted|p2a: Empoleon\n|-damage|p2a: Empoleon|58/100\n|\n|-weather|SunnyDay|[upkeep]\n|-heal|p2a: Empoleon|64/100|[from] item: Leftovers\n|upkeep\n|turn|3\n|\n|t:|1695172873\n|-terastallize|p1a: Walking Wake|Water\n|move|p1a: Walking Wake|Hydro Steam|p2a: Empoleon\n|-resisted|p2a: Empoleon\n|-damage|p2a: Empoleon|16/100\n|move|p2a: Empoleon|Yawn|p1a: Walking Wake\n|-start|p1a: Walking Wake|move: Yawn|[of] p2a: Empoleon\n|\n|-weather|SunnyDay|[upkeep]\n|-heal|p2a: Empoleon|22/100|[from] item: Leftovers\n|upkeep\n|turn|4\n|\n|t:|1695172882\n|-end|p1a: Walking Wake|Protosynthesis|[silent]\n|switch|p1a: Ogerpon|Ogerpon-Wellspring, F|100/100\n|move|p2a: Empoleon|Roost|p2a: Empoleon\n|-heal|p2a: Empoleon|72/100\n|-singleturn|p2a: Empoleon|move: Roost\n|\n|-weather|SunnyDay|[upkeep]\n|-heal|p2a: Empoleon|78/100|[from] item: Leftovers\n|upkeep\n|turn|5\n|\n|t:|1695172889\n|move|p1a: Ogerpon|Low Kick|p2a: Empoleon\n|-supereffective|p2a: Empoleon\n|-damage|p2a: Empoleon|13/100\n|move|p2a: Empoleon|Yawn|p1a: Ogerpon\n|-start|p1a: Ogerpon|move: Yawn|[of] p2a: Empoleon\n|\n|-weather|SunnyDay|[upkeep]\n|-heal|p2a: Empoleon|20/100|[from] item: Leftovers\n|upkeep\n|turn|6\n|\n|t:|1695172893\n|switch|p2a: Corviknight|Corviknight, M|100/100\n|move|p1a: Ogerpon|Low Kick|p2a: Corviknight\n|-damage|p2a: Corviknight|82/100\n|-damage|p1a: Ogerpon|84/100|[from] item: Rocky Helmet|[of] p2a: Corviknight\n|\n|-weather|SunnyDay|[upkeep]\n|-end|p1a: Ogerpon|move: Yawn|[silent]\n|-status|p1a: Ogerpon|slp\n|upkeep\n|turn|7\n|\n|t:|1695172901\n|switch|p1a: Torkoal|Torkoal, F|100/100\n|move|p2a: Corviknight|Brave Bird|p1a: Torkoal\n|-damage|p1a: Torkoal|79/100\n|-damage|p2a: Corviknight|76/100|[from] Recoil\n|\n|-weather|SunnyDay|[upkeep]\n|upkeep\n|turn|8\n|\n|t:|1695172911\n|switch|p2a: Great Tusk|Great Tusk|100/100\n|-activate|p2a: Great Tusk|ability: Protosynthesis\n|-start|p2a: Great Tusk|protosynthesisatk\n|move|p1a: Torkoal|Yawn|p2a: Great Tusk\n|-start|p2a: Great Tusk|move: Yawn|[of] p1a: Torkoal\n|\n|-weather|none\n|-end|p2a: Great Tusk|Protosynthesis\n|upkeep\n|turn|9\n|\n|t:|1695172922\n|-end|p2a: Great Tusk|Protosynthesis|[silent]\n|switch|p2a: Yanmega|Yanmega, F|100/100\n|switch|p1a: Walking Wake|Walking Wake, tera:Water|100/100\n|\n|upkeep\n|turn|10\n|\n|t:|1695172931\n|move|p1a: Walking Wake|Hydro Steam|p2a: Yanmega\n|-damage|p2a: Yanmega|0 fnt\n|faint|p2a: Yanmega\n|\n|upkeep\n|\n|t:|1695172943\n|switch|p2a: Ursaluna|Ursaluna-Bloodmoon, M|100/100\n|turn|11\n|\n|t:|1695172952\n|-end|p1a: Walking Wake|Protosynthesis|[silent]\n|switch|p1a: Torkoal|Torkoal, F|79/100\n|-weather|SunnyDay|[from] ability: Drought|[of] p1a: Torkoal\n|move|p2a: Ursaluna|Blood Moon|p1a: Torkoal\n|-damage|p1a: Torkoal|0 fnt\n|faint|p1a: Torkoal\n|\n|-weather|SunnyDay|[upkeep]\n|upkeep\n|\n|t:|1695172955\n|switch|p1a: Walking Wake|Walking Wake, tera:Water|100/100\n|-activate|p1a: Walking Wake|ability: Protosynthesis\n|-start|p1a: Walking Wake|protosynthesisspa\n|turn|12\n|\n|t:|1695172968\n|switch|p2a: Corviknight|Corviknight, M|76/100\n|move|p1a: Walking Wake|Hydro Steam|p2a: Corviknight\n|-crit|p2a: Corviknight\n|-damage|p2a: Corviknight|0 fnt\n|faint|p2a: Corviknight\n|\n|-weather|SunnyDay|[upkeep]\n|upkeep\n|\n|t:|1695172990\n|switch|p2a: Ogerpon|Ogerpon-Hearthflame, F|100/100\n|-ability|p2a: Ogerpon|Mold Breaker\n|turn|13\n|\n|t:|1695173009\n|-end|p1a: Walking Wake|Protosynthesis|[silent]\n|switch|p1a: Infernape|Infernape, M, shiny|100/100\n|move|p2a: Ogerpon|Trailblaze|p1a: Infernape\n|-resisted|p1a: Infernape\n|-damage|p1a: Infernape|78/100\n|-boost|p2a: Ogerpon|spe|1\n|\n|-weather|SunnyDay|[upkeep]\n|upkeep\n|turn|14\n|\n|t:|1695173015\n|-terastallize|p2a: Ogerpon|Fire\n|detailschange|p2a: Ogerpon|Ogerpon-Hearthflame-Tera, F, tera:Fire\n|-ability|p2a: Ogerpon|Embody Aspect (Hearthflame)|boost\n|-boost|p2a: Ogerpon|atk|1\n|move|p2a: Ogerpon|Ivy Cudgel|p1a: Infernape\n|-resisted|p1a: Infernape\n|-damage|p1a: Infernape|0 fnt\n|faint|p1a: Infernape\n|\n|-weather|SunnyDay|[upkeep]\n|upkeep\n|\n|t:|1695173028\n|switch|p1a: Iron Valiant|Iron Valiant|100/100\n|-enditem|p1a: Iron Valiant|Booster Energy\n|-activate|p1a: Iron Valiant|ability: Quark Drive|[fromitem]\n|-start|p1a: Iron Valiant|quarkdrivespe\n|turn|15\n|\n|t:|1695173041\n|move|p1a: Iron Valiant|Destiny Bond|p1a: Iron Valiant\n|-singlemove|p1a: Iron Valiant|Destiny Bond\n|move|p2a: Ogerpon|Ivy Cudgel|p1a: Iron Valiant\n|-damage|p1a: Iron Valiant|0 fnt\n|faint|p1a: Iron Valiant\n|-activate|p1a: Iron Valiant|move: Destiny Bond\n|-end|p1a: Iron Valiant|Quark Drive|[silent]\n|faint|p2a: Ogerpon\n|\n|-weather|SunnyDay|[upkeep]\n|upkeep\n|\n|t:|1695173052\n|switch|p1a: Walking Wake|Walking Wake, tera:Water|100/100\n|switch|p2a: Great Tusk|Great Tusk|100/100\n|-activate|p1a: Walking Wake|ability: Protosynthesis\n|-start|p1a: Walking Wake|protosynthesisspa\n|-activate|p2a: Great Tusk|ability: Protosynthesis\n|-start|p2a: Great Tusk|protosynthesisatk\n|turn|16\n|\n|t:|1695173059\n|move|p1a: Walking Wake|Hydro Steam|p2a: Great Tusk\n|-supereffective|p2a: Great Tusk\n|-damage|p2a: Great Tusk|0 fnt\n|faint|p2a: Great Tusk\n|-end|p2a: Great Tusk|Protosynthesis|[silent]\n|\n|-weather|SunnyDay|[upkeep]\n|upkeep\n|\n|t:|1695173064\n|switch|p2a: Empoleon|Empoleon, M|20/100\n|turn|17\n|\n|t:|1695173066\n|move|p1a: Walking Wake|Hydro Steam|p2a: Empoleon\n|-resisted|p2a: Empoleon\n|-damage|p2a: Empoleon|0 fnt\n|faint|p2a: Empoleon\n|\n|-weather|SunnyDay|[upkeep]\n|upkeep\n|\n|t:|1695173069\n|switch|p2a: Ursaluna|Ursaluna-Bloodmoon, M|100/100\n|turn|18\n|\n|t:|1695173071\n|move|p1a: Walking Wake|Hydro Steam|p2a: Ursaluna\n|-supereffective|p2a: Ursaluna\n|-damage|p2a: Ursaluna|0 fnt\n|faint|p2a: Ursaluna\n|\n|win|Love Craftedd\n|raw|Love Craftedd's rating: 1165 &rarr; <strong>1185</strong><br />(+20 for winning)\n|raw|LADDDDA CLIMB's rating: 1097 &rarr; <strong>1077</strong><br />(-20 for losing)\n|l|\u2606LADDDDA CLIMB\n|c|\u2606Love Craftedd|gg\n", "uploadtime": 1695173077, "views": 7, "p1id": "lovecraftedd", "p2id": "laddddaclimb", "formatid": "gen9ou", "rating": 1077, "private": 0, "password": ""}