{"id": "gen9ou-1947561384", "p1": "YuhNinja", "p2": "Renegal", "format": "gen9ou", "log": "|j|\u2606YuhNinja\n|j|\u2606Renegal\n|t:|1695172722\n|gametype|singles\n|player|p1|YuhNinja|1|1211\n|player|p2|Renegal|102|1170\n|teamsize|p1|6\n|teamsize|p2|6\n|gen|9\n|tier|[Gen 9] OU\n|rated|\n|rule|Sleep Clause Mod: Limit one foe put to sleep\n|rule|Species Clause: Limit one of each Pok\u00e9mon\n|rule|OHKO Clause: OHKO moves are banned\n|rule|Evasion Items Clause: Evasion items are banned\n|rule|Evasion Moves Clause: Evasion moves are banned\n|rule|Endless Battle Clause: Forcing endless battles is banned\n|rule|HP Percentage Mod: HP is shown in percentages\n|clearpoke\n|poke|p1|Walking Wake|\n|poke|p1|Ninetales-Alola, M|\n|poke|p1|Jolteon, M|\n|poke|p1|Torkoal, F|\n|poke|p1|Weezing-Galar, M|\n|poke|p1|Hoopa-Unbound|\n|poke|p2|Iron Moth|\n|poke|p2|Ursaluna-Bloodmoon, M|\n|poke|p2|Great Tusk|\n|poke|p2|Kingambit, F|\n|poke|p2|Kommo-o, M|\n|poke|p2|Iron Valiant|\n|teampreview\n|inactive|Battle timer is ON: inactive players will automatically lose when time's up. (requested by Renegal)\n|\n|t:|1695172738\n|start\n|switch|p1a: Walking Wake|Walking Wake|100/100\n|switch|p2a: Iron Moth|Iron Moth|100/100\n|-enditem|p2a: Iron Moth|Booster Energy\n|-activate|p2a: Iron Moth|ability: Quark Drive|[fromitem]\n|-start|p2a: Iron Moth|quarkdrivespe\n|turn|1\n|\n|t:|1695172757\n|-terastallize|p2a: Iron Moth|Fairy\n|move|p2a: Iron Moth|Dazzling Gleam|p1a: Walking Wake\n|-supereffective|p1a: Walking Wake\n|-damage|p1a: Walking Wake|10/100\n|move|p1a: Walking Wake|Hydro Steam|p2a: Iron Moth\n|-damage|p2a: Iron Moth|47/100\n|\n|upkeep\n|turn|2\n|\n|t:|1695172774\n|-end|p1a: Walking Wake|Protosynthesis|[silent]\n|switch|p1a: Torkoal|Torkoal, F|100/100\n|-weather|SunnyDay|[from] ability: Drought|[of] p1a: Torkoal\n|move|p2a: Iron Moth|Fiery Dance|p1a: Torkoal\n|-resisted|p1a: Torkoal\n|-damage|p1a: Torkoal|50/100\n|-boost|p2a: Iron Moth|spa|1\n|\n|-weather|SunnyDay|[upkeep]\n|upkeep\n|turn|3\n|\n|t:|1695172786\n|move|p2a: Iron Moth|Fiery Dance|p1a: Torkoal\n|-resisted|p1a: Torkoal\n|-damage|p1a: Torkoal|0 fnt\n|faint|p1a: Torkoal\n|\n|-weather|SunnyDay|[upkeep]\n|upkeep\n|\n|t:|1695172796\n|switch|p1a: Hoopa|Hoopa-Unbound|100/100\n|turn|4\n|\n|t:|1695172799\n|-terastallize|p1a: Hoopa|Psychic\n|move|p2a: Iron Moth|Dazzling Gleam|p1a: Hoopa\n|-damage|p1a: Hoopa|72/100\n|move|p1a: Hoopa|Psychic|p2a: Iron Moth\n|-damage|p2a: Iron Moth|0 fnt\n|faint|p2a: Iron Moth\n|-end|p2a: Iron Moth|Quark Drive|[silent]\n|\n|-weather|SunnyDay|[upkeep]\n|upkeep\n|\n|t:|1695172812\n|switch|p2a: Kingambit|Kingambit, F|100/100\n|-activate|p2a: Kingambit|ability: Supreme Overlord\n|-start|p2a: Kingambit|fallen1|[silent]\n|-item|p2a: Kingambit|Air Balloon\n|turn|5\n|\n|t:|1695172823\n|switch|p1a: Ninetales|Ninetales-Alola, M|100/100\n|-weather|Snow|[from] ability: Snow Warning|[of] p1a: Ninetales\n|move|p2a: Kingambit|Kowtow Cleave|p1a: Ninetales\n|-resisted|p1a: Ninetales\n|-damage|p1a: Ninetales|70/100\n|\n|-weather|Snow|[upkeep]\n|upkeep\n|turn|6\n|\n|t:|1695172833\n|move|p1a: Ninetales|Aurora Veil|p1a: Ninetales\n|-sidestart|p1: YuhNinja|move: Aurora Veil\n|move|p2a: Kingambit|Iron Head|p1a: Ninetales\n|-supereffective|p1a: Ninetales\n|-damage|p1a: Ninetales|0 fnt\n|faint|p1a: Ninetales\n|\n|-weather|Snow|[upkeep]\n|upkeep\n|\n|t:|1695172857\n|switch|p1a: Weezing|Weezing-Galar, M|100/100\n|turn|7\n|\n|t:|1695172864\n|move|p2a: Kingambit|Swords Dance|p2a: Kingambit\n|-boost|p2a: Kingambit|atk|2\n|move|p1a: Weezing|Will-O-Wisp|p2a: Kingambit\n|-status|p2a: Kingambit|brn\n|\n|-weather|Snow|[upkeep]\n|-damage|p2a: Kingambit|94/100 brn|[from] brn\n|upkeep\n|turn|8\n|\n|t:|1695172874\n|switch|p1a: Jolteon|Jolteon, M|100/100\n|move|p2a: Kingambit|Swords Dance|p2a: Kingambit\n|-boost|p2a: Kingambit|atk|2\n|\n|-weather|Snow|[upkeep]\n|-damage|p2a: Kingambit|88/100 brn|[from] brn\n|-status|p1a: Jolteon|brn|[from] item: Flame Orb\n|upkeep\n|turn|9\n|\n|t:|1695172887\n|move|p2a: Kingambit|Sucker Punch|p1a: Jolteon\n|-damage|p1a: Jolteon|36/100 brn\n|move|p1a: Jolteon|Thunderbolt|p2a: Kingambit\n|-damage|p2a: Kingambit|37/100 brn\n|-enditem|p2a: Kingambit|Air Balloon\n|\n|-weather|none\n|-damage|p1a: Jolteon|30/100 brn|[from] brn\n|-damage|p2a: Kingambit|31/100 brn|[from] brn\n|upkeep\n|turn|10\n|\n|t:|1695172897\n|move|p1a: Jolteon|Calm Mind|p1a: Jolteon\n|-boost|p1a: Jolteon|spa|1\n|-boost|p1a: Jolteon|spd|1\n|move|p2a: Kingambit|Kowtow Cleave|p1a: Jolteon\n|-damage|p1a: Jolteon|0 fnt\n|faint|p1a: Jolteon\n|\n|-damage|p2a: Kingambit|24/100 brn|[from] brn\n|upkeep\n|\n|t:|1695172911\n|switch|p1a: Walking Wake|Walking Wake|10/100\n|turn|11\n|\n|t:|1695172914\n|-end|p1a: Walking Wake|Protosynthesis|[silent]\n|switch|p1a: Hoopa|Hoopa-Unbound, tera:Psychic|72/100\n|move|p2a: Kingambit|Sucker Punch||[still]\n|-fail|p2a: Kingambit\n|\n|-damage|p2a: Kingambit|18/100 brn|[from] brn\n|upkeep\n|turn|12\n|\n|t:|1695172925\n|switch|p1a: Weezing|Weezing-Galar, M|100/100\n|move|p2a: Kingambit|Sucker Punch||[still]\n|-fail|p2a: Kingambit\n|\n|-damage|p2a: Kingambit|12/100 brn|[from] brn\n|upkeep\n|turn|13\n|\n|t:|1695172936\n|move|p2a: Kingambit|Iron Head|p1a: Weezing\n|-supereffective|p1a: Weezing\n|-damage|p1a: Weezing|37/100\n|move|p1a: Weezing|Strange Steam|p2a: Kingambit\n|-damage|p2a: Kingambit|0 fnt\n|faint|p2a: Kingambit\n|-end|p2a: Kingambit|fallen1|[silent]\n|\n|-heal|p1a: Weezing|44/100|[from] item: Black Sludge\n|-sideend|p1: YuhNinja|move: Aurora Veil\n|upkeep\n|\n|t:|1695172960\n|switch|p2a: Iron Valiant|Iron Valiant|100/100\n|-enditem|p2a: Iron Valiant|Booster Energy\n|-activate|p2a: Iron Valiant|ability: Quark Drive|[fromitem]\n|-start|p2a: Iron Valiant|quarkdrivespe\n|turn|14\n|\n|t:|1695172968\n|move|p2a: Iron Valiant|Calm Mind|p2a: Iron Valiant\n|-boost|p2a: Iron Valiant|spa|1\n|-boost|p2a: Iron Valiant|spd|1\n|move|p1a: Weezing|Pain Split|p2a: Iron Valiant\n|-sethp|p2a: Iron Valiant|71/100|[from] move: Pain Split|[silent]\n|-sethp|p1a: Weezing|75/100|[from] move: Pain Split\n|\n|-heal|p1a: Weezing|81/100|[from] item: Black Sludge\n|upkeep\n|turn|15\n|\n|t:|1695172982\n|move|p2a: Iron Valiant|Encore|p1a: Weezing\n|-start|p1a: Weezing|Encore\n|move|p1a: Weezing|Pain Split|p2a: Iron Valiant\n|-sethp|p2a: Iron Valiant|74/100|[from] move: Pain Split|[silent]\n|-sethp|p1a: Weezing|78/100|[from] move: Pain Split\n|\n|-heal|p1a: Weezing|84/100|[from] item: Black Sludge\n|upkeep\n|turn|16\n|\n|t:|1695172995\n|switch|p1a: Hoopa|Hoopa-Unbound, tera:Psychic|72/100\n|move|p2a: Iron Valiant|Calm Mind|p2a: Iron Valiant\n|-boost|p2a: Iron Valiant|spa|1\n|-boost|p2a: Iron Valiant|spd|1\n|\n|upkeep\n|turn|17\n|\n|t:|1695173002\n|move|p2a: Iron Valiant|Moonblast|p1a: Hoopa\n|-damage|p1a: Hoopa|32/100\n|move|p1a: Hoopa|Psychic|p2a: Iron Valiant\n|-supereffective|p2a: Iron Valiant\n|-damage|p2a: Iron Valiant|0 fnt\n|faint|p2a: Iron Valiant\n|-end|p2a: Iron Valiant|Quark Drive|[silent]\n|\n|upkeep\n|\n|t:|1695173016\n|switch|p2a: Great Tusk|Great Tusk|100/100\n|turn|18\n|\n|t:|1695173023\n|switch|p1a: Weezing|Weezing-Galar, M|84/100\n|move|p2a: Great Tusk|Knock Off|p1a: Weezing\n|-resisted|p1a: Weezing\n|-damage|p1a: Weezing|72/100\n|-enditem|p1a: Weezing|Black Sludge|[from] move: Knock Off|[of] p2a: Great Tusk\n|\n|upkeep\n|turn|19\n|\n|t:|1695173046\n|move|p2a: Great Tusk|Earthquake|p1a: Weezing\n|-immune|p1a: Weezing|[from] ability: Levitate\n|move|p1a: Weezing|Strange Steam|p2a: Great Tusk\n|-supereffective|p2a: Great Tusk\n|-damage|p2a: Great Tusk|12/100\n|\n|upkeep\n|turn|20\n|\n|t:|1695173055\n|move|p2a: Great Tusk|Stealth Rock|p1a: Weezing\n|-sidestart|p1: YuhNinja|move: Stealth Rock\n|move|p1a: Weezing|Strange Steam|p2a: Great Tusk\n|-supereffective|p2a: Great Tusk\n|-damage|p2a: Great Tusk|0 fnt\n|faint|p2a: Great Tusk\n|-end|p2a: Great Tusk|Protosynthesis|[silent]\n|\n|upkeep\n|inactive|Renegal has 120 seconds left.\n|\n|t:|1695173078\n|switch|p2a: Ursaluna|Ursaluna-Bloodmoon, M|100/100\n|turn|21\n|inactive|Renegal has 120 seconds left.\n|\n|t:|1695173091\n|switch|p1a: Walking Wake|Walking Wake|10/100\n|-damage|p1a: Walking Wake|0 fnt|[from] Stealth Rock\n|faint|p1a: Walking Wake\n|-end|p1a: Walking Wake|Protosynthesis|[silent]\n|move|p2a: Ursaluna|Calm Mind|p2a: Ursaluna\n|-boost|p2a: Ursaluna|spa|1\n|-boost|p2a: Ursaluna|spd|1\n|\n|upkeep\n|\n|t:|1695173095\n|switch|p1a: Hoopa|Hoopa-Unbound, tera:Psychic|32/100\n|-damage|p1a: Hoopa|20/100|[from] Stealth Rock\n|turn|22\n|inactive|Renegal has 120 seconds left.\n|\n|t:|1695173114\n|move|p2a: Ursaluna|Vacuum Wave|p1a: Hoopa\n|-resisted|p1a: Hoopa\n|-damage|p1a: Hoopa|14/100\n|move|p1a: Hoopa|Psychic|p2a: Ursaluna\n|-damage|p2a: Ursaluna|41/100\n|\n|-heal|p2a: Ursaluna|48/100|[from] item: Leftovers\n|upkeep\n|turn|23\n|inactive|Renegal has 120 seconds left.\n|\n|t:|1695173129\n|move|p2a: Ursaluna|Vacuum Wave|p1a: Hoopa\n|-resisted|p1a: Hoopa\n|-damage|p1a: Hoopa|9/100\n|move|p1a: Hoopa|Psychic|p2a: Ursaluna\n|-damage|p2a: Ursaluna|0 fnt\n|faint|p2a: Ursaluna\n|\n|upkeep\n|c|\u2606YuhNinja|GG\n|\n|t:|1695173137\n|switch|p2a: Kommo-o|Kommo-o, M|100/100\n|turn|24\n|c|\u2606YuhNinja|Lol wtf\n|inactive|Renegal has 120 seconds left.\n|\n|t:|1695173143\n|move|p2a: Kommo-o|Clangorous Soul|p2a: Kommo-o\n|-boost|p2a: Kommo-o|atk|1\n|-boost|p2a: Kommo-o|def|1\n|-boost|p2a: Kommo-o|spa|1\n|-boost|p2a: Kommo-o|spd|1\n|-boost|p2a: Kommo-o|spe|1\n|-damage|p2a: Kommo-o|68/100\n|move|p1a: Hoopa|Psychic|p2a: Kommo-o\n|-supereffective|p2a: Kommo-o\n|-damage|p2a: Kommo-o|0 fnt\n|faint|p2a: Kommo-o\n|\n|win|YuhNinja\n|raw|YuhNinja's rating: 1211 &rarr; <strong>1233</strong><br />(+22 for winning)\n|raw|Renegal's rating: 1170 &rarr; <strong>1148</strong><br />(-22 for losing)\n|l|\u2606Renegal\n", "uploadtime": 1695173147, "views": 3, "p1id": "yuhninja", "p2id": "renegal", "formatid": "gen9ou", "rating": 1148, "private": 0, "password": ""}