{"id": "gen9ou-1947522322", "p1": "zeref203", "p2": "imJV", "format": "gen9ou", "log": "|j|\u2606zeref203\n|j|\u2606imJV\n|t:|1695168921\n|gametype|singles\n|player|p1|zeref203|265|1071\n|player|p2|imJV|biker-gen4|1122\n|teamsize|p1|6\n|teamsize|p2|6\n|gen|9\n|tier|[Gen 9] OU\n|rated|\n|rule|Sleep Clause Mod: Limit one foe put to sleep\n|rule|Species Clause: Limit one of each Pok\u00e9mon\n|rule|OHKO Clause: OHKO moves are banned\n|rule|Evasion Items Clause: Evasion items are banned\n|rule|Evasion Moves Clause: Evasion moves are banned\n|rule|Endless Battle Clause: Forcing endless battles is banned\n|rule|HP Percentage Mod: HP is shown in percentages\n|clearpoke\n|poke|p1|Gholdengo|\n|poke|p1|Great Tusk|\n|poke|p1|Arcanine-Hisui, M|\n|poke|p1|Hatterene, F|\n|poke|p1|Ogerpon-Wellspring, F|\n|poke|p1|Milotic, M|\n|poke|p2|Cetitan, M|\n|poke|p2|Zapdos|\n|poke|p2|Garganacl, F|\n|poke|p2|Ninetales-Alola, M|\n|poke|p2|Gholdengo|\n|poke|p2|Revavroom, F|\n|teampreview\n|inactive|Battle timer is ON: inactive players will automatically lose when time's up. (requested by zeref203)\n|\n|t:|1695168934\n|start\n|switch|p1a: Selene|Hatterene, F, shiny|100/100\n|switch|p2a: Ninetales|Ninetales-Alola, M|100/100\n|-weather|Snow|[from] ability: Snow Warning|[of] p2a: Ninetales\n|turn|1\n|\n|t:|1695168942\n|move|p2a: Ninetales|Aurora Veil|p2a: Ninetales\n|-sidestart|p2: imJV|move: Aurora Veil\n|move|p1a: Selene|Trick Room|p1a: Selene\n|-fieldstart|move: Trick Room|[of] p1a: Selene\n|\n|-weather|Snow|[upkeep]\n|upkeep\n|turn|2\n|\n|t:|1695168963\n|move|p1a: Selene|Mystical Fire|p2a: Ninetales\n|-supereffective|p2a: Ninetales\n|-damage|p2a: Ninetales|64/100\n|-unboost|p2a: Ninetales|spa|1\n|move|p2a: Ninetales|Blizzard|p1a: Selene\n|-damage|p1a: Selene|67/100\n|\n|-weather|Snow|[upkeep]\n|upkeep\n|turn|3\n|\n|t:|1695168973\n|switch|p2a: Garganacl|Garganacl, F|100/100\n|move|p1a: Selene|Mystical Fire|p2a: Garganacl\n|-resisted|p2a: Garganacl\n|-crit|p2a: Garganacl\n|-damage|p2a: Garganacl|80/100\n|-unboost|p2a: Garganacl|spa|1\n|\n|-weather|Snow|[upkeep]\n|-heal|p2a: Garganacl|86/100|[from] item: Leftovers\n|upkeep\n|turn|4\n|inactive|imJV has 120 seconds left.\n|\n|t:|1695169003\n|-terastallize|p2a: Garganacl|Water\n|move|p1a: Selene|Giga Drain|p2a: Garganacl\n|-supereffective|p2a: Garganacl\n|-damage|p2a: Garganacl|59/100\n|-heal|p1a: Selene|88/100|[from] drain|[of] p2a: Garganacl\n|move|p2a: Garganacl|Curse|p2a: Garganacl\n|-unboost|p2a: Garganacl|spe|1\n|-boost|p2a: Garganacl|atk|1\n|-boost|p2a: Garganacl|def|1\n|\n|-weather|Snow|[upkeep]\n|-heal|p2a: Garganacl|65/100|[from] item: Leftovers\n|upkeep\n|turn|5\n|\n|t:|1695169021\n|switch|p1a: Aldoron|Ogerpon-Wellspring, F, shiny|100/100\n|move|p2a: Garganacl|Curse|p2a: Garganacl\n|-unboost|p2a: Garganacl|spe|1\n|-boost|p2a: Garganacl|atk|1\n|-boost|p2a: Garganacl|def|1\n|\n|-weather|none\n|-heal|p2a: Garganacl|71/100|[from] item: Leftovers\n|-fieldend|move: Trick Room\n|upkeep\n|turn|6\n|\n|t:|1695169035\n|move|p1a: Aldoron|Horn Leech|p2a: Garganacl\n|-supereffective|p2a: Garganacl\n|-damage|p2a: Garganacl|59/100\n|move|p2a: Garganacl|Salt Cure|p1a: Aldoron\n|-crit|p1a: Aldoron\n|-damage|p1a: Aldoron|50/100\n|-start|p1a: Aldoron|Salt Cure\n|\n|-heal|p2a: Garganacl|65/100|[from] item: Leftovers\n|-damage|p1a: Aldoron|25/100|[from] Salt Cure\n|upkeep\n|turn|7\n|\n|t:|1695169040\n|move|p1a: Aldoron|U-turn|p2a: Garganacl\n|-damage|p2a: Garganacl|62/100\n|\n|t:|1695169044\n|switch|p1a: Ignia|Arcanine-Hisui, M, shiny|100/100|[from] U-turn\n|move|p2a: Garganacl|Recover|p2a: Garganacl\n|-heal|p2a: Garganacl|100/100\n|\n|upkeep\n|turn|8\n|\n|t:|1695169056\n|move|p1a: Ignia|Wild Charge|p2a: Garganacl\n|-supereffective|p2a: Garganacl\n|-damage|p2a: Garganacl|91/100\n|-damage|p1a: Ignia|91/100|[from] item: Life Orb\n|move|p2a: Garganacl|Salt Cure|p1a: Ignia\n|-supereffective|p1a: Ignia\n|-damage|p1a: Ignia|31/100\n|-start|p1a: Ignia|Salt Cure\n|\n|-heal|p2a: Garganacl|97/100|[from] item: Leftovers\n|-damage|p1a: Ignia|18/100|[from] Salt Cure\n|-sideend|p2: imJV|move: Aurora Veil\n|upkeep\n|turn|9\n|\n|t:|1695169063\n|move|p1a: Ignia|Wild Charge|p2a: Garganacl\n|-supereffective|p2a: Garganacl\n|-damage|p2a: Garganacl|78/100\n|-damage|p1a: Ignia|8/100|[from] item: Life Orb\n|move|p2a: Garganacl|Curse|p2a: Garganacl\n|-unboost|p2a: Garganacl|spe|1\n|-boost|p2a: Garganacl|atk|1\n|-boost|p2a: Garganacl|def|1\n|\n|-heal|p2a: Garganacl|84/100|[from] item: Leftovers\n|-damage|p1a: Ignia|0 fnt|[from] Salt Cure\n|faint|p1a: Ignia\n|upkeep\n|\n|t:|1695169067\n|switch|p1a: Selene|Hatterene, F, shiny|88/100\n|turn|10\n|\n|t:|1695169070\n|move|p2a: Garganacl|Protect|p2a: Garganacl\n|-singleturn|p2a: Garganacl|Protect\n|move|p1a: Selene|Giga Drain|p2a: Garganacl\n|-activate|p2a: Garganacl|move: Protect\n|\n|-heal|p2a: Garganacl|91/100|[from] item: Leftovers\n|upkeep\n|turn|11\n|\n|t:|1695169074\n|move|p2a: Garganacl|Salt Cure|p1a: Selene\n|-damage|p1a: Selene|45/100\n|-start|p1a: Selene|Salt Cure\n|move|p1a: Selene|Trick Room|p1a: Selene\n|-fieldstart|move: Trick Room|[of] p1a: Selene\n|\n|-heal|p2a: Garganacl|97/100|[from] item: Leftovers\n|-damage|p1a: Selene|32/100|[from] Salt Cure\n|upkeep\n|turn|12\n|\n|t:|1695169083\n|move|p2a: Garganacl|Salt Cure|p1a: Selene\n|-damage|p1a: Selene|0 fnt\n|faint|p1a: Selene\n|\n|-heal|p2a: Garganacl|100/100|[from] item: Leftovers\n|upkeep\n|c|\u2606zeref203|Thats a tanky boy\n|c|\u2606imJV|real\n|\n|t:|1695169104\n|switch|p1a: Dogromag|Great Tusk, shiny|100/100\n|turn|13\n|\n|t:|1695169116\n|-terastallize|p1a: Dogromag|Ice\n|move|p2a: Garganacl|Salt Cure|p1a: Dogromag\n|-supereffective|p1a: Dogromag\n|-damage|p1a: Dogromag|57/100\n|-start|p1a: Dogromag|Salt Cure\n|move|p1a: Dogromag|Close Combat|p2a: Garganacl\n|-damage|p2a: Garganacl|86/100\n|-unboost|p1a: Dogromag|def|1\n|-unboost|p1a: Dogromag|spd|1\n|\n|-heal|p2a: Garganacl|93/100|[from] item: Leftovers\n|-damage|p1a: Dogromag|44/100|[from] Salt Cure\n|upkeep\n|turn|14\n|\n|t:|1695169132\n|move|p2a: Garganacl|Curse|p2a: Garganacl\n|-unboost|p2a: Garganacl|spe|1\n|-boost|p2a: Garganacl|atk|1\n|-boost|p2a: Garganacl|def|1\n|move|p1a: Dogromag|Headlong Rush|p2a: Garganacl\n|-damage|p2a: Garganacl|82/100\n|-unboost|p1a: Dogromag|def|1\n|-unboost|p1a: Dogromag|spd|1\n|\n|-heal|p2a: Garganacl|88/100|[from] item: Leftovers\n|-damage|p1a: Dogromag|32/100|[from] Salt Cure\n|upkeep\n|turn|15\n|\n|t:|1695169139\n|move|p2a: Garganacl|Curse|p2a: Garganacl\n|-unboost|p2a: Garganacl|spe|1\n|-boost|p2a: Garganacl|atk|1\n|-boost|p2a: Garganacl|def|1\n|move|p1a: Dogromag|Ice Spinner|p2a: Garganacl\n|-resisted|p2a: Garganacl\n|-damage|p2a: Garganacl|85/100\n|\n|-heal|p2a: Garganacl|91/100|[from] item: Leftovers\n|-damage|p1a: Dogromag|20/100|[from] Salt Cure\n|-fieldend|move: Trick Room\n|upkeep\n|turn|16\n|\n|t:|1695169142\n|-end|p1a: Dogromag|Protosynthesis|[silent]\n|switch|p1a: Aldoron|Ogerpon-Wellspring, F, shiny|25/100\n|move|p2a: Garganacl|Curse|p2a: Garganacl\n|-unboost|p2a: Garganacl|spe|1\n|-boost|p2a: Garganacl|atk|1\n|-boost|p2a: Garganacl|def|1\n|\n|-heal|p2a: Garganacl|98/100|[from] item: Leftovers\n|upkeep\n|turn|17\n|\n|t:|1695169145\n|move|p1a: Aldoron|Spiky Shield|p1a: Aldoron\n|-singleturn|p1a: Aldoron|move: Protect\n|move|p2a: Garganacl|Salt Cure|p1a: Aldoron\n|-activate|p1a: Aldoron|move: Protect\n|\n|-heal|p2a: Garganacl|100/100|[from] item: Leftovers\n|upkeep\n|turn|18\n|\n|t:|1695169157\n|move|p1a: Aldoron|Horn Leech|p2a: Garganacl\n|-supereffective|p2a: Garganacl\n|-damage|p2a: Garganacl|89/100\n|-heal|p1a: Aldoron|33/100|[from] drain|[of] p2a: Garganacl\n|move|p2a: Garganacl|Salt Cure|p1a: Aldoron\n|-damage|p1a: Aldoron|0 fnt\n|faint|p1a: Aldoron\n|\n|-heal|p2a: Garganacl|95/100|[from] item: Leftovers\n|upkeep\n|\n|t:|1695169160\n|switch|p1a: Viernes|Gholdengo, shiny|100/100\n|turn|19\n|\n|t:|1695169163\n|move|p1a: Viernes|Trick|p2a: Garganacl\n|-activate|p1a: Viernes|move: Trick|[of] p2a: Garganacl\n|-item|p2a: Garganacl|Choice Specs|[from] move: Trick\n|-item|p1a: Viernes|Leftovers|[from] move: Trick\n|move|p2a: Garganacl|Salt Cure|p1a: Viernes\n|-resisted|p1a: Viernes\n|-damage|p1a: Viernes|72/100\n|-start|p1a: Viernes|Salt Cure\n|\n|-heal|p1a: Viernes|78/100|[from] item: Leftovers\n|-damage|p1a: Viernes|53/100|[from] Salt Cure\n|upkeep\n|turn|20\n|\n|t:|1695169170\n|move|p1a: Viernes|Shadow Ball|p2a: Garganacl\n|-damage|p2a: Garganacl|75/100\n|move|p2a: Garganacl|Salt Cure|p1a: Viernes\n|-resisted|p1a: Viernes\n|-damage|p1a: Viernes|23/100\n|\n|-heal|p1a: Viernes|29/100|[from] item: Leftovers\n|-damage|p1a: Viernes|4/100|[from] Salt Cure\n|upkeep\n|turn|21\n|\n|t:|1695169174\n|move|p1a: Viernes|Recover|p1a: Viernes\n|-heal|p1a: Viernes|54/100\n|move|p2a: Garganacl|Salt Cure|p1a: Viernes\n|-resisted|p1a: Viernes\n|-crit|p1a: Viernes\n|-damage|p1a: Viernes|5/100\n|\n|-heal|p1a: Viernes|11/100|[from] item: Leftovers\n|-damage|p1a: Viernes|0 fnt|[from] Salt Cure\n|faint|p1a: Viernes\n|upkeep\n|\n|t:|1695169176\n|switch|p1a: Mercuphobia|Milotic, M, shiny|100/100\n|turn|22\n|\n|t:|1695169182\n|move|p1a: Mercuphobia|Scald|p2a: Garganacl\n|-resisted|p2a: Garganacl\n|-damage|p2a: Garganacl|61/100\n|move|p2a: Garganacl|Salt Cure|p1a: Mercuphobia\n|-damage|p1a: Mercuphobia|61/100\n|-start|p1a: Mercuphobia|Salt Cure\n|\n|-damage|p1a: Mercuphobia|36/100|[from] Salt Cure\n|-status|p1a: Mercuphobia|brn|[from] item: Flame Orb\n|upkeep\n|turn|23\n|\n|t:|1695169189\n|move|p1a: Mercuphobia|Flip Turn|p2a: Garganacl\n|-resisted|p2a: Garganacl\n|-damage|p2a: Garganacl|60/100\n|\n|t:|1695169192\n|switch|p1a: Dogromag|Great Tusk, shiny, tera:Ice|20/100|[from] Flip Turn\n|move|p2a: Garganacl|Salt Cure|p1a: Dogromag\n|-supereffective|p1a: Dogromag\n|-damage|p1a: Dogromag|0 fnt\n|faint|p1a: Dogromag\n|-end|p1a: Dogromag|Protosynthesis|[silent]\n|\n|upkeep\n|c|\u2606imJV|gg\n|\n|t:|1695169195\n|switch|p1a: Mercuphobia|Milotic, M, shiny|36/100 brn\n|turn|24\n|\n|t:|1695169197\n|move|p1a: Mercuphobia|Recover|p1a: Mercuphobia\n|-heal|p1a: Mercuphobia|87/100 brn\n|move|p2a: Garganacl|Salt Cure|p1a: Mercuphobia\n|-damage|p1a: Mercuphobia|59/100 brn\n|-start|p1a: Mercuphobia|Salt Cure\n|\n|-damage|p1a: Mercuphobia|53/100 brn|[from] brn\n|-damage|p1a: Mercuphobia|28/100 brn|[from] Salt Cure\n|upkeep\n|turn|25\n|\n|t:|1695169203\n|move|p1a: Mercuphobia|Scald|p2a: Garganacl\n|-resisted|p2a: Garganacl\n|-damage|p2a: Garganacl|46/100\n|move|p2a: Garganacl|Salt Cure|p1a: Mercuphobia\n|-damage|p1a: Mercuphobia|0 fnt\n|faint|p1a: Mercuphobia\n|\n|win|imJV\n|raw|zeref203's rating: 1071 &rarr; <strong>1053</strong><br />(-18 for losing)\n|raw|imJV's rating: 1122 &rarr; <strong>1143</strong><br />(+21 for winning)\n", "uploadtime": 1695169212, "views": 5, "p1id": "zeref203", "p2id": "imjv", "formatid": "gen9ou", "rating": 1053, "private": 0, "password": ""}