{"id": "gen9ou-1947526853", "p1": "flameburst97", "p2": "BaldNecromancer", "format": "gen9ou", "log": "|j|\u2606flameburst97\n|j|\u2606BaldNecromancer\n|t:|1695169367\n|gametype|singles\n|player|p1|flameburst97|1|1083\n|player|p2|BaldNecromancer|li|1039\n|teamsize|p1|6\n|teamsize|p2|6\n|gen|9\n|tier|[Gen 9] OU\n|rated|\n|rule|Sleep Clause Mod: Limit one foe put to sleep\n|rule|Species Clause: Limit one of each Pok\u00e9mon\n|rule|OHKO Clause: OHKO moves are banned\n|rule|Evasion Items Clause: Evasion items are banned\n|rule|Evasion Moves Clause: Evasion moves are banned\n|rule|Endless Battle Clause: Forcing endless battles is banned\n|rule|HP Percentage Mod: HP is shown in percentages\n|clearpoke\n|poke|p1|Iron Valiant|\n|poke|p1|Iron Treads|\n|poke|p1|Iron Jugulis|\n|poke|p1|Palossand, F|\n|poke|p1|Pincurchin, F|\n|poke|p1|Grimmsnarl, M|\n|poke|p2|Garchomp, M|\n|poke|p2|Ribombee, M|\n|poke|p2|Gengar, M|\n|poke|p2|Arcanine-Hisui, M|\n|poke|p2|Quaquaval, M|\n|poke|p2|Thundurus-Therian, M|\n|teampreview\n|inactive|Battle timer is ON: inactive players will automatically lose when time's up. (requested by BaldNecromancer)\n|c|\u2606BaldNecromancer|Glhf hope you like my Chad's!!!\n|\n|t:|1695169380\n|start\n|switch|p1a: Grimmsnarl|Grimmsnarl, M, shiny|100/100\n|switch|p2a: Floating Chad|Thundurus-Therian, M, shiny|100/100\n|turn|1\n|c|\u2606flameburst97|glhf\n|\n|t:|1695169392\n|move|p1a: Grimmsnarl|Light Screen|p1a: Grimmsnarl\n|-sidestart|p1: flameburst97|move: Light Screen\n|move|p2a: Floating Chad|Focus Blast|p1a: Grimmsnarl\n|-damage|p1a: Grimmsnarl|74/100\n|\n|upkeep\n|turn|2\n|\n|t:|1695169396\n|switch|p2a: Preppy Chad|Ribombee, M, shiny|100/100\n|move|p1a: Grimmsnarl|Parting Shot|p2a: Preppy Chad\n|-unboost|p2a: Preppy Chad|atk|1\n|-unboost|p2a: Preppy Chad|spa|1\n|\n|t:|1695169401\n|switch|p1a: Iron Treads|Iron Treads|100/100|[from] Parting Shot\n|\n|upkeep\n|turn|3\n|\n|t:|1695169405\n|move|p2a: Preppy Chad|Quiver Dance|p2a: Preppy Chad\n|-boost|p2a: Preppy Chad|spa|1\n|-boost|p2a: Preppy Chad|spd|1\n|-boost|p2a: Preppy Chad|spe|1\n|move|p1a: Iron Treads|Iron Head|p2a: Preppy Chad\n|-supereffective|p2a: Preppy Chad\n|-enditem|p2a: Preppy Chad|Focus Sash\n|-damage|p2a: Preppy Chad|1/100\n|\n|upkeep\n|turn|4\n|\n|t:|1695169409\n|move|p2a: Preppy Chad|Moonblast|p1a: Iron Treads\n|-resisted|p1a: Iron Treads\n|-damage|p1a: Iron Treads|93/100\n|move|p1a: Iron Treads|Rapid Spin|p2a: Preppy Chad\n|-damage|p2a: Preppy Chad|0 fnt\n|-boost|p1a: Iron Treads|spe|1\n|faint|p2a: Preppy Chad\n|\n|upkeep\n|\n|t:|1695169415\n|switch|p2a: Angry Chad|Arcanine-Hisui, M, shiny|100/100\n|turn|5\n|\n|t:|1695169423\n|move|p1a: Iron Treads|Earthquake|p2a: Angry Chad\n|-supereffective|p2a: Angry Chad\n|-enditem|p2a: Angry Chad|Focus Sash\n|-damage|p2a: Angry Chad|1/100\n|move|p2a: Angry Chad|Agility|p2a: Angry Chad\n|-boost|p2a: Angry Chad|spe|2\n|\n|upkeep\n|turn|6\n|\n|t:|1695169429\n|-terastallize|p1a: Iron Treads|Ground\n|move|p2a: Angry Chad|Flare Blitz|p1a: Iron Treads\n|-damage|p1a: Iron Treads|40/100\n|move|p1a: Iron Treads|Rapid Spin|p2a: Angry Chad\n|-resisted|p2a: Angry Chad\n|-damage|p2a: Angry Chad|0 fnt\n|-boost|p1a: Iron Treads|spe|1\n|faint|p2a: Angry Chad\n|\n|upkeep\n|\n|t:|1695169434\n|switch|p2a: GarChad|Garchomp, M, shiny|100/100\n|turn|7\n|\n|t:|1695169440\n|move|p1a: Iron Treads|Ice Spinner|p2a: GarChad\n|-supereffective|p2a: GarChad\n|-damage|p2a: GarChad|0 fnt\n|-damage|p1a: Iron Treads|28/100|[from] ability: Rough Skin|[of] p2a: GarChad\n|faint|p2a: GarChad\n|\n|upkeep\n|-message|BaldNecromancer forfeited.\n|\n|win|flameburst97\n|raw|flameburst97's rating: 1083 &rarr; <strong>1107</strong><br />(+24 for winning)\n|raw|BaldNecromancer's rating: 1039 &rarr; <strong>1025</strong><br />(-14 for losing)\n|l|\u2606BaldNecromancer\n", "uploadtime": 1695169453, "views": 8, "p1id": "flameburst97", "p2id": "baldnecromancer", "formatid": "gen9ou", "rating": 1025, "private": 0, "password": ""}