{"id": "gen9ou-1947568102", "p1": "estrogenprince", "p2": "Human64", "format": "gen9ou", "log": "|j|\u2606estrogenprince\n|j|\u2606Human64\n|t:|1695173373\n|gametype|singles\n|player|p1|estrogenprince|may-masters|1339\n|player|p2|Human64|shadowtriad|1364\n|teamsize|p1|6\n|teamsize|p2|6\n|gen|9\n|tier|[Gen 9] OU\n|rated|\n|rule|Sleep Clause Mod: Limit one foe put to sleep\n|rule|Species Clause: Limit one of each Pok\u00e9mon\n|rule|OHKO Clause: OHKO moves are banned\n|rule|Evasion Items Clause: Evasion items are banned\n|rule|Evasion Moves Clause: Evasion moves are banned\n|rule|Endless Battle Clause: Forcing endless battles is banned\n|rule|HP Percentage Mod: HP is shown in percentages\n|clearpoke\n|poke|p1|Garchomp, F|\n|poke|p1|Empoleon, M|\n|poke|p1|Ogerpon-Hearthflame, F|\n|poke|p1|Mandibuzz, F|\n|poke|p1|Zamazenta-*|\n|poke|p1|Slowking-Galar, M|\n|poke|p2|Weavile, M|\n|poke|p2|Torterra, M|\n|poke|p2|Heatran, F|\n|poke|p2|Rotom-Wash|\n|poke|p2|Mandibuzz, F|\n|poke|p2|Gholdengo|\n|teampreview\n|inactive|Battle timer is ON: inactive players will automatically lose when time's up. (requested by Human64)\n|inactive|estrogenprince also wants the timer to be on.\n|\n|t:|1695173389\n|start\n|switch|p1a: Ogerpon|Ogerpon-Hearthflame, F|100/100\n|switch|p2a: Rotom|Rotom-Wash|100/100\n|-ability|p1a: Ogerpon|Mold Breaker\n|turn|1\n|\n|t:|1695173396\n|-terastallize|p1a: Ogerpon|Fire\n|detailschange|p1a: Ogerpon|Ogerpon-Hearthflame-Tera, F, tera:Fire\n|-ability|p1a: Ogerpon|Embody Aspect (Hearthflame)|boost\n|-boost|p1a: Ogerpon|atk|1\n|move|p1a: Ogerpon|Horn Leech|p2a: Rotom\n|-supereffective|p2a: Rotom\n|-damage|p2a: Rotom|0 fnt\n|faint|p2a: Rotom\n|\n|upkeep\n|\n|t:|1695173408\n|switch|p2a: Heatran|Heatran, F|100/100\n|-item|p2a: Heatran|Air Balloon\n|turn|2\n|\n|t:|1695173415\n|-terastallize|p2a: Heatran|Flying\n|move|p1a: Ogerpon|U-turn|p2a: Heatran\n|-resisted|p2a: Heatran\n|-damage|p2a: Heatran|82/100\n|-enditem|p2a: Heatran|Air Balloon\n|\n|t:|1695173421\n|switch|p1a: Slowking|Slowking-Galar, M|100/100|[from] U-turn\n|move|p2a: Heatran|Earth Power|p1a: Slowking\n|-supereffective|p1a: Slowking\n|-damage|p1a: Slowking|57/100\n|\n|-heal|p1a: Slowking|63/100|[from] item: Leftovers\n|upkeep\n|turn|3\n|\n|t:|1695173428\n|move|p2a: Heatran|Magma Storm|p1a: Slowking|[miss]\n|-miss|p2a: Heatran|p1a: Slowking\n|move|p1a: Slowking|Sludge Bomb|p2a: Heatran\n|-damage|p2a: Heatran|53/100\n|-status|p2a: Heatran|psn\n|\n|-heal|p1a: Slowking|69/100|[from] item: Leftovers\n|-damage|p2a: Heatran|40/100 psn|[from] psn\n|upkeep\n|turn|4\n|\n|t:|1695173434\n|switch|p2a: Gholdengo|Gholdengo|100/100\n|-item|p2a: Gholdengo|Air Balloon\n|move|p1a: Slowking|Chilly Reception|p1a: Slowking\n|-weather|Snow\n|\n|t:|1695173441\n|switch|p1a: Ogerpon|Ogerpon-Hearthflame-Tera, F, tera:Fire|100/100|[from] Chilly Reception\n|-ability|p1a: Ogerpon|Embody Aspect (Hearthflame)|boost\n|-boost|p1a: Ogerpon|atk|1\n|\n|-weather|Snow|[upkeep]\n|upkeep\n|turn|5\n|\n|t:|1695173445\n|move|p1a: Ogerpon|Ivy Cudgel|p2a: Gholdengo\n|-supereffective|p2a: Gholdengo\n|-damage|p2a: Gholdengo|0 fnt\n|-enditem|p2a: Gholdengo|Air Balloon\n|faint|p2a: Gholdengo\n|\n|-weather|Snow|[upkeep]\n|upkeep\n|\n|t:|1695173451\n|switch|p2a: Weavile|Weavile, M|100/100\n|-ability|p2a: Weavile|Pressure\n|turn|6\n|\n|t:|1695173454\n|move|p2a: Weavile|Knock Off|p1a: Ogerpon\n|-damage|p1a: Ogerpon|58/100\n|move|p1a: Ogerpon|Ivy Cudgel|p2a: Weavile\n|-supereffective|p2a: Weavile\n|-damage|p2a: Weavile|0 fnt\n|faint|p2a: Weavile\n|\n|-weather|Snow|[upkeep]\n|upkeep\n|\n|t:|1695173462\n|switch|p2a: Torterra|Torterra, M|100/100\n|turn|7\n|\n|t:|1695173466\n|move|p1a: Ogerpon|Ivy Cudgel|p2a: Torterra\n|-supereffective|p2a: Torterra\n|-damage|p2a: Torterra|0 fnt\n|faint|p2a: Torterra\n|\n|-weather|Snow|[upkeep]\n|upkeep\n|\n|t:|1695173468\n|switch|p2a: Mandibuzz|Mandibuzz, F|100/100\n|turn|8\n|\n|t:|1695173472\n|move|p1a: Ogerpon|Ivy Cudgel|p2a: Mandibuzz\n|-damage|p2a: Mandibuzz|33/100\n|move|p2a: Mandibuzz|Foul Play|p1a: Ogerpon\n|-damage|p1a: Ogerpon|0 fnt\n|faint|p1a: Ogerpon\n|\n|-weather|none\n|upkeep\n|\n|t:|1695173477\n|switch|p1a: Garchomp|Garchomp, F|100/100\n|turn|9\n|-message|Human64 forfeited.\n|\n|win|estrogenprince\n|raw|estrogenprince's rating: 1339 &rarr; <strong>1360</strong><br />(+21 for winning)\n|raw|Human64's rating: 1364 &rarr; <strong>1343</strong><br />(-21 for losing)\n|l|\u2606Human64\n", "uploadtime": 1695173480, "views": 6, "p1id": "estrogenprince", "p2id": "human64", "formatid": "gen9ou", "rating": 1343, "private": 0, "password": ""}