{"id": "gen9ou-1947536269", "p1": "Ansonisama", "p2": "MacheteMcGoo", "format": "gen9ou", "log": "|j|\u2606Ansonisama\n|j|\u2606MacheteMcGoo\n|t:|1695170294\n|gametype|singles\n|player|p1|Ansonisama|1|1132\n|player|p2|MacheteMcGoo|bea|1200\n|teamsize|p1|6\n|teamsize|p2|6\n|gen|9\n|tier|[Gen 9] OU\n|rated|\n|rule|Sleep Clause Mod: Limit one foe put to sleep\n|rule|Species Clause: Limit one of each Pok\u00e9mon\n|rule|OHKO Clause: OHKO moves are banned\n|rule|Evasion Items Clause: Evasion items are banned\n|rule|Evasion Moves Clause: Evasion moves are banned\n|rule|Endless Battle Clause: Forcing endless battles is banned\n|rule|HP Percentage Mod: HP is shown in percentages\n|clearpoke\n|poke|p1|Kommo-o, M|\n|poke|p1|Hatterene, F|\n|poke|p1|Ting-Lu|\n|poke|p1|Gholdengo|\n|poke|p1|Tauros-Paldea-Blaze, M|\n|poke|p1|Kingambit, M|\n|poke|p2|Clodsire, M|\n|poke|p2|Zapdos|\n|poke|p2|Quaquaval, M|\n|poke|p2|Kingambit, F|\n|poke|p2|Cresselia, F|\n|poke|p2|Ogerpon-Hearthflame, F|\n|teampreview\n|\n|t:|1695170304\n|start\n|switch|p1a: Ting-Lu|Ting-Lu|100/100\n|switch|p2a: Huellwich|Clodsire, M|100/100\n|-ability|p1a: Ting-Lu|Vessel of Ruin\n|turn|1\n|\n|t:|1695170311\n|switch|p1a: Hatterene|Hatterene, F|100/100\n|move|p2a: Huellwich|Toxic|p1a: Hatterene\n|move|p1a: Hatterene|Toxic|p2a: Huellwich|[from]ability: Magic Bounce\n|-immune|p2a: Huellwich\n|\n|upkeep\n|turn|2\n|\n|t:|1695170328\n|switch|p2a: Brambleguard|Kingambit, F|100/100\n|move|p1a: Hatterene|Nuzzle|p2a: Brambleguard\n|-damage|p2a: Brambleguard|97/100\n|-status|p2a: Brambleguard|par\n|\n|upkeep\n|turn|3\n|\n|t:|1695170337\n|switch|p1a: Tauros|Tauros-Paldea-Blaze, M|100/100\n|-ability|p1a: Tauros|Intimidate|boost\n|-unboost|p2a: Brambleguard|atk|1\n|move|p2a: Brambleguard|Kowtow Cleave|p1a: Tauros\n|-resisted|p1a: Tauros\n|-damage|p1a: Tauros|79/100\n|\n|upkeep\n|turn|4\n|\n|t:|1695170358\n|switch|p1a: Gholdengo|Gholdengo|100/100\n|-end|p2a: Brambleguard|fallenundefined|[silent]\n|switch|p2a: Moonknight|Cresselia, F|100/100\n|\n|upkeep\n|turn|5\n|\n|t:|1695170367\n|switch|p2a: Huellwich|Clodsire, M|100/100\n|move|p1a: Gholdengo|Trick|p2a: Huellwich\n|-activate|p1a: Gholdengo|move: Trick|[of] p2a: Huellwich\n|-item|p2a: Huellwich|Choice Scarf|[from] move: Trick\n|-item|p1a: Gholdengo|Leftovers|[from] move: Trick\n|\n|upkeep\n|turn|6\n|\n|t:|1695170385\n|switch|p1a: Hatterene|Hatterene, F|100/100\n|move|p2a: Huellwich|Earthquake|p1a: Hatterene\n|-damage|p1a: Hatterene|77/100\n|\n|-heal|p1a: Hatterene|83/100|[from] item: Leftovers\n|upkeep\n|turn|7\n|\n|t:|1695170394\n|switch|p2a: Spiky Bird|Zapdos|100/100\n|move|p1a: Hatterene|Psyshock|p2a: Spiky Bird\n|-damage|p2a: Spiky Bird|54/100\n|\n|-heal|p1a: Hatterene|89/100|[from] item: Leftovers\n|upkeep\n|turn|8\n|\n|t:|1695170402\n|switch|p1a: Ting-Lu|Ting-Lu|100/100\n|-ability|p1a: Ting-Lu|Vessel of Ruin\n|move|p2a: Spiky Bird|Roost|p2a: Spiky Bird\n|-heal|p2a: Spiky Bird|100/100\n|-singleturn|p2a: Spiky Bird|move: Roost\n|\n|upkeep\n|turn|9\n|\n|t:|1695170410\n|move|p2a: Spiky Bird|U-turn|p1a: Ting-Lu\n|-supereffective|p1a: Ting-Lu\n|-damage|p1a: Ting-Lu|86/100\n|\n|t:|1695170414\n|switch|p2a: Ronald Rizz|Quaquaval, M|100/100|[from] U-turn\n|move|p1a: Ting-Lu|Spikes|p2a: Ronald Rizz\n|-sidestart|p2: MacheteMcGoo|Spikes\n|\n|-heal|p1a: Ting-Lu|92/100|[from] item: Leftovers\n|upkeep\n|turn|10\n|\n|t:|1695170426\n|move|p2a: Ronald Rizz|Aqua Step|p1a: Ting-Lu\n|-supereffective|p1a: Ting-Lu\n|-damage|p1a: Ting-Lu|51/100\n|-boost|p2a: Ronald Rizz|spe|1\n|move|p1a: Ting-Lu|Whirlwind|p2a: Ronald Rizz\n|drag|p2a: Brambleguard|Kingambit, F|97/100 par\n|-damage|p2a: Brambleguard|85/100 par|[from] Spikes\n|\n|-heal|p1a: Ting-Lu|57/100|[from] item: Leftovers\n|upkeep\n|turn|11\n|\n|t:|1695170438\n|move|p1a: Ting-Lu|Body Press|p2a: Brambleguard\n|-supereffective|p2a: Brambleguard\n|-damage|p2a: Brambleguard|4/100 par\n|cant|p2a: Brambleguard|par\n|\n|-heal|p1a: Ting-Lu|64/100|[from] item: Leftovers\n|upkeep\n|turn|12\n|\n|t:|1695170446\n|move|p2a: Brambleguard|Sucker Punch||[still]\n|-fail|p2a: Brambleguard\n|move|p1a: Ting-Lu|Spikes|p2a: Brambleguard\n|-sidestart|p2: MacheteMcGoo|Spikes\n|\n|-heal|p1a: Ting-Lu|70/100|[from] item: Leftovers\n|upkeep\n|turn|13\n|\n|t:|1695170457\n|move|p1a: Ting-Lu|Body Press|p2a: Brambleguard\n|-supereffective|p2a: Brambleguard\n|-damage|p2a: Brambleguard|0 fnt\n|faint|p2a: Brambleguard\n|-end|p2a: Brambleguard|fallenundefined|[silent]\n|\n|-heal|p1a: Ting-Lu|76/100|[from] item: Leftovers\n|upkeep\n|\n|t:|1695170459\n|switch|p2a: Ronald Rizz|Quaquaval, M|100/100\n|turn|14\n|\n|t:|1695170489\n|-terastallize|p1a: Ting-Lu|Poison\n|move|p2a: Ronald Rizz|Close Combat|p1a: Ting-Lu\n|-resisted|p1a: Ting-Lu\n|-damage|p1a: Ting-Lu|60/100\n|-unboost|p2a: Ronald Rizz|def|1\n|-unboost|p2a: Ronald Rizz|spd|1\n|move|p1a: Ting-Lu|Whirlwind|p2a: Ronald Rizz\n|drag|p2a: Moonknight|Cresselia, F|100/100\n|\n|-heal|p1a: Ting-Lu|67/100|[from] item: Leftovers\n|upkeep\n|turn|15\n|\n|t:|1695170500\n|move|p2a: Moonknight|Psychic|p1a: Ting-Lu\n|-supereffective|p1a: Ting-Lu\n|-damage|p1a: Ting-Lu|39/100\n|move|p1a: Ting-Lu|Ruination|p2a: Moonknight\n|-damage|p2a: Moonknight|51/100\n|\n|-heal|p1a: Ting-Lu|46/100|[from] item: Leftovers\n|upkeep\n|turn|16\n|\n|t:|1695170510\n|switch|p1a: Kingambit|Kingambit, M|100/100\n|move|p2a: Moonknight|Psychic|p1a: Kingambit\n|-immune|p1a: Kingambit\n|\n|upkeep\n|turn|17\n|\n|t:|1695170522\n|-end|p1a: Kingambit|fallenundefined|[silent]\n|switch|p1a: Hatterene|Hatterene, F|89/100\n|move|p2a: Moonknight|Thunder Wave|p1a: Hatterene\n|move|p1a: Hatterene|Thunder Wave|p2a: Moonknight|[from]ability: Magic Bounce\n|-status|p2a: Moonknight|par\n|\n|-heal|p1a: Hatterene|95/100|[from] item: Leftovers\n|upkeep\n|turn|18\n|\n|t:|1695170535\n|cant|p2a: Moonknight|par\n|move|p1a: Hatterene|Calm Mind|p1a: Hatterene\n|-boost|p1a: Hatterene|spa|1\n|-boost|p1a: Hatterene|spd|1\n|\n|-heal|p1a: Hatterene|100/100|[from] item: Leftovers\n|upkeep\n|turn|19\n|\n|t:|1695170543\n|switch|p2a: Huellwich|Clodsire, M|100/100\n|-damage|p2a: Huellwich|84/100|[from] Spikes\n|move|p1a: Hatterene|Draining Kiss|p2a: Huellwich\n|-resisted|p2a: Huellwich\n|-damage|p2a: Huellwich|77/100\n|\n|upkeep\n|turn|20\n|\n|t:|1695170555\n|move|p2a: Huellwich|Earthquake|p1a: Hatterene\n|-damage|p1a: Hatterene|78/100\n|move|p1a: Hatterene|Psyshock|p2a: Huellwich\n|-supereffective|p2a: Huellwich\n|-damage|p2a: Huellwich|0 fnt\n|faint|p2a: Huellwich\n|\n|-heal|p1a: Hatterene|84/100|[from] item: Leftovers\n|upkeep\n|\n|t:|1695170565\n|switch|p2a: Click Tera 2 Win|Ogerpon-Hearthflame, F|100/100\n|-damage|p2a: Click Tera 2 Win|84/100|[from] Spikes\n|-ability|p2a: Click Tera 2 Win|Mold Breaker\n|turn|21\n|\n|t:|1695170584\n|switch|p1a: Ting-Lu|Ting-Lu, tera:Poison|46/100\n|-ability|p1a: Ting-Lu|Vessel of Ruin\n|-terastallize|p2a: Click Tera 2 Win|Fire\n|detailschange|p2a: Click Tera 2 Win|Ogerpon-Hearthflame-Tera, F, tera:Fire\n|-ability|p2a: Click Tera 2 Win|Embody Aspect (Hearthflame)|boost\n|-boost|p2a: Click Tera 2 Win|atk|1\n|move|p2a: Click Tera 2 Win|Knock Off|p1a: Ting-Lu\n|-damage|p1a: Ting-Lu|14/100\n|-enditem|p1a: Ting-Lu|Leftovers|[from] move: Knock Off|[of] p2a: Click Tera 2 Win\n|\n|upkeep\n|turn|22\n|\n|t:|1695170603\n|move|p2a: Click Tera 2 Win|Ivy Cudgel|p1a: Ting-Lu\n|-damage|p1a: Ting-Lu|0 fnt\n|faint|p1a: Ting-Lu\n|\n|upkeep\n|\n|t:|1695170614\n|switch|p1a: Kommo-o|Kommo-o, M|100/100\n|turn|23\n|\n|t:|1695170632\n|move|p2a: Click Tera 2 Win|Trailblaze|p1a: Kommo-o\n|-resisted|p1a: Kommo-o\n|-damage|p1a: Kommo-o|80/100\n|-boost|p2a: Click Tera 2 Win|spe|1\n|move|p1a: Kommo-o|Clanging Scales|p2a: Click Tera 2 Win\n|-damage|p2a: Click Tera 2 Win|23/100\n|-unboost|p1a: Kommo-o|def|1\n|-enditem|p1a: Kommo-o|Throat Spray\n|-boost|p1a: Kommo-o|spa|1|[from] item: Throat Spray\n|\n|upkeep\n|turn|24\n|\n|t:|1695170643\n|move|p2a: Click Tera 2 Win|Ivy Cudgel|p1a: Kommo-o\n|-resisted|p1a: Kommo-o\n|-damage|p1a: Kommo-o|1/100\n|move|p1a: Kommo-o|Boomburst|p2a: Click Tera 2 Win\n|-damage|p2a: Click Tera 2 Win|0 fnt\n|faint|p2a: Click Tera 2 Win\n|\n|upkeep\n|\n|t:|1695170652\n|switch|p2a: Ronald Rizz|Quaquaval, M|100/100\n|turn|25\n|\n|t:|1695170668\n|move|p1a: Kommo-o|Clanging Scales|p2a: Ronald Rizz\n|-damage|p2a: Ronald Rizz|0 fnt\n|faint|p2a: Ronald Rizz\n|-unboost|p1a: Kommo-o|def|1\n|\n|upkeep\n|\n|t:|1695170677\n|switch|p2a: Spiky Bird|Zapdos|100/100\n|turn|26\n|\n|t:|1695170686\n|move|p2a: Spiky Bird|Thunderbolt|p1a: Kommo-o\n|-resisted|p1a: Kommo-o\n|-damage|p1a: Kommo-o|0 fnt\n|faint|p1a: Kommo-o\n|\n|upkeep\n|c|\u2606MacheteMcGoo|fucking speed ties\n|c|\u2606MacheteMcGoo|gg wp\n|\n|t:|1695170697\n|switch|p1a: Tauros|Tauros-Paldea-Blaze, M|79/100\n|-ability|p1a: Tauros|Intimidate|boost\n|-unboost|p2a: Spiky Bird|atk|1\n|turn|27\n|\n|t:|1695170704\n|move|p1a: Tauros|Flare Blitz|p2a: Spiky Bird\n|-damage|p2a: Spiky Bird|30/100\n|-damage|p1a: Tauros|53/100|[from] Recoil\n|move|p2a: Spiky Bird|Thunderbolt|p1a: Tauros\n|-damage|p1a: Tauros|0 fnt\n|faint|p1a: Tauros\n|\n|upkeep\n|\n|t:|1695170715\n|switch|p1a: Kingambit|Kingambit, M|100/100\n|-activate|p1a: Kingambit|ability: Supreme Overlord\n|-start|p1a: Kingambit|fallen3|[silent]\n|turn|28\n|\n|t:|1695170719\n|move|p2a: Spiky Bird|Roost|p2a: Spiky Bird\n|-heal|p2a: Spiky Bird|80/100\n|-singleturn|p2a: Spiky Bird|move: Roost\n|move|p1a: Kingambit|Kowtow Cleave|p2a: Spiky Bird\n|-damage|p2a: Spiky Bird|0 fnt\n|faint|p2a: Spiky Bird\n|\n|upkeep\n|\n|t:|1695170723\n|switch|p2a: Moonknight|Cresselia, F|51/100 par\n|turn|29\n|\n|t:|1695170729\n|move|p1a: Kingambit|Kowtow Cleave|p2a: Moonknight\n|-supereffective|p2a: Moonknight\n|-damage|p2a: Moonknight|0 fnt\n|-damage|p1a: Kingambit|84/100|[from] item: Rocky Helmet|[of] p2a: Moonknight\n|faint|p2a: Moonknight\n|\n|win|Ansonisama\n|raw|Ansonisama's rating: 1132 &rarr; <strong>1162</strong><br />(+30 for winning)\n|raw|MacheteMcGoo's rating: 1200 &rarr; <strong>1170</strong><br />(-30 for losing)\n|l|\u2606MacheteMcGoo\n", "uploadtime": 1695170763, "views": 5, "p1id": "ansonisama", "p2id": "machetemcgoo", "formatid": "gen9ou", "rating": 1162, "private": 0, "password": ""}