{"id": "gen9ou-1947515809", "p1": "Txtrisonline", "p2": "shes cooking\u2661", "format": "gen9ou", "log": "|j|\u2606Txtrisonline\n|j|\u2606shes cooking\u2661\n|t:|1695168269\n|gametype|singles\n|player|p1|Txtrisonline|266|1262\n|player|p2|shes cooking\u2661|maid-gen4|1283\n|teamsize|p1|6\n|teamsize|p2|6\n|gen|9\n|tier|[Gen 9] OU\n|rated|\n|rule|Sleep Clause Mod: Limit one foe put to sleep\n|rule|Species Clause: Limit one of each Pok\u00e9mon\n|rule|OHKO Clause: OHKO moves are banned\n|rule|Evasion Items Clause: Evasion items are banned\n|rule|Evasion Moves Clause: Evasion moves are banned\n|rule|Endless Battle Clause: Forcing endless battles is banned\n|rule|HP Percentage Mod: HP is shown in percentages\n|clearpoke\n|poke|p1|Sinistcha|\n|poke|p1|Tauros-Paldea-Blaze, M|\n|poke|p1|Great Tusk|\n|poke|p1|Clodsire, F|\n|poke|p1|Gholdengo|\n|poke|p1|Kingambit, F|\n|poke|p2|Torkoal, F|\n|poke|p2|Victreebel, F|\n|poke|p2|Walking Wake|\n|poke|p2|Gliscor, F|\n|poke|p2|Roaring Moon|\n|poke|p2|Cresselia, F|\n|teampreview\n|inactive|Battle timer is ON: inactive players will automatically lose when time's up. (requested by Txtrisonline)\n|\n|t:|1695168331\n|start\n|switch|p1a: Great Tusk|Great Tusk|100/100\n|switch|p2a: Gliscor|Gliscor, F|100/100\n|turn|1\n|\n|t:|1695168338\n|move|p2a: Gliscor|Protect|p2a: Gliscor\n|-singleturn|p2a: Gliscor|Protect\n|move|p1a: Great Tusk|Ice Spinner|p2a: Gliscor\n|-activate|p2a: Gliscor|move: Protect\n|\n|-status|p2a: Gliscor|tox|[from] item: Toxic Orb\n|upkeep\n|turn|2\n|\n|t:|1695168347\n|switch|p2a: Torkoal|Torkoal, F|100/100\n|-weather|SunnyDay|[from] ability: Drought|[of] p2a: Torkoal\n|-activate|p1a: Great Tusk|ability: Protosynthesis\n|-start|p1a: Great Tusk|protosynthesisatk\n|move|p1a: Great Tusk|Ice Spinner|p2a: Torkoal\n|-resisted|p2a: Torkoal\n|-damage|p2a: Torkoal|91/100\n|\n|-weather|SunnyDay|[upkeep]\n|upkeep\n|turn|3\n|\n|t:|1695168354\n|switch|p2a: Gliscor|Gliscor, F|100/100 tox\n|move|p1a: Great Tusk|Headlong Rush|p2a: Gliscor\n|-immune|p2a: Gliscor\n|\n|-weather|SunnyDay|[upkeep]\n|upkeep\n|turn|4\n|\n|t:|1695168360\n|-terastallize|p2a: Gliscor|Steel\n|move|p1a: Great Tusk|Ice Spinner|p2a: Gliscor\n|-resisted|p2a: Gliscor\n|-damage|p2a: Gliscor|89/100 tox\n|move|p2a: Gliscor|U-turn|p1a: Great Tusk\n|-resisted|p1a: Great Tusk\n|-crit|p1a: Great Tusk\n|-damage|p1a: Great Tusk|91/100\n|c|\u2606Txtrisonline|im getting read\n|c|\u2606Txtrisonline|like a book\n|c|\u2606Txtrisonline|no like a whole library\n|inactive|shes cooking\u2661 has 120 seconds left.\n|\n|t:|1695168395\n|switch|p2a: Walking Wake|Walking Wake|100/100|[from] U-turn\n|-activate|p2a: Walking Wake|ability: Protosynthesis\n|-start|p2a: Walking Wake|protosynthesisspa\n|\n|-weather|SunnyDay|[upkeep]\n|upkeep\n|turn|5\n|\n|t:|1695168421\n|-terastallize|p1a: Great Tusk|Steel\n|move|p2a: Walking Wake|Draco Meteor|p1a: Great Tusk\n|-resisted|p1a: Great Tusk\n|-damage|p1a: Great Tusk|0 fnt\n|-unboost|p2a: Walking Wake|spa|2\n|faint|p1a: Great Tusk\n|-end|p1a: Great Tusk|Protosynthesis|[silent]\n|-damage|p2a: Walking Wake|91/100|[from] item: Life Orb\n|\n|-weather|SunnyDay|[upkeep]\n|upkeep\n|\n|t:|1695168428\n|switch|p1a: Kingambit|Kingambit, F|100/100\n|-activate|p1a: Kingambit|ability: Supreme Overlord\n|-start|p1a: Kingambit|fallen1|[silent]\n|-item|p1a: Kingambit|Air Balloon\n|turn|6\n|\n|t:|1695168439\n|-end|p2a: Walking Wake|Protosynthesis|[silent]\n|switch|p2a: Gliscor|Gliscor, F, tera:Steel|89/100 tox\n|move|p1a: Kingambit|Swords Dance|p1a: Kingambit\n|-boost|p1a: Kingambit|atk|2\n|\n|-weather|SunnyDay|[upkeep]\n|-heal|p2a: Gliscor|100/100 tox|[from] ability: Poison Heal\n|upkeep\n|turn|7\n|\n|t:|1695168442\n|move|p2a: Gliscor|U-turn|p1a: Kingambit\n|-damage|p1a: Kingambit|87/100\n|-enditem|p1a: Kingambit|Air Balloon\n|\n|t:|1695168447\n|switch|p2a: Cresselia|Cresselia, F|100/100|[from] U-turn\n|move|p1a: Kingambit|Low Kick|p2a: Cresselia\n|-resisted|p2a: Cresselia\n|-damage|p2a: Cresselia|81/100\n|\n|-weather|SunnyDay|[upkeep]\n|-heal|p2a: Cresselia|87/100|[from] item: Leftovers\n|upkeep\n|turn|8\n|\n|t:|1695168453\n|move|p2a: Cresselia|Moonblast|p1a: Kingambit\n|-damage|p1a: Kingambit|68/100\n|move|p1a: Kingambit|Kowtow Cleave|p2a: Cresselia\n|-supereffective|p2a: Cresselia\n|-damage|p2a: Cresselia|0 fnt\n|faint|p2a: Cresselia\n|\n|-weather|SunnyDay|[upkeep]\n|upkeep\n|\n|t:|1695168456\n|switch|p2a: Roaring Moon|Roaring Moon|100/100\n|-activate|p2a: Roaring Moon|ability: Protosynthesis\n|-start|p2a: Roaring Moon|protosynthesisatk\n|turn|9\n|\n|t:|1695168462\n|move|p2a: Roaring Moon|Earthquake|p1a: Kingambit\n|-supereffective|p1a: Kingambit\n|-damage|p1a: Kingambit|0 fnt\n|faint|p1a: Kingambit\n|-end|p1a: Kingambit|fallen1|[silent]\n|\n|-weather|none\n|-end|p2a: Roaring Moon|Protosynthesis\n|upkeep\n|\n|t:|1695168475\n|switch|p1a: Gholdengo|Gholdengo|100/100\n|turn|10\n|\n|t:|1695168478\n|-end|p2a: Roaring Moon|Protosynthesis|[silent]\n|switch|p2a: Torkoal|Torkoal, F|91/100\n|-weather|SunnyDay|[from] ability: Drought|[of] p2a: Torkoal\n|move|p1a: Gholdengo|Focus Blast|p2a: Torkoal\n|-damage|p2a: Torkoal|35/100\n|\n|-weather|SunnyDay|[upkeep]\n|upkeep\n|turn|11\n|\n|t:|1695168482\n|switch|p2a: Gliscor|Gliscor, F, tera:Steel|100/100 tox\n|move|p1a: Gholdengo|Focus Blast|p2a: Gliscor\n|-supereffective|p2a: Gliscor\n|-damage|p2a: Gliscor|9/100 tox\n|\n|-weather|SunnyDay|[upkeep]\n|-heal|p2a: Gliscor|21/100 tox|[from] ability: Poison Heal\n|upkeep\n|turn|12\n|\n|t:|1695168487\n|move|p1a: Gholdengo|Focus Blast|p2a: Gliscor\n|-supereffective|p2a: Gliscor\n|-damage|p2a: Gliscor|0 fnt\n|faint|p2a: Gliscor\n|\n|-weather|SunnyDay|[upkeep]\n|upkeep\n|\n|t:|1695168492\n|switch|p2a: Victreebel|Victreebel, F|100/100\n|turn|13\n|\n|t:|1695168500\n|switch|p1a: Tauros|Tauros-Paldea-Blaze, M|100/100\n|-ability|p1a: Tauros|Intimidate|boost\n|-unboost|p2a: Victreebel|atk|1\n|move|p2a: Victreebel|Growth|p2a: Victreebel\n|-boost|p2a: Victreebel|atk|2\n|-boost|p2a: Victreebel|spa|2\n|\n|-weather|SunnyDay|[upkeep]\n|upkeep\n|turn|14\n|\n|t:|1695168509\n|move|p2a: Victreebel|Sludge Bomb|p1a: Tauros\n|-damage|p1a: Tauros|0 fnt\n|faint|p1a: Tauros\n|\n|-weather|SunnyDay|[upkeep]\n|upkeep\n|\n|t:|1695168516\n|switch|p1a: Gholdengo|Gholdengo|100/100\n|turn|15\n|\n|t:|1695168524\n|move|p2a: Victreebel|Weather Ball|p1a: Gholdengo\n|-supereffective|p1a: Gholdengo\n|-damage|p1a: Gholdengo|0 fnt\n|faint|p1a: Gholdengo\n|\n|-weather|SunnyDay|[upkeep]\n|upkeep\n|\n|t:|1695168531\n|switch|p1a: Clodsire|Clodsire, F|100/100\n|turn|16\n|\n|t:|1695168534\n|move|p2a: Victreebel|Weather Ball|p1a: Clodsire\n|-damage|p1a: Clodsire|70/100\n|move|p1a: Clodsire|Earthquake|p2a: Victreebel\n|-damage|p2a: Victreebel|54/100\n|\n|-weather|SunnyDay|[upkeep]\n|-heal|p1a: Clodsire|76/100|[from] item: Leftovers\n|upkeep\n|turn|17\n|\n|t:|1695168542\n|move|p2a: Victreebel|Strength Sap|p1a: Clodsire\n|-unboost|p1a: Clodsire|atk|1\n|-heal|p2a: Victreebel|100/100\n|move|p1a: Clodsire|Earthquake|p2a: Victreebel\n|-damage|p2a: Victreebel|72/100\n|\n|-weather|none\n|-heal|p1a: Clodsire|82/100|[from] item: Leftovers\n|upkeep\n|turn|18\n|\n|t:|1695168548\n|switch|p2a: Torkoal|Torkoal, F|35/100\n|-weather|SunnyDay|[from] ability: Drought|[of] p2a: Torkoal\n|move|p1a: Clodsire|Earthquake|p2a: Torkoal\n|-supereffective|p2a: Torkoal\n|-damage|p2a: Torkoal|16/100\n|\n|-weather|SunnyDay|[upkeep]\n|-heal|p1a: Clodsire|89/100|[from] item: Leftovers\n|upkeep\n|turn|19\n|\n|t:|1695168554\n|switch|p1a: Sinistcha|Sinistcha|100/100\n|move|p2a: Torkoal|Yawn|p1a: Sinistcha\n|-start|p1a: Sinistcha|move: Yawn|[of] p2a: Torkoal\n|\n|-weather|SunnyDay|[upkeep]\n|upkeep\n|turn|20\n|\n|t:|1695168560\n|switch|p1a: Clodsire|Clodsire, F|89/100\n|move|p2a: Torkoal|Lava Plume|p1a: Clodsire\n|-crit|p1a: Clodsire\n|-damage|p1a: Clodsire|61/100\n|-status|p1a: Clodsire|brn\n|\n|-weather|SunnyDay|[upkeep]\n|-heal|p1a: Clodsire|68/100 brn|[from] item: Leftovers\n|-damage|p1a: Clodsire|61/100 brn|[from] brn\n|upkeep\n|turn|21\n|\n|t:|1695168564\n|move|p1a: Clodsire|Earthquake|p2a: Torkoal\n|-supereffective|p2a: Torkoal\n|-damage|p2a: Torkoal|0 fnt\n|faint|p2a: Torkoal\n|\n|-weather|SunnyDay|[upkeep]\n|-heal|p1a: Clodsire|68/100 brn|[from] item: Leftovers\n|-damage|p1a: Clodsire|61/100 brn|[from] brn\n|upkeep\n|\n|t:|1695168569\n|switch|p2a: Roaring Moon|Roaring Moon|100/100\n|-activate|p2a: Roaring Moon|ability: Protosynthesis\n|-start|p2a: Roaring Moon|protosynthesisatk\n|turn|22\n|\n|t:|1695168572\n|move|p2a: Roaring Moon|Knock Off|p1a: Clodsire\n|-crit|p1a: Clodsire\n|-damage|p1a: Clodsire|0 fnt\n|-enditem|p1a: Clodsire|Leftovers|[from] move: Knock Off|[of] p2a: Roaring Moon\n|faint|p1a: Clodsire\n|\n|-weather|SunnyDay|[upkeep]\n|upkeep\n|\n|t:|1695168574\n|switch|p1a: Sinistcha|Sinistcha|100/100\n|turn|23\n|\n|t:|1695168577\n|move|p2a: Roaring Moon|Knock Off|p1a: Sinistcha\n|-supereffective|p1a: Sinistcha\n|-crit|p1a: Sinistcha\n|-damage|p1a: Sinistcha|0 fnt\n|-enditem|p1a: Sinistcha|Leftovers|[from] move: Knock Off|[of] p2a: Roaring Moon\n|faint|p1a: Sinistcha\n|\n|win|shes cooking\u2661\n|raw|Txtrisonline's rating: 1262 &rarr; <strong>1239</strong><br />(-23 for losing)\n|raw|shes cooking\u2661's rating: 1283 &rarr; <strong>1306</strong><br />(+23 for winning)\n|l|\u2606Txtrisonline\n", "uploadtime": 1695168585, "views": 3, "p1id": "txtrisonline", "p2id": "shescooking", "formatid": "gen9ou", "rating": 1239, "private": 0, "password": ""}