{"id": "gen9ou-1947537388", "p1": "Ike745", "p2": "Jurassicpig44", "format": "gen9ou", "log": "|j|\u2606Ike745\n|j|\u2606Jurassicpig44\n|t:|1695170407\n|gametype|singles\n|player|p1|Ike745|blue|1426\n|player|p2|Jurassicpig44|blackbelt-gen4dp|1387\n|teamsize|p1|6\n|teamsize|p2|6\n|gen|9\n|tier|[Gen 9] OU\n|rated|\n|rule|Sleep Clause Mod: Limit one foe put to sleep\n|rule|Species Clause: Limit one of each Pok\u00e9mon\n|rule|OHKO Clause: OHKO moves are banned\n|rule|Evasion Items Clause: Evasion items are banned\n|rule|Evasion Moves Clause: Evasion moves are banned\n|rule|Endless Battle Clause: Forcing endless battles is banned\n|rule|HP Percentage Mod: HP is shown in percentages\n|clearpoke\n|poke|p1|Heatran, M|\n|poke|p1|Iron Hands|\n|poke|p1|Walking Wake|\n|poke|p1|Great Tusk|\n|poke|p1|Roaring Moon|\n|poke|p1|Enamorus, F|\n|poke|p2|Iron Moth|\n|poke|p2|Ursaluna-Bloodmoon, M|\n|poke|p2|Great Tusk|\n|poke|p2|Kingambit, M|\n|poke|p2|Dragonite, M|\n|poke|p2|Iron Valiant|\n|teampreview\n|inactive|Battle timer is ON: inactive players will automatically lose when time's up. (requested by Ike745)\n|c|\u2606Ike745|gl hf\n|c|\u2606Jurassicpig44|u2\n|\n|t:|1695170426\n|start\n|switch|p1a: Enamorus|Enamorus, F|100/100\n|switch|p2a: Ursaluna|Ursaluna-Bloodmoon, M|100/100\n|turn|1\n|\n|t:|1695170436\n|move|p1a: Enamorus|Moonblast|p2a: Ursaluna\n|-damage|p2a: Ursaluna|43/100\n|move|p2a: Ursaluna|Blood Moon|p1a: Enamorus\n|-damage|p1a: Enamorus|0 fnt\n|faint|p1a: Enamorus\n|\n|-heal|p2a: Ursaluna|49/100|[from] item: Leftovers\n|upkeep\n|c|\u2606Jurassicpig44|gg\n|c|\u2606Ike745|?\n|c|\u2606Jurassicpig44|its an insta win\n|\n|t:|1695170450\n|switch|p1a: Great Tusk|Great Tusk|100/100\n|turn|2\n|c|\u2606Ike745|what is\n|c|\u2606Jurassicpig44|bloodmoon\n|\n|t:|1695170470\n|move|p1a: Great Tusk|Close Combat|p2a: Ursaluna\n|-supereffective|p2a: Ursaluna\n|-damage|p2a: Ursaluna|0 fnt\n|-unboost|p1a: Great Tusk|def|1\n|-unboost|p1a: Great Tusk|spd|1\n|faint|p2a: Ursaluna\n|\n|upkeep\n|c|\u2606Ike745|how\n|\n|t:|1695170478\n|switch|p2a: Iron Moth|Iron Moth|100/100\n|-enditem|p2a: Iron Moth|Booster Energy\n|-activate|p2a: Iron Moth|ability: Quark Drive|[fromitem]\n|-start|p2a: Iron Moth|quarkdrivespe\n|turn|3\n|c|\u2606Jurassicpig44|ok nvm\n|\n|t:|1695170485\n|-end|p1a: Great Tusk|Protosynthesis|[silent]\n|switch|p1a: Heatran|Heatran, M|100/100\n|move|p2a: Iron Moth|Dazzling Gleam|p1a: Heatran\n|-resisted|p1a: Heatran\n|-damage|p1a: Heatran|97/100\n|\n|-heal|p1a: Heatran|100/100|[from] item: Leftovers\n|upkeep\n|turn|4\n|\n|t:|1695170494\n|-end|p2a: Iron Moth|Quark Drive|[silent]\n|switch|p2a: Great Tusk|Great Tusk|100/100\n|move|p1a: Heatran|Magma Storm|p2a: Great Tusk\n|-damage|p2a: Great Tusk|45/100\n|-activate|p2a: Great Tusk|move: Magma Storm|[of] p1a: Heatran\n|\n|-damage|p2a: Great Tusk|33/100|[from] move: Magma Storm|[partiallytrapped]\n|upkeep\n|turn|5\n|\n|t:|1695170502\n|move|p1a: Heatran|Protect|p1a: Heatran\n|-singleturn|p1a: Heatran|Protect\n|move|p2a: Great Tusk|Earthquake|p1a: Heatran\n|-activate|p1a: Heatran|move: Protect\n|\n|-damage|p2a: Great Tusk|20/100|[from] move: Magma Storm|[partiallytrapped]\n|upkeep\n|turn|6\n|\n|t:|1695170515\n|switch|p1a: Great Tusk|Great Tusk|100/100\n|move|p2a: Great Tusk|Earthquake|p1a: Great Tusk\n|-damage|p1a: Great Tusk|80/100\n|\n|-heal|p1a: Great Tusk|86/100|[from] item: Leftovers\n|-end|p2a: Great Tusk|Magma Storm|[partiallytrapped]|[silent]\n|upkeep\n|turn|7\n|\n|t:|1695170526\n|-end|p2a: Great Tusk|Protosynthesis|[silent]\n|switch|p2a: Iron Valiant|Iron Valiant|100/100\n|-enditem|p2a: Iron Valiant|Booster Energy\n|-activate|p2a: Iron Valiant|ability: Quark Drive|[fromitem]\n|-start|p2a: Iron Valiant|quarkdrivespe\n|move|p1a: Great Tusk|Close Combat|p2a: Iron Valiant\n|-resisted|p2a: Iron Valiant\n|-damage|p2a: Iron Valiant|66/100\n|-unboost|p1a: Great Tusk|def|1\n|-unboost|p1a: Great Tusk|spd|1\n|\n|-heal|p1a: Great Tusk|93/100|[from] item: Leftovers\n|upkeep\n|turn|8\n|\n|t:|1695170539\n|-end|p1a: Great Tusk|Protosynthesis|[silent]\n|switch|p1a: Heatran|Heatran, M|100/100\n|move|p2a: Iron Valiant|Thunderbolt|p1a: Heatran\n|-damage|p1a: Heatran|82/100\n|\n|-heal|p1a: Heatran|89/100|[from] item: Leftovers\n|upkeep\n|turn|9\n|\n|t:|1695170554\n|-end|p2a: Iron Valiant|Quark Drive|[silent]\n|switch|p2a: Dragonite|Dragonite, M|100/100\n|move|p1a: Heatran|Protect||[still]\n|-fail|p1a: Heatran\n|\n|-heal|p1a: Heatran|95/100|[from] item: Leftovers\n|upkeep\n|turn|10\n|\n|t:|1695170570\n|move|p2a: Dragonite|Dragon Dance|p2a: Dragonite\n|-boost|p2a: Dragonite|atk|1\n|-boost|p2a: Dragonite|spe|1\n|move|p1a: Heatran|Will-O-Wisp|p2a: Dragonite\n|-status|p2a: Dragonite|brn\n|\n|-heal|p1a: Heatran|100/100|[from] item: Leftovers\n|-damage|p2a: Dragonite|94/100 brn|[from] brn\n|upkeep\n|turn|11\n|\n|t:|1695170584\n|move|p2a: Dragonite|Dragon Dance|p2a: Dragonite\n|-boost|p2a: Dragonite|atk|1\n|-boost|p2a: Dragonite|spe|1\n|move|p1a: Heatran|Stealth Rock|p2a: Dragonite\n|-sidestart|p2: Jurassicpig44|move: Stealth Rock\n|\n|-damage|p2a: Dragonite|88/100 brn|[from] brn\n|upkeep\n|turn|12\n|\n|t:|1695170588\n|move|p2a: Dragonite|Earthquake|p1a: Heatran\n|-supereffective|p1a: Heatran\n|-damage|p1a: Heatran|0 fnt\n|faint|p1a: Heatran\n|\n|-damage|p2a: Dragonite|82/100 brn|[from] brn\n|upkeep\n|\n|t:|1695170599\n|switch|p1a: Great Tusk|Great Tusk|93/100\n|turn|13\n|\n|t:|1695170603\n|move|p2a: Dragonite|Earthquake|p1a: Great Tusk\n|-damage|p1a: Great Tusk|75/100\n|move|p1a: Great Tusk|Knock Off|p2a: Dragonite\n|-damage|p2a: Dragonite|54/100 brn\n|-enditem|p2a: Dragonite|Heavy-Duty Boots|[from] move: Knock Off|[of] p1a: Great Tusk\n|\n|-heal|p1a: Great Tusk|81/100|[from] item: Leftovers\n|-damage|p2a: Dragonite|48/100 brn|[from] brn\n|upkeep\n|turn|14\n|inactive|Ike745 has 120 seconds left.\n|\n|t:|1695170640\n|move|p2a: Dragonite|Earthquake|p1a: Great Tusk\n|-damage|p1a: Great Tusk|64/100\n|move|p1a: Great Tusk|Rapid Spin|p2a: Dragonite\n|-damage|p2a: Dragonite|32/100 brn\n|-boost|p1a: Great Tusk|spe|1\n|\n|-heal|p1a: Great Tusk|71/100|[from] item: Leftovers\n|-damage|p2a: Dragonite|26/100 brn|[from] brn\n|upkeep\n|turn|15\n|c|\u2606Jurassicpig44|just go\n|inactive|Ike745 has 120 seconds left.\n|\n|t:|1695170648\n|move|p2a: Dragonite|Encore|p1a: Great Tusk\n|-start|p1a: Great Tusk|Encore\n|move|p1a: Great Tusk|Rapid Spin|p2a: Dragonite\n|-damage|p2a: Dragonite|10/100 brn\n|-boost|p1a: Great Tusk|spe|1\n|\n|-heal|p1a: Great Tusk|77/100|[from] item: Leftovers\n|-damage|p2a: Dragonite|4/100 brn|[from] brn\n|upkeep\n|turn|16\n|\n|t:|1695170655\n|move|p2a: Dragonite|Extreme Speed|p1a: Great Tusk\n|-damage|p1a: Great Tusk|61/100\n|move|p1a: Great Tusk|Rapid Spin|p2a: Dragonite\n|-damage|p2a: Dragonite|0 fnt\n|-boost|p1a: Great Tusk|spe|1\n|faint|p2a: Dragonite\n|\n|-heal|p1a: Great Tusk|67/100|[from] item: Leftovers\n|upkeep\n|\n|t:|1695170662\n|switch|p2a: Iron Valiant|Iron Valiant|66/100\n|-damage|p2a: Iron Valiant|60/100|[from] Stealth Rock\n|turn|17\n|\n|t:|1695170678\n|move|p1a: Great Tusk|Rapid Spin|p2a: Iron Valiant\n|-damage|p2a: Iron Valiant|41/100\n|-boost|p1a: Great Tusk|spe|1\n|move|p2a: Iron Valiant|Moonblast|p1a: Great Tusk\n|-supereffective|p1a: Great Tusk\n|-damage|p1a: Great Tusk|0 fnt\n|faint|p1a: Great Tusk\n|-end|p1a: Great Tusk|Protosynthesis|[silent]\n|\n|upkeep\n|inactive|Ike745 has 120 seconds left.\n|\n|t:|1695170693\n|switch|p1a: Roaring Moon|Roaring Moon|100/100\n|-enditem|p1a: Roaring Moon|Booster Energy\n|-activate|p1a: Roaring Moon|ability: Protosynthesis|[fromitem]\n|-start|p1a: Roaring Moon|protosynthesisatk\n|turn|18\n|inactive|Ike745 has 120 seconds left.\n|\n|t:|1695170709\n|-end|p2a: Iron Valiant|Quark Drive|[silent]\n|switch|p2a: Great Tusk|Great Tusk|20/100\n|-terastallize|p1a: Roaring Moon|Flying\n|move|p1a: Roaring Moon|Acrobatics|p2a: Great Tusk\n|-supereffective|p2a: Great Tusk\n|-damage|p2a: Great Tusk|0 fnt\n|faint|p2a: Great Tusk\n|-end|p2a: Great Tusk|Protosynthesis|[silent]\n|\n|upkeep\n|inactive|Jurassicpig44 has 120 seconds left.\n|\n|t:|1695170730\n|switch|p2a: Kingambit|Kingambit, M|100/100\n|-damage|p2a: Kingambit|94/100|[from] Stealth Rock\n|-activate|p2a: Kingambit|ability: Supreme Overlord\n|-start|p2a: Kingambit|fallen3|[silent]\n|-item|p2a: Kingambit|Air Balloon\n|turn|19\n|\n|t:|1695170738\n|move|p1a: Roaring Moon|Acrobatics|p2a: Kingambit\n|-resisted|p2a: Kingambit\n|-damage|p2a: Kingambit|61/100\n|-enditem|p2a: Kingambit|Air Balloon\n|move|p2a: Kingambit|Kowtow Cleave|p1a: Roaring Moon\n|-damage|p1a: Roaring Moon|24/100\n|\n|upkeep\n|turn|20\n|\n|t:|1695170745\n|move|p2a: Kingambit|Sucker Punch||[still]\n|-fail|p2a: Kingambit\n|move|p1a: Roaring Moon|Dragon Dance|p1a: Roaring Moon\n|-boost|p1a: Roaring Moon|atk|1\n|-boost|p1a: Roaring Moon|spe|1\n|\n|upkeep\n|turn|21\n|\n|t:|1695170750\n|move|p1a: Roaring Moon|Dragon Dance|p1a: Roaring Moon\n|-boost|p1a: Roaring Moon|atk|1\n|-boost|p1a: Roaring Moon|spe|1\n|move|p2a: Kingambit|Kowtow Cleave|p1a: Roaring Moon\n|-damage|p1a: Roaring Moon|0 fnt\n|faint|p1a: Roaring Moon\n|-end|p1a: Roaring Moon|Protosynthesis|[silent]\n|\n|upkeep\n|\n|t:|1695170752\n|switch|p1a: Iron Hands|Iron Hands|100/100\n|turn|22\n|\n|t:|1695170764\n|-end|p2a: Kingambit|fallen3|[silent]\n|switch|p2a: Iron Moth|Iron Moth|100/100\n|-damage|p2a: Iron Moth|76/100|[from] Stealth Rock\n|move|p1a: Iron Hands|Swords Dance|p1a: Iron Hands\n|-boost|p1a: Iron Hands|atk|2\n|\n|upkeep\n|turn|23\n|\n|t:|1695170772\n|move|p2a: Iron Moth|Dazzling Gleam|p1a: Iron Hands\n|-supereffective|p1a: Iron Hands\n|-damage|p1a: Iron Hands|52/100\n|move|p1a: Iron Hands|Thunder Punch|p2a: Iron Moth\n|-damage|p2a: Iron Moth|0 fnt\n|faint|p2a: Iron Moth\n|-end|p2a: Iron Moth|Quark Drive|[silent]\n|\n|upkeep\n|\n|t:|1695170777\n|switch|p2a: Iron Valiant|Iron Valiant|41/100\n|-damage|p2a: Iron Valiant|35/100|[from] Stealth Rock\n|turn|24\n|\n|t:|1695170780\n|move|p2a: Iron Valiant|Moonblast|p1a: Iron Hands\n|-supereffective|p1a: Iron Hands\n|-damage|p1a: Iron Hands|0 fnt\n|faint|p1a: Iron Hands\n|-end|p1a: Iron Hands|Quark Drive|[silent]\n|\n|upkeep\n|\n|t:|1695170783\n|switch|p1a: Walking Wake|Walking Wake|100/100\n|turn|25\n|\n|t:|1695170798\n|move|p2a: Iron Valiant|Moonblast|p1a: Walking Wake\n|-supereffective|p1a: Walking Wake\n|-damage|p1a: Walking Wake|0 fnt\n|faint|p1a: Walking Wake\n|-end|p1a: Walking Wake|Protosynthesis|[silent]\n|\n|win|Jurassicpig44\n|raw|Ike745's rating: 1426 &rarr; <strong>1404</strong><br />(-22 for losing)\n|raw|Jurassicpig44's rating: 1387 &rarr; <strong>1409</strong><br />(+22 for winning)\n|c|\u2606Jurassicpig44|gg\n|c|\u2606Ike745|gg\n|l|\u2606Ike745\n", "uploadtime": 1695170812, "views": 1, "p1id": "ike745", "p2id": "jurassicpig44", "formatid": "gen9ou", "rating": 1404, "private": 0, "password": ""}