{"id": "gen9ou-1947546478", "p1": "ZLethyPC", "p2": "Kaito Satoshi", "format": "gen9ou", "log": "|j|\u2606ZLethyPC\n|j|\u2606Kaito Satoshi\n|t:|1695171271\n|gametype|singles\n|player|p1|ZLethyPC|shadowtriad|1158\n|player|p2|Kaito Satoshi|veteran|1257\n|teamsize|p1|6\n|teamsize|p2|6\n|gen|9\n|tier|[Gen 9] OU\n|rated|\n|rule|Sleep Clause Mod: Limit one foe put to sleep\n|rule|Species Clause: Limit one of each Pok\u00e9mon\n|rule|OHKO Clause: OHKO moves are banned\n|rule|Evasion Items Clause: Evasion items are banned\n|rule|Evasion Moves Clause: Evasion moves are banned\n|rule|Endless Battle Clause: Forcing endless battles is banned\n|rule|HP Percentage Mod: HP is shown in percentages\n|clearpoke\n|poke|p1|Ogerpon-Wellspring, F|\n|poke|p1|Samurott-Hisui, F|\n|poke|p1|Clefable, M|\n|poke|p1|Ninetales-Alola, M|\n|poke|p1|Great Tusk|\n|poke|p1|Ursaluna-Bloodmoon, M|\n|poke|p2|Samurott-Hisui, M|\n|poke|p2|Sinistcha-Masterpiece|\n|poke|p2|Heatran, M|\n|poke|p2|Okidogi, M|\n|poke|p2|Dragonite, M|\n|poke|p2|Ditto|\n|teampreview\n|c|\u2606ZLethyPC|lets have fun!\n|\n|t:|1695171294\n|start\n|switch|p1a: Aloki|Ninetales-Alola, M|100/100\n|switch|p2a: Heatran|Heatran, M, shiny|100/100\n|-weather|Snow|[from] ability: Snow Warning|[of] p1a: Aloki\n|turn|1\n|\n|t:|1695171303\n|move|p1a: Aloki|Hypnosis|p2a: Heatran\n|-status|p2a: Heatran|slp|[from] move: Hypnosis\n|cant|p2a: Heatran|slp\n|\n|-weather|Snow|[upkeep]\n|upkeep\n|turn|2\n|\n|t:|1695171309\n|move|p1a: Aloki|Aurora Veil|p1a: Aloki\n|-sidestart|p1: ZLethyPC|move: Aurora Veil\n|-curestatus|p2a: Heatran|slp|[msg]\n|move|p2a: Heatran|Stealth Rock|p1a: Aloki\n|-sidestart|p1: ZLethyPC|move: Stealth Rock\n|\n|-weather|Snow|[upkeep]\n|upkeep\n|turn|3\n|\n|t:|1695171315\n|move|p1a: Aloki|Encore|p2a: Heatran\n|-start|p2a: Heatran|Encore\n|move|p2a: Heatran|Stealth Rock||[still]\n|-fail|p2a: Heatran\n|\n|-weather|Snow|[upkeep]\n|upkeep\n|turn|4\n|\n|t:|1695171326\n|switch|p2a: Ditto|Ditto|100/100\n|-transform|p2a: Ditto|p1a: Aloki|[from] ability: Imposter\n|move|p1a: Aloki|Hypnosis|p2a: Ditto\n|-status|p2a: Ditto|slp|[from] move: Hypnosis\n|\n|-weather|Snow|[upkeep]\n|upkeep\n|turn|5\n|\n|t:|1695171338\n|switch|p2a: Heatran|Heatran, M, shiny|100/100\n|switch|p1a: Freddy Fazbear|Ursaluna-Bloodmoon, M|100/100\n|-damage|p1a: Freddy Fazbear|94/100|[from] Stealth Rock\n|\n|-weather|none\n|-heal|p1a: Freddy Fazbear|100/100|[from] item: Leftovers\n|upkeep\n|turn|6\n|\n|t:|1695171362\n|-terastallize|p1a: Freddy Fazbear|Fighting\n|move|p2a: Heatran|Lava Plume|p1a: Freddy Fazbear\n|-damage|p1a: Freddy Fazbear|85/100\n|move|p1a: Freddy Fazbear|Calm Mind|p1a: Freddy Fazbear\n|-boost|p1a: Freddy Fazbear|spa|1\n|-boost|p1a: Freddy Fazbear|spd|1\n|\n|-heal|p1a: Freddy Fazbear|91/100|[from] item: Leftovers\n|upkeep\n|turn|7\n|\n|t:|1695171375\n|move|p2a: Heatran|Lava Plume|p1a: Freddy Fazbear\n|-damage|p1a: Freddy Fazbear|80/100\n|move|p1a: Freddy Fazbear|Calm Mind|p1a: Freddy Fazbear\n|-boost|p1a: Freddy Fazbear|spa|1\n|-boost|p1a: Freddy Fazbear|spd|1\n|\n|-heal|p1a: Freddy Fazbear|86/100|[from] item: Leftovers\n|upkeep\n|turn|8\n|\n|t:|1695171381\n|move|p1a: Freddy Fazbear|Vacuum Wave|p2a: Heatran\n|-supereffective|p2a: Heatran\n|-damage|p2a: Heatran|45/100\n|move|p2a: Heatran|Lava Plume|p1a: Freddy Fazbear\n|-damage|p1a: Freddy Fazbear|76/100\n|\n|-heal|p1a: Freddy Fazbear|83/100|[from] item: Leftovers\n|upkeep\n|turn|9\n|\n|t:|1695171387\n|move|p1a: Freddy Fazbear|Vacuum Wave|p2a: Heatran\n|-supereffective|p2a: Heatran\n|-damage|p2a: Heatran|0 fnt\n|faint|p2a: Heatran\n|\n|-heal|p1a: Freddy Fazbear|89/100|[from] item: Leftovers\n|-sideend|p1: ZLethyPC|move: Aurora Veil\n|upkeep\n|\n|t:|1695171399\n|switch|p2a: Okidogi|Okidogi, M, shiny|100/100\n|turn|10\n|\n|t:|1695171412\n|-terastallize|p2a: Okidogi|Water\n|move|p2a: Okidogi|Poison Jab|p1a: Freddy Fazbear\n|-damage|p1a: Freddy Fazbear|56/100\n|move|p1a: Freddy Fazbear|Blood Moon|p2a: Okidogi\n|-damage|p2a: Okidogi|0 fnt\n|faint|p2a: Okidogi\n|\n|-heal|p1a: Freddy Fazbear|62/100|[from] item: Leftovers\n|upkeep\n|\n|t:|1695171422\n|switch|p2a: Samurott|Samurott-Hisui, M, shiny|100/100\n|turn|11\n|\n|t:|1695171428\n|move|p1a: Freddy Fazbear|Vacuum Wave|p2a: Samurott\n|-supereffective|p2a: Samurott\n|-enditem|p2a: Samurott|Focus Sash\n|-damage|p2a: Samurott|1/100\n|move|p2a: Samurott|Razor Shell|p1a: Freddy Fazbear\n|-damage|p1a: Freddy Fazbear|21/100\n|\n|-heal|p1a: Freddy Fazbear|27/100|[from] item: Leftovers\n|upkeep\n|turn|12\n|\n|t:|1695171438\n|move|p2a: Samurott|Aqua Jet|p1a: Freddy Fazbear\n|-damage|p1a: Freddy Fazbear|13/100\n|move|p1a: Freddy Fazbear|Vacuum Wave|p2a: Samurott\n|-supereffective|p2a: Samurott\n|-damage|p2a: Samurott|0 fnt\n|faint|p2a: Samurott\n|\n|-heal|p1a: Freddy Fazbear|19/100|[from] item: Leftovers\n|upkeep\n|\n|t:|1695171442\n|switch|p2a: Dragonite|Dragonite, M, shiny|100/100\n|turn|13\n|\n|t:|1695171447\n|move|p2a: Dragonite|Extreme Speed|p1a: Freddy Fazbear\n|-damage|p1a: Freddy Fazbear|0 fnt\n|faint|p1a: Freddy Fazbear\n|\n|upkeep\n|\n|t:|1695171453\n|switch|p1a: Fraga|Clefable, M|100/100\n|turn|14\n|\n|t:|1695171461\n|move|p2a: Dragonite|Dragon Dance|p2a: Dragonite\n|-boost|p2a: Dragonite|atk|1\n|-boost|p2a: Dragonite|spe|1\n|move|p1a: Fraga|Calm Mind|p1a: Fraga\n|-boost|p1a: Fraga|spa|1\n|-boost|p1a: Fraga|spd|1\n|\n|upkeep\n|turn|15\n|\n|t:|1695171471\n|move|p2a: Dragonite|Extreme Speed|p1a: Fraga\n|-damage|p1a: Fraga|52/100\n|move|p1a: Fraga|Chilling Water|p2a: Dragonite\n|-resisted|p2a: Dragonite\n|-damage|p2a: Dragonite|93/100\n|-unboost|p2a: Dragonite|atk|1\n|\n|upkeep\n|turn|16\n|\n|t:|1695171478\n|move|p2a: Dragonite|Dragon Dance|p2a: Dragonite\n|-boost|p2a: Dragonite|atk|1\n|-boost|p2a: Dragonite|spe|1\n|move|p1a: Fraga|Moonblast|p2a: Dragonite\n|-supereffective|p2a: Dragonite\n|-damage|p2a: Dragonite|0 fnt\n|faint|p2a: Dragonite\n|\n|upkeep\n|\n|t:|1695171483\n|switch|p2a: Sinistcha|Sinistcha-Masterpiece, shiny|100/100\n|turn|17\n|\n|t:|1695171488\n|move|p2a: Sinistcha|Matcha Gotcha|p1a: Fraga\n|-damage|p1a: Fraga|30/100\n|move|p1a: Fraga|Moonlight|p1a: Fraga\n|-heal|p1a: Fraga|79/100\n|\n|upkeep\n|turn|18\n|\n|t:|1695171492\n|move|p2a: Sinistcha|Matcha Gotcha|p1a: Fraga\n|-damage|p1a: Fraga|55/100\n|move|p1a: Fraga|Moonblast|p2a: Sinistcha\n|-damage|p2a: Sinistcha|0 fnt\n|faint|p2a: Sinistcha\n|\n|upkeep\n|-message|Kaito Satoshi forfeited.\n|\n|win|ZLethyPC\n|raw|ZLethyPC's rating: 1158 &rarr; <strong>1190</strong><br />(+32 for winning)\n|raw|Kaito Satoshi's rating: 1257 &rarr; <strong>1225</strong><br />(-32 for losing)\n|l|\u2606Kaito Satoshi\n", "uploadtime": 1695171505, "views": 6, "p1id": "zlethypc", "p2id": "kaitosatoshi", "formatid": "gen9ou", "rating": 1190, "private": 0, "password": ""}