{"id": "gen9ou-1947517639", "p1": "wizardlizard2017", "p2": "luison", "format": "gen9ou", "log": "|j|\u2606wizardlizard2017\n|j|\u2606luison\n|t:|1695168452\n|gametype|singles\n|player|p1|wizardlizard2017|fisherman-gen4|1173\n|player|p2|luison|drayden|1265\n|teamsize|p1|6\n|teamsize|p2|6\n|gen|9\n|tier|[Gen 9] OU\n|rated|\n|rule|Sleep Clause Mod: Limit one foe put to sleep\n|rule|Species Clause: Limit one of each Pok\u00e9mon\n|rule|OHKO Clause: OHKO moves are banned\n|rule|Evasion Items Clause: Evasion items are banned\n|rule|Evasion Moves Clause: Evasion moves are banned\n|rule|Endless Battle Clause: Forcing endless battles is banned\n|rule|HP Percentage Mod: HP is shown in percentages\n|clearpoke\n|poke|p1|Ninetales-Alola, F|\n|poke|p1|Torterra, F|\n|poke|p1|Hippowdon, M|\n|poke|p1|Ceruledge, F|\n|poke|p1|Corviknight, M|\n|poke|p1|Salamence, M|\n|poke|p2|Ninetales-Alola, M|\n|poke|p2|Conkeldurr, M|\n|poke|p2|Gliscor, M|\n|poke|p2|Alomomola, M|\n|poke|p2|Corviknight, M|\n|poke|p2|Gholdengo|\n|teampreview\n|\n|t:|1695168464\n|start\n|switch|p1a: Ceruledge|Ceruledge, F|100/100\n|switch|p2a: Conkeldurr|Conkeldurr, M|100/100\n|turn|1\n|\n|t:|1695168477\n|switch|p1a: Corviknight|Corviknight, M|100/100\n|-ability|p1a: Corviknight|Pressure\n|move|p2a: Conkeldurr|Knock Off|p1a: Corviknight\n|-damage|p1a: Corviknight|77/100\n|-damage|p2a: Conkeldurr|84/100|[from] item: Rocky Helmet|[of] p1a: Corviknight\n|-enditem|p1a: Corviknight|Rocky Helmet|[from] move: Knock Off|[of] p2a: Conkeldurr\n|\n|upkeep\n|turn|2\n|\n|t:|1695168487\n|switch|p2a: Gliscor|Gliscor, M|100/100\n|move|p1a: Corviknight|Brave Bird|p2a: Gliscor\n|-damage|p2a: Gliscor|76/100\n|-damage|p1a: Corviknight|70/100|[from] Recoil\n|\n|-status|p2a: Gliscor|tox|[from] item: Toxic Orb\n|upkeep\n|turn|3\n|\n|t:|1695168494\n|move|p2a: Gliscor|Spikes|p1a: Corviknight\n|-sidestart|p1: wizardlizard2017|Spikes\n|move|p1a: Corviknight|U-turn|p2a: Gliscor\n|-resisted|p2a: Gliscor\n|-damage|p2a: Gliscor|72/100 tox\n|\n|t:|1695168502\n|switch|p1a: Ninetales|Ninetales-Alola, F|100/100|[from] U-turn\n|-damage|p1a: Ninetales|88/100|[from] Spikes\n|-weather|Snow|[from] ability: Snow Warning|[of] p1a: Ninetales\n|\n|-weather|Snow|[upkeep]\n|-heal|p2a: Gliscor|85/100 tox|[from] ability: Poison Heal\n|upkeep\n|turn|4\n|\n|t:|1695168512\n|move|p1a: Ninetales|Aurora Veil|p1a: Ninetales\n|-sidestart|p1: wizardlizard2017|move: Aurora Veil\n|move|p2a: Gliscor|Knock Off|p1a: Ninetales\n|-resisted|p1a: Ninetales\n|-damage|p1a: Ninetales|83/100\n|-enditem|p1a: Ninetales|Light Clay|[from] move: Knock Off|[of] p2a: Gliscor\n|\n|-weather|Snow|[upkeep]\n|-heal|p2a: Gliscor|97/100 tox|[from] ability: Poison Heal\n|upkeep\n|turn|5\n|\n|t:|1695168523\n|switch|p1a: Ceruledge|Ceruledge, F|100/100\n|switch|p2a: Corviknight|Corviknight, M|100/100\n|-ability|p2a: Corviknight|Pressure\n|\n|-weather|Snow|[upkeep]\n|upkeep\n|turn|6\n|\n|t:|1695168527\n|move|p1a: Ceruledge|Swords Dance|p1a: Ceruledge\n|-boost|p1a: Ceruledge|atk|2\n|move|p2a: Corviknight|Defog|p1a: Ceruledge\n|-unboost|p1a: Ceruledge|evasion|1\n|-sideend|p1: wizardlizard2017|move: Aurora Veil\n|-sideend|p1: wizardlizard2017|Spikes|[from] move: Defog|[of] p2a: Corviknight\n|\n|-weather|Snow|[upkeep]\n|upkeep\n|turn|7\n|\n|t:|1695168535\n|switch|p2a: Alomomola|Alomomola, M|100/100\n|move|p1a: Ceruledge|Bitter Blade|p2a: Alomomola\n|-resisted|p2a: Alomomola\n|-damage|p2a: Alomomola|79/100\n|\n|-weather|none\n|-heal|p2a: Alomomola|85/100|[from] item: Leftovers\n|upkeep\n|turn|8\n|\n|t:|1695168542\n|move|p1a: Ceruledge|Poltergeist|p2a: Alomomola\n|-activate|p2a: Alomomola|move: Poltergeist|Leftovers\n|-damage|p2a: Alomomola|38/100\n|move|p2a: Alomomola|Chilling Water|p1a: Ceruledge\n|-supereffective|p1a: Ceruledge\n|-damage|p1a: Ceruledge|84/100\n|-unboost|p1a: Ceruledge|atk|1\n|\n|-heal|p2a: Alomomola|45/100|[from] item: Leftovers\n|upkeep\n|turn|9\n|\n|t:|1695168550\n|move|p1a: Ceruledge|Poltergeist|p2a: Alomomola\n|-activate|p2a: Alomomola|move: Poltergeist|Leftovers\n|-damage|p2a: Alomomola|7/100\n|move|p2a: Alomomola|Chilling Water|p1a: Ceruledge\n|-supereffective|p1a: Ceruledge\n|-damage|p1a: Ceruledge|67/100\n|-unboost|p1a: Ceruledge|atk|1\n|\n|-heal|p2a: Alomomola|13/100|[from] item: Leftovers\n|upkeep\n|turn|10\n|\n|t:|1695168562\n|switch|p2a: Corviknight|Corviknight, M|100/100\n|-ability|p2a: Corviknight|Pressure\n|move|p1a: Ceruledge|Poltergeist|p2a: Corviknight\n|-activate|p2a: Corviknight|move: Poltergeist|Leftovers\n|-damage|p2a: Corviknight|69/100\n|\n|-heal|p2a: Corviknight|76/100|[from] item: Leftovers\n|upkeep\n|turn|11\n|\n|t:|1695168566\n|move|p1a: Ceruledge|Swords Dance|p1a: Ceruledge\n|-boost|p1a: Ceruledge|atk|2\n|move|p2a: Corviknight|Brave Bird|p1a: Ceruledge\n|-damage|p1a: Ceruledge|35/100\n|-damage|p2a: Corviknight|67/100|[from] Recoil\n|\n|-heal|p2a: Corviknight|73/100|[from] item: Leftovers\n|upkeep\n|turn|12\n|\n|t:|1695168604\n|switch|p2a: Alomomola|Alomomola, M|47/100\n|move|p1a: Ceruledge|Bitter Blade|p2a: Alomomola\n|-resisted|p2a: Alomomola\n|-damage|p2a: Alomomola|27/100\n|-heal|p1a: Ceruledge|51/100|[from] drain|[of] p2a: Alomomola\n|\n|-heal|p2a: Alomomola|33/100|[from] item: Leftovers\n|upkeep\n|turn|13\n|\n|t:|1695168612\n|switch|p2a: Gliscor|Gliscor, M|97/100 tox\n|move|p1a: Ceruledge|Poltergeist|p2a: Gliscor\n|-activate|p2a: Gliscor|move: Poltergeist|Toxic Orb\n|-damage|p2a: Gliscor|37/100 tox\n|\n|-heal|p2a: Gliscor|50/100 tox|[from] ability: Poison Heal\n|upkeep\n|turn|14\n|\n|t:|1695168624\n|switch|p2a: Alomomola|Alomomola, M|66/100\n|switch|p1a: Ninetales|Ninetales-Alola, F|83/100\n|-weather|Snow|[from] ability: Snow Warning|[of] p1a: Ninetales\n|\n|-weather|Snow|[upkeep]\n|-heal|p2a: Alomomola|72/100|[from] item: Leftovers\n|upkeep\n|turn|15\n|\n|t:|1695168634\n|switch|p1a: Salamence|Salamence, M|100/100\n|-ability|p1a: Salamence|Intimidate|boost\n|-unboost|p2a: Alomomola|atk|1\n|move|p2a: Alomomola|Wish|p2a: Alomomola\n|\n|-weather|Snow|[upkeep]\n|-heal|p2a: Alomomola|78/100|[from] item: Leftovers\n|upkeep\n|turn|16\n|\n|t:|1695168647\n|switch|p1a: Corviknight|Corviknight, M|70/100\n|-ability|p1a: Corviknight|Pressure\n|switch|p2a: Gliscor|Gliscor, M|50/100 tox\n|\n|-weather|Snow|[upkeep]\n|-heal|p2a: Gliscor|100/100 tox|[from] move: Wish|[wisher] Alomomola\n|upkeep\n|turn|17\n|\n|t:|1695168653\n|move|p2a: Gliscor|Stealth Rock|p1a: Corviknight\n|-sidestart|p1: wizardlizard2017|move: Stealth Rock\n|move|p1a: Corviknight|U-turn|p2a: Gliscor\n|-resisted|p2a: Gliscor\n|-damage|p2a: Gliscor|97/100 tox\n|\n|t:|1695168673\n|switch|p1a: Salamence|Salamence, M|100/100|[from] U-turn\n|-damage|p1a: Salamence|76/100|[from] Stealth Rock\n|-ability|p1a: Salamence|Intimidate|boost\n|-unboost|p2a: Gliscor|atk|1\n|\n|-weather|Snow|[upkeep]\n|-heal|p2a: Gliscor|100/100 tox|[from] ability: Poison Heal\n|upkeep\n|turn|18\n|\n|t:|1695168682\n|move|p1a: Salamence|Dragon Rush|p2a: Gliscor\n|-damage|p2a: Gliscor|67/100 tox\n|move|p2a: Gliscor|Knock Off|p1a: Salamence\n|-damage|p1a: Salamence|57/100\n|-enditem|p1a: Salamence|Wide Lens|[from] move: Knock Off|[of] p2a: Gliscor\n|\n|-weather|none\n|-heal|p2a: Gliscor|80/100 tox|[from] ability: Poison Heal\n|upkeep\n|turn|19\n|\n|t:|1695168690\n|move|p1a: Salamence|Dragon Dance|p1a: Salamence\n|-boost|p1a: Salamence|atk|1\n|-boost|p1a: Salamence|spe|1\n|move|p2a: Gliscor|Spikes|p1a: Salamence\n|-sidestart|p1: wizardlizard2017|Spikes\n|\n|-heal|p2a: Gliscor|92/100 tox|[from] ability: Poison Heal\n|upkeep\n|turn|20\n|\n|t:|1695168694\n|move|p1a: Salamence|Dragon Dance|p1a: Salamence\n|-boost|p1a: Salamence|atk|1\n|-boost|p1a: Salamence|spe|1\n|move|p2a: Gliscor|Spikes|p1a: Salamence\n|-sidestart|p1: wizardlizard2017|Spikes\n|\n|-heal|p2a: Gliscor|100/100 tox|[from] ability: Poison Heal\n|upkeep\n|turn|21\n|\n|t:|1695168698\n|move|p1a: Salamence|Dragon Dance|p1a: Salamence\n|-boost|p1a: Salamence|atk|1\n|-boost|p1a: Salamence|spe|1\n|move|p2a: Gliscor|Spikes|p1a: Salamence\n|-sidestart|p1: wizardlizard2017|Spikes\n|\n|upkeep\n|turn|22\n|\n|t:|1695168706\n|switch|p2a: Corviknight|Corviknight, M|73/100\n|-ability|p2a: Corviknight|Pressure\n|move|p1a: Salamence|Dragon Rush|p2a: Corviknight\n|-resisted|p2a: Corviknight\n|-damage|p2a: Corviknight|37/100\n|\n|-heal|p2a: Corviknight|43/100|[from] item: Leftovers\n|upkeep\n|turn|23\n|\n|t:|1695168712\n|move|p1a: Salamence|Fire Blast|p2a: Corviknight\n|-supereffective|p2a: Corviknight\n|-damage|p2a: Corviknight|0 fnt\n|faint|p2a: Corviknight\n|\n|upkeep\n|inactive|Battle timer is ON: inactive players will automatically lose when time's up. (requested by wizardlizard2017)\n|\n|t:|1695168726\n|switch|p2a: Conkeldurr|Conkeldurr, M|84/100\n|turn|24\n|\n|t:|1695168728\n|move|p1a: Salamence|Dual Wingbeat|p2a: Conkeldurr\n|-supereffective|p2a: Conkeldurr\n|-damage|p2a: Conkeldurr|0 fnt\n|faint|p2a: Conkeldurr\n|-hitcount|p2: Conkeldurr|1\n|\n|upkeep\n|\n|t:|1695168734\n|switch|p2a: Ninetales|Ninetales-Alola, M|100/100\n|-weather|Snow|[from] ability: Snow Warning|[of] p2a: Ninetales\n|turn|25\n|\n|t:|1695168744\n|-terastallize|p2a: Ninetales|Water\n|move|p1a: Salamence|Fire Blast|p2a: Ninetales\n|-resisted|p2a: Ninetales\n|-damage|p2a: Ninetales|85/100\n|move|p2a: Ninetales|Aurora Veil|p2a: Ninetales\n|-sidestart|p2: luison|move: Aurora Veil\n|\n|-weather|Snow|[upkeep]\n|upkeep\n|turn|26\n|\n|t:|1695168752\n|move|p1a: Salamence|Dual Wingbeat|p2a: Ninetales\n|-damage|p2a: Ninetales|46/100\n|-damage|p2a: Ninetales|7/100\n|-hitcount|p2a: Ninetales|2\n|move|p2a: Ninetales|Blizzard|p1a: Salamence\n|-supereffective|p1a: Salamence\n|-damage|p1a: Salamence|0 fnt\n|faint|p1a: Salamence\n|\n|-weather|Snow|[upkeep]\n|upkeep\n|\n|t:|1695168776\n|switch|p1a: Corviknight|Corviknight, M|70/100\n|-damage|p1a: Corviknight|58/100|[from] Stealth Rock\n|-ability|p1a: Corviknight|Pressure\n|turn|27\n|\n|t:|1695168787\n|switch|p2a: Alomomola|Alomomola, M|100/100\n|move|p1a: Corviknight|Roost|p1a: Corviknight\n|-heal|p1a: Corviknight|100/100\n|-singleturn|p1a: Corviknight|move: Roost\n|\n|-weather|Snow|[upkeep]\n|upkeep\n|turn|28\n|\n|t:|1695168790\n|move|p1a: Corviknight|Defog|p2a: Alomomola\n|-unboost|p2a: Alomomola|evasion|1\n|-sideend|p2: luison|move: Aurora Veil\n|-sideend|p1: wizardlizard2017|Spikes|[from] move: Defog|[of] p1a: Corviknight\n|-sideend|p1: wizardlizard2017|Stealth Rock|[from] move: Defog|[of] p1a: Corviknight\n|move|p2a: Alomomola|Wish|p2a: Alomomola\n|\n|-weather|Snow|[upkeep]\n|upkeep\n|turn|29\n|\n|t:|1695168798\n|move|p1a: Corviknight|U-turn|p2a: Alomomola\n|-damage|p2a: Alomomola|93/100\n|\n|t:|1695168806\n|switch|p1a: Ceruledge|Ceruledge, F|51/100|[from] U-turn\n|move|p2a: Alomomola|Flip Turn|p1a: Ceruledge\n|-supereffective|p1a: Ceruledge\n|-damage|p1a: Ceruledge|27/100\n|\n|t:|1695168812\n|switch|p2a: Ninetales|Ninetales-Alola, M, tera:Water|7/100|[from] Flip Turn\n|\n|-weather|none\n|-heal|p2a: Ninetales|99/100|[from] move: Wish|[wisher] Alomomola\n|upkeep\n|turn|30\n|\n|t:|1695168826\n|move|p2a: Ninetales|Psyshock|p1a: Ceruledge\n|-damage|p1a: Ceruledge|10/100\n|move|p1a: Ceruledge|Poltergeist|p2a: Ninetales\n|-activate|p2a: Ninetales|move: Poltergeist|Light Clay\n|-damage|p2a: Ninetales|31/100\n|\n|upkeep\n|turn|31\n|\n|t:|1695168832\n|move|p1a: Ceruledge|Shadow Sneak|p2a: Ninetales\n|-damage|p2a: Ninetales|2/100\n|move|p2a: Ninetales|Psyshock|p1a: Ceruledge\n|-damage|p1a: Ceruledge|0 fnt\n|faint|p1a: Ceruledge\n|\n|upkeep\n|\n|t:|1695168835\n|switch|p1a: Hippowdon|Hippowdon, M|100/100\n|-weather|Sandstorm|[from] ability: Sand Stream|[of] p1a: Hippowdon\n|turn|32\n|\n|t:|1695168841\n|switch|p2a: Gliscor|Gliscor, M|100/100 tox\n|move|p1a: Hippowdon|Stealth Rock|p2a: Gliscor\n|-sidestart|p2: luison|move: Stealth Rock\n|\n|-weather|Sandstorm|[upkeep]\n|upkeep\n|turn|33\n|\n|t:|1695168854\n|move|p2a: Gliscor|Knock Off|p1a: Hippowdon\n|-damage|p1a: Hippowdon|86/100\n|-enditem|p1a: Hippowdon|Smooth Rock|[from] move: Knock Off|[of] p2a: Gliscor\n|move|p1a: Hippowdon|Whirlwind|p2a: Gliscor\n|drag|p2a: Alomomola|Alomomola, M|100/100\n|-damage|p2a: Alomomola|88/100|[from] Stealth Rock\n|\n|-weather|Sandstorm|[upkeep]\n|-damage|p2a: Alomomola|82/100|[from] Sandstorm\n|-heal|p2a: Alomomola|88/100|[from] item: Leftovers\n|upkeep\n|turn|34\n|\n|t:|1695168862\n|switch|p1a: Corviknight|Corviknight, M|100/100\n|-ability|p1a: Corviknight|Pressure\n|move|p2a: Alomomola|Scald|p1a: Corviknight\n|-damage|p1a: Corviknight|88/100\n|\n|-weather|Sandstorm|[upkeep]\n|-damage|p2a: Alomomola|82/100|[from] Sandstorm\n|-heal|p2a: Alomomola|88/100|[from] item: Leftovers\n|upkeep\n|turn|35\n|\n|t:|1695168866\n|move|p1a: Corviknight|U-turn|p2a: Alomomola\n|-damage|p2a: Alomomola|80/100\n|\n|t:|1695168871\n|switch|p1a: Ninetales|Ninetales-Alola, F|83/100|[from] U-turn\n|-weather|Snow|[from] ability: Snow Warning|[of] p1a: Ninetales\n|move|p2a: Alomomola|Wish|p2a: Alomomola\n|\n|-weather|Snow|[upkeep]\n|-heal|p2a: Alomomola|86/100|[from] item: Leftovers\n|upkeep\n|turn|36\n|\n|t:|1695168879\n|switch|p2a: Gholdengo|Gholdengo|100/100\n|-damage|p2a: Gholdengo|94/100|[from] Stealth Rock\n|move|p1a: Ninetales|Encore|p2a: Gholdengo\n|-immune|p2a: Gholdengo|[from] ability: Good as Gold\n|\n|-weather|Snow|[upkeep]\n|-heal|p2a: Gholdengo|100/100|[from] move: Wish|[wisher] Alomomola\n|upkeep\n|turn|37\n|\n|t:|1695168890\n|switch|p1a: Hippowdon|Hippowdon, M|86/100\n|-weather|Sandstorm|[from] ability: Sand Stream|[of] p1a: Hippowdon\n|move|p2a: Gholdengo|Make It Rain|p1a: Hippowdon\n|-damage|p1a: Hippowdon|39/100\n|-unboost|p2a: Gholdengo|spa|1\n|\n|-weather|Sandstorm|[upkeep]\n|upkeep\n|turn|38\n|\n|t:|1695168893\n|move|p2a: Gholdengo|Make It Rain|p1a: Hippowdon\n|-damage|p1a: Hippowdon|8/100\n|-unboost|p2a: Gholdengo|spa|1\n|move|p1a: Hippowdon|Slack Off|p1a: Hippowdon\n|-heal|p1a: Hippowdon|58/100\n|\n|-weather|Sandstorm|[upkeep]\n|upkeep\n|turn|39\n|\n|t:|1695168904\n|switch|p2a: Alomomola|Alomomola, M|100/100\n|-damage|p2a: Alomomola|88/100|[from] Stealth Rock\n|move|p1a: Hippowdon|Slack Off|p1a: Hippowdon\n|-heal|p1a: Hippowdon|100/100\n|\n|-weather|Sandstorm|[upkeep]\n|-damage|p2a: Alomomola|82/100|[from] Sandstorm\n|-heal|p2a: Alomomola|88/100|[from] item: Leftovers\n|upkeep\n|turn|40\n|\n|t:|1695168910\n|move|p2a: Alomomola|Scald|p1a: Hippowdon\n|-supereffective|p1a: Hippowdon\n|-crit|p1a: Hippowdon\n|-damage|p1a: Hippowdon|69/100\n|move|p1a: Hippowdon|Whirlwind|p2a: Alomomola\n|drag|p2a: Gliscor|Gliscor, M|100/100 tox\n|-damage|p2a: Gliscor|88/100 tox|[from] Stealth Rock\n|\n|-weather|Sandstorm|[upkeep]\n|-heal|p2a: Gliscor|100/100 tox|[from] ability: Poison Heal\n|upkeep\n|turn|41\n|\n|t:|1695168929\n|switch|p1a: Ninetales|Ninetales-Alola, F|83/100\n|-weather|Snow|[from] ability: Snow Warning|[of] p1a: Ninetales\n|move|p2a: Gliscor|Stealth Rock|p1a: Ninetales\n|-sidestart|p1: wizardlizard2017|move: Stealth Rock\n|\n|-weather|Snow|[upkeep]\n|upkeep\n|turn|42\n|\n|t:|1695168937\n|switch|p2a: Ninetales|Ninetales-Alola, M, tera:Water|2/100\n|-damage|p2a: Ninetales|0 fnt|[from] Stealth Rock\n|faint|p2a: Ninetales\n|move|p1a: Ninetales|Aurora Veil|p1a: Ninetales\n|-sidestart|p1: wizardlizard2017|move: Aurora Veil\n|\n|-weather|Snow|[upkeep]\n|upkeep\n|\n|t:|1695168948\n|switch|p2a: Gholdengo|Gholdengo|100/100\n|-damage|p2a: Gholdengo|94/100|[from] Stealth Rock\n|turn|43\n|\n|t:|1695168951\n|switch|p1a: Corviknight|Corviknight, M|88/100\n|-damage|p1a: Corviknight|75/100|[from] Stealth Rock\n|-ability|p1a: Corviknight|Pressure\n|move|p2a: Gholdengo|Thunderbolt|p1a: Corviknight\n|-supereffective|p1a: Corviknight\n|-damage|p1a: Corviknight|46/100\n|\n|-weather|Snow|[upkeep]\n|upkeep\n|turn|44\n|\n|t:|1695168963\n|switch|p2a: Gliscor|Gliscor, M|100/100 tox\n|-damage|p2a: Gliscor|88/100 tox|[from] Stealth Rock\n|move|p1a: Corviknight|U-turn|p2a: Gliscor\n|-resisted|p2a: Gliscor\n|-damage|p2a: Gliscor|84/100 tox\n|\n|t:|1695168967\n|switch|p1a: Torterra|Torterra, F|100/100|[from] U-turn\n|-damage|p1a: Torterra|94/100|[from] Stealth Rock\n|\n|-weather|Snow|[upkeep]\n|-heal|p2a: Gliscor|96/100 tox|[from] ability: Poison Heal\n|upkeep\n|turn|45\n|\n|t:|1695168974\n|move|p2a: Gliscor|Knock Off|p1a: Torterra\n|-damage|p1a: Torterra|84/100\n|-enditem|p1a: Torterra|Loaded Dice|[from] move: Knock Off|[of] p2a: Gliscor\n|move|p1a: Torterra|Shell Smash|p1a: Torterra\n|-unboost|p1a: Torterra|def|1\n|-unboost|p1a: Torterra|spd|1\n|-boost|p1a: Torterra|atk|2\n|-boost|p1a: Torterra|spa|2\n|-boost|p1a: Torterra|spe|2\n|\n|-weather|none\n|-heal|p2a: Gliscor|100/100 tox|[from] ability: Poison Heal\n|upkeep\n|turn|46\n|\n|t:|1695168979\n|move|p1a: Torterra|Bullet Seed|p2a: Gliscor\n|-crit|p2a: Gliscor\n|-damage|p2a: Gliscor|78/100 tox\n|-damage|p2a: Gliscor|64/100 tox\n|-hitcount|p2a: Gliscor|2\n|move|p2a: Gliscor|Spikes|p1a: Torterra\n|-sidestart|p1: wizardlizard2017|Spikes\n|\n|-heal|p2a: Gliscor|76/100 tox|[from] ability: Poison Heal\n|-sideend|p1: wizardlizard2017|move: Aurora Veil\n|upkeep\n|turn|47\n|\n|t:|1695168987\n|move|p1a: Torterra|Bullet Seed|p2a: Gliscor\n|-damage|p2a: Gliscor|62/100 tox\n|-damage|p2a: Gliscor|45/100 tox\n|-damage|p2a: Gliscor|30/100 tox\n|-damage|p2a: Gliscor|14/100 tox\n|-damage|p2a: Gliscor|0 fnt\n|faint|p2a: Gliscor\n|-hitcount|p2: Gliscor|5\n|\n|upkeep\n|\n|t:|1695168989\n|switch|p2a: Gholdengo|Gholdengo|94/100\n|-damage|p2a: Gholdengo|88/100|[from] Stealth Rock\n|turn|48\n|\n|t:|1695168996\n|move|p2a: Gholdengo|Make It Rain|p1a: Torterra\n|-damage|p1a: Torterra|0 fnt\n|-unboost|p2a: Gholdengo|spa|1\n|faint|p1a: Torterra\n|\n|upkeep\n|\n|t:|1695169005\n|switch|p1a: Corviknight|Corviknight, M|46/100\n|-damage|p1a: Corviknight|34/100|[from] Stealth Rock\n|-ability|p1a: Corviknight|Pressure\n|turn|49\n|\n|t:|1695169010\n|move|p2a: Gholdengo|Make It Rain|p1a: Corviknight\n|-resisted|p1a: Corviknight\n|-damage|p1a: Corviknight|13/100\n|-unboost|p2a: Gholdengo|spa|1\n|move|p1a: Corviknight|Roost|p1a: Corviknight\n|-heal|p1a: Corviknight|63/100\n|-singleturn|p1a: Corviknight|move: Roost\n|\n|upkeep\n|turn|50\n|\n|t:|1695169014\n|switch|p2a: Alomomola|Alomomola, M|100/100\n|-damage|p2a: Alomomola|88/100|[from] Stealth Rock\n|move|p1a: Corviknight|Defog|p2a: Alomomola\n|-unboost|p2a: Alomomola|evasion|1\n|-sideend|p2: luison|Stealth Rock|[from] move: Defog|[of] p1a: Corviknight\n|-sideend|p1: wizardlizard2017|Spikes|[from] move: Defog|[of] p1a: Corviknight\n|-sideend|p1: wizardlizard2017|Stealth Rock|[from] move: Defog|[of] p1a: Corviknight\n|\n|-heal|p2a: Alomomola|94/100|[from] item: Leftovers\n|upkeep\n|turn|51\n|\n|t:|1695169021\n|move|p1a: Corviknight|Roost|p1a: Corviknight\n|-heal|p1a: Corviknight|100/100\n|-singleturn|p1a: Corviknight|move: Roost\n|move|p2a: Alomomola|Scald|p1a: Corviknight\n|-damage|p1a: Corviknight|87/100\n|\n|-heal|p2a: Alomomola|100/100|[from] item: Leftovers\n|upkeep\n|turn|52\n|\n|t:|1695169030\n|switch|p1a: Ninetales|Ninetales-Alola, F|83/100\n|-weather|Snow|[from] ability: Snow Warning|[of] p1a: Ninetales\n|move|p2a: Alomomola|Scald|p1a: Ninetales\n|-damage|p1a: Ninetales|68/100\n|\n|-weather|Snow|[upkeep]\n|upkeep\n|turn|53\n|\n|t:|1695169037\n|move|p1a: Ninetales|Freeze-Dry|p2a: Alomomola\n|-supereffective|p2a: Alomomola\n|-damage|p2a: Alomomola|39/100\n|move|p2a: Alomomola|Scald|p1a: Ninetales\n|-damage|p1a: Ninetales|54/100\n|\n|-weather|Snow|[upkeep]\n|-heal|p2a: Alomomola|45/100|[from] item: Leftovers\n|upkeep\n|turn|54\n|\n|t:|1695169041\n|switch|p2a: Gholdengo|Gholdengo|88/100\n|move|p1a: Ninetales|Aurora Veil|p1a: Ninetales\n|-sidestart|p1: wizardlizard2017|move: Aurora Veil\n|\n|-weather|Snow|[upkeep]\n|upkeep\n|turn|55\n|\n|t:|1695169045\n|switch|p1a: Corviknight|Corviknight, M|87/100\n|-ability|p1a: Corviknight|Pressure\n|move|p2a: Gholdengo|Make It Rain|p1a: Corviknight\n|-resisted|p1a: Corviknight\n|-damage|p1a: Corviknight|71/100\n|-unboost|p2a: Gholdengo|spa|1\n|\n|-weather|Snow|[upkeep]\n|upkeep\n|turn|56\n|\n|t:|1695169049\n|switch|p2a: Alomomola|Alomomola, M|78/100\n|switch|p1a: Hippowdon|Hippowdon, M|69/100\n|-weather|Sandstorm|[from] ability: Sand Stream|[of] p1a: Hippowdon\n|\n|-weather|Sandstorm|[upkeep]\n|-damage|p2a: Alomomola|72/100|[from] Sandstorm\n|-heal|p2a: Alomomola|78/100|[from] item: Leftovers\n|upkeep\n|turn|57\n|\n|t:|1695169053\n|move|p2a: Alomomola|Scald|p1a: Hippowdon\n|-supereffective|p1a: Hippowdon\n|-damage|p1a: Hippowdon|58/100\n|move|p1a: Hippowdon|Stealth Rock|p2a: Alomomola\n|-sidestart|p2: luison|move: Stealth Rock\n|\n|-weather|Sandstorm|[upkeep]\n|-damage|p2a: Alomomola|72/100|[from] Sandstorm\n|-heal|p2a: Alomomola|78/100|[from] item: Leftovers\n|upkeep\n|turn|58\n|\n|t:|1695169061\n|move|p2a: Alomomola|Scald|p1a: Hippowdon\n|-supereffective|p1a: Hippowdon\n|-damage|p1a: Hippowdon|47/100\n|move|p1a: Hippowdon|Whirlwind|p2a: Alomomola\n|drag|p2a: Gholdengo|Gholdengo|88/100\n|-damage|p2a: Gholdengo|82/100|[from] Stealth Rock\n|\n|-weather|Sandstorm|[upkeep]\n|-sideend|p1: wizardlizard2017|move: Aurora Veil\n|upkeep\n|turn|59\n|\n|t:|1695169067\n|move|p2a: Gholdengo|Shadow Ball|p1a: Hippowdon\n|-damage|p1a: Hippowdon|14/100\n|move|p1a: Hippowdon|Slack Off|p1a: Hippowdon\n|-heal|p1a: Hippowdon|64/100\n|\n|-weather|Sandstorm|[upkeep]\n|upkeep\n|turn|60\n|\n|t:|1695169069\n|move|p2a: Gholdengo|Shadow Ball|p1a: Hippowdon\n|-damage|p1a: Hippowdon|31/100\n|move|p1a: Hippowdon|Earthquake|p2a: Gholdengo\n|-supereffective|p2a: Gholdengo\n|-damage|p2a: Gholdengo|0 fnt\n|faint|p2a: Gholdengo\n|\n|-weather|none\n|upkeep\n|\n|t:|1695169090\n|switch|p2a: Alomomola|Alomomola, M|100/100\n|-damage|p2a: Alomomola|88/100|[from] Stealth Rock\n|turn|61\n|\n|t:|1695169095\n|move|p2a: Alomomola|Scald|p1a: Hippowdon\n|-supereffective|p1a: Hippowdon\n|-damage|p1a: Hippowdon|12/100\n|move|p1a: Hippowdon|Slack Off|p1a: Hippowdon\n|-heal|p1a: Hippowdon|62/100\n|\n|-heal|p2a: Alomomola|94/100|[from] item: Leftovers\n|upkeep\n|turn|62\n|\n|t:|1695169101\n|move|p2a: Alomomola|Scald|p1a: Hippowdon\n|-supereffective|p1a: Hippowdon\n|-damage|p1a: Hippowdon|43/100\n|-status|p1a: Hippowdon|brn\n|move|p1a: Hippowdon|Earthquake|p2a: Alomomola\n|-damage|p2a: Alomomola|85/100\n|\n|-heal|p2a: Alomomola|91/100|[from] item: Leftovers\n|-damage|p1a: Hippowdon|37/100 brn|[from] brn\n|upkeep\n|turn|63\n|\n|t:|1695169104\n|move|p2a: Alomomola|Chilling Water|p1a: Hippowdon\n|-supereffective|p1a: Hippowdon\n|-damage|p1a: Hippowdon|24/100 brn\n|-unboost|p1a: Hippowdon|atk|1\n|move|p1a: Hippowdon|Slack Off|p1a: Hippowdon\n|-heal|p1a: Hippowdon|74/100 brn\n|\n|-heal|p2a: Alomomola|97/100|[from] item: Leftovers\n|-damage|p1a: Hippowdon|68/100 brn|[from] brn\n|upkeep\n|turn|64\n|\n|t:|1695169111\n|move|p2a: Alomomola|Chilling Water|p1a: Hippowdon\n|-supereffective|p1a: Hippowdon\n|-damage|p1a: Hippowdon|56/100 brn\n|-unboost|p1a: Hippowdon|atk|1\n|move|p1a: Hippowdon|Slack Off|p1a: Hippowdon\n|-heal|p1a: Hippowdon|100/100 brn\n|\n|-heal|p2a: Alomomola|100/100|[from] item: Leftovers\n|-damage|p1a: Hippowdon|94/100 brn|[from] brn\n|upkeep\n|turn|65\n|\n|t:|1695169117\n|move|p2a: Alomomola|Chilling Water|p1a: Hippowdon\n|-supereffective|p1a: Hippowdon\n|-damage|p1a: Hippowdon|81/100 brn\n|-unboost|p1a: Hippowdon|atk|1\n|move|p1a: Hippowdon|Earthquake|p2a: Alomomola\n|-damage|p2a: Alomomola|96/100\n|\n|-heal|p2a: Alomomola|100/100|[from] item: Leftovers\n|-damage|p1a: Hippowdon|75/100 brn|[from] brn\n|upkeep\n|turn|66\n|\n|t:|1695169122\n|move|p2a: Alomomola|Chilling Water|p1a: Hippowdon\n|-supereffective|p1a: Hippowdon\n|-damage|p1a: Hippowdon|63/100 brn\n|-unboost|p1a: Hippowdon|atk|1\n|move|p1a: Hippowdon|Earthquake|p2a: Alomomola\n|-damage|p2a: Alomomola|97/100\n|\n|-heal|p2a: Alomomola|100/100|[from] item: Leftovers\n|-damage|p1a: Hippowdon|57/100 brn|[from] brn\n|upkeep\n|turn|67\n|\n|t:|1695169126\n|switch|p1a: Ninetales|Ninetales-Alola, F|54/100\n|-weather|Snow|[from] ability: Snow Warning|[of] p1a: Ninetales\n|move|p2a: Alomomola|Chilling Water|p1a: Ninetales\n|-damage|p1a: Ninetales|44/100\n|-unboost|p1a: Ninetales|atk|1\n|\n|-weather|Snow|[upkeep]\n|upkeep\n|turn|68\n|\n|t:|1695169131\n|move|p1a: Ninetales|Freeze-Dry|p2a: Alomomola\n|-supereffective|p2a: Alomomola\n|-damage|p2a: Alomomola|42/100\n|move|p2a: Alomomola|Wish|p2a: Alomomola\n|\n|-weather|Snow|[upkeep]\n|-heal|p2a: Alomomola|48/100|[from] item: Leftovers\n|upkeep\n|turn|69\n|\n|t:|1695169138\n|move|p1a: Ninetales|Freeze-Dry|p2a: Alomomola\n|-supereffective|p2a: Alomomola\n|-damage|p2a: Alomomola|0 fnt\n|faint|p2a: Alomomola\n|\n|win|wizardlizard2017\n|raw|wizardlizard2017's rating: 1173 &rarr; <strong>1204</strong><br />(+31 for winning)\n|raw|luison's rating: 1265 &rarr; <strong>1234</strong><br />(-31 for losing)\n|c|\u2606wizardlizard2017|gg\n|c|\u2606luison|gg\n|l|\u2606luison\n", "uploadtime": 1695169151, "views": 2, "p1id": "wizardlizard2017", "p2id": "luison", "formatid": "gen9ou", "rating": 1204, "private": 0, "password": ""}