{"id": "gen9ou-1947504833", "p1": "ban dozo + garg", "p2": "do you mind goblin", "format": "gen9ou", "log": "|j|\u2606ban dozo + garg\n|j|\u2606do you mind goblin\n|t:|1695167190\n|gametype|singles\n|player|p1|ban dozo + garg|1|1610\n|player|p2|do you mind goblin|cynthia-gen4|1702\n|teamsize|p1|6\n|teamsize|p2|6\n|gen|9\n|tier|[Gen 9] OU\n|rated|\n|rule|Sleep Clause Mod: Limit one foe put to sleep\n|rule|Species Clause: Limit one of each Pok\u00e9mon\n|rule|OHKO Clause: OHKO moves are banned\n|rule|Evasion Items Clause: Evasion items are banned\n|rule|Evasion Moves Clause: Evasion moves are banned\n|rule|Endless Battle Clause: Forcing endless battles is banned\n|rule|HP Percentage Mod: HP is shown in percentages\n|clearpoke\n|poke|p1|Abomasnow, F|\n|poke|p1|Frosmoth, F|\n|poke|p1|Hatterene, F|\n|poke|p1|Cinderace, M|\n|poke|p1|Magnezone|\n|poke|p1|Overqwil, M|\n|poke|p2|Ursaluna-Bloodmoon, M|\n|poke|p2|Great Tusk|\n|poke|p2|Corviknight, M|\n|poke|p2|Dragapult, M|\n|poke|p2|Toxapex, M|\n|poke|p2|Sandy Shocks|\n|teampreview\n|inactive|Battle timer is ON: inactive players will automatically lose when time's up. (requested by ban dozo + garg)\n|\n|t:|1695167205\n|start\n|switch|p1a: Abomasnow|Abomasnow, F|100/100\n|switch|p2a: Ursaluna|Ursaluna-Bloodmoon, M|100/100\n|-weather|Snow|[from] ability: Snow Warning|[of] p1a: Abomasnow\n|turn|1\n|\n|t:|1695167212\n|move|p1a: Abomasnow|Aurora Veil|p1a: Abomasnow\n|-sidestart|p1: ban dozo + garg|move: Aurora Veil\n|move|p2a: Ursaluna|Blood Moon|p1a: Abomasnow\n|-damage|p1a: Abomasnow|36/100\n|-damage|p2a: Ursaluna|91/100|[from] item: Life Orb\n|\n|-weather|Snow|[upkeep]\n|upkeep\n|turn|2\n|j| verybadjok\n|\n|t:|1695167219\n|switch|p2a: Toxapex|Toxapex, M|100/100\n|move|p1a: Abomasnow|Wood Hammer|p2a: Toxapex\n|-damage|p2a: Toxapex|68/100\n|-damage|p1a: Abomasnow|26/100|[from] Recoil\n|\n|-weather|Snow|[upkeep]\n|-heal|p2a: Toxapex|74/100|[from] item: Leftovers\n|upkeep\n|turn|3\n|j| HaxxIsPain\n|j| Galacticknight404\n|\n|t:|1695167225\n|switch|p2a: Corviknight|Corviknight, M|100/100\n|-ability|p2a: Corviknight|Pressure\n|move|p1a: Abomasnow|Earthquake|p2a: Corviknight\n|-immune|p2a: Corviknight\n|\n|-weather|Snow|[upkeep]\n|upkeep\n|turn|4\n|j| Little Cuack\n|\n|t:|1695167233\n|switch|p2a: Sandy Shocks|Sandy Shocks|100/100\n|-item|p2a: Sandy Shocks|Air Balloon\n|move|p1a: Abomasnow|Wood Hammer|p2a: Sandy Shocks\n|-supereffective|p2a: Sandy Shocks\n|-damage|p2a: Sandy Shocks|0 fnt\n|-enditem|p2a: Sandy Shocks|Air Balloon\n|faint|p2a: Sandy Shocks\n|-end|p2a: Sandy Shocks|Protosynthesis|[silent]\n|-damage|p1a: Abomasnow|0 fnt|[from] Recoil\n|faint|p1a: Abomasnow\n|\n|-weather|Snow|[upkeep]\n|upkeep\n|j| TKMOZ\n|\n|t:|1695167245\n|switch|p2a: Dragapult|Dragapult, M|100/100\n|switch|p1a: Frosmoth|Frosmoth, F, shiny|100/100\n|turn|5\n|j| barneyrebel\n|\n|t:|1695167253\n|move|p2a: Dragapult|U-turn|p1a: Frosmoth\n|-damage|p1a: Frosmoth|52/100\n|\n|t:|1695167257\n|switch|p2a: Toxapex|Toxapex, M|100/100|[from] U-turn\n|move|p1a: Frosmoth|Quiver Dance|p1a: Frosmoth\n|-boost|p1a: Frosmoth|spa|1\n|-boost|p1a: Frosmoth|spd|1\n|-boost|p1a: Frosmoth|spe|1\n|\n|-weather|none\n|-heal|p1a: Frosmoth|58/100|[from] item: Leftovers\n|-sideend|p1: ban dozo + garg|move: Aurora Veil\n|upkeep\n|turn|6\n|\n|t:|1695167263\n|move|p1a: Frosmoth|Substitute|p1a: Frosmoth\n|-start|p1a: Frosmoth|Substitute\n|-damage|p1a: Frosmoth|33/100\n|move|p2a: Toxapex|Haze|p2a: Toxapex\n|-clearallboost\n|\n|-heal|p1a: Frosmoth|39/100|[from] item: Leftovers\n|upkeep\n|turn|7\n|\n|t:|1695167269\n|switch|p2a: Dragapult|Dragapult, M|100/100\n|move|p1a: Frosmoth|Quiver Dance|p1a: Frosmoth\n|-boost|p1a: Frosmoth|spa|1\n|-boost|p1a: Frosmoth|spd|1\n|-boost|p1a: Frosmoth|spe|1\n|\n|-heal|p1a: Frosmoth|45/100|[from] item: Leftovers\n|upkeep\n|turn|8\n|\n|t:|1695167277\n|switch|p1a: Magnezone|Magnezone|100/100\n|move|p2a: Dragapult|U-turn|p1a: Magnezone\n|-resisted|p1a: Magnezone\n|-damage|p1a: Magnezone|82/100\n|\n|t:|1695167282\n|switch|p2a: Great Tusk|Great Tusk|100/100|[from] U-turn\n|\n|upkeep\n|turn|9\n|\n|t:|1695167287\n|-terastallize|p1a: Magnezone|Fairy\n|move|p2a: Great Tusk|Knock Off|p1a: Magnezone\n|-resisted|p1a: Magnezone\n|-damage|p1a: Magnezone|63/100\n|-enditem|p1a: Magnezone|Choice Specs|[from] move: Knock Off|[of] p2a: Great Tusk\n|move|p1a: Magnezone|Tera Blast|p2a: Great Tusk\n|-supereffective|p2a: Great Tusk\n|-damage|p2a: Great Tusk|0 fnt\n|faint|p2a: Great Tusk\n|-end|p2a: Great Tusk|Protosynthesis|[silent]\n|\n|upkeep\n|\n|t:|1695167299\n|switch|p2a: Dragapult|Dragapult, M|100/100\n|turn|10\n|\n|t:|1695167308\n|switch|p1a: Frosmoth|Frosmoth, F, shiny|45/100\n|move|p2a: Dragapult|U-turn|p1a: Frosmoth\n|-damage|p1a: Frosmoth|0 fnt\n|faint|p1a: Frosmoth\n|\n|t:|1695167313\n|switch|p2a: Ursaluna|Ursaluna-Bloodmoon, M|91/100|[from] U-turn\n|\n|upkeep\n|\n|t:|1695167317\n|switch|p1a: Cinderace|Cinderace, M|100/100\n|turn|11\n|\n|t:|1695167330\n|switch|p1a: Hatterene|Hatterene, F|100/100\n|move|p2a: Ursaluna|Earth Power|p1a: Hatterene\n|-damage|p1a: Hatterene|32/100\n|-damage|p2a: Ursaluna|81/100|[from] item: Life Orb\n|\n|-heal|p1a: Hatterene|38/100|[from] item: Leftovers\n|upkeep\n|turn|12\n|c|\u2606ban dozo + garg|rly\n|c|\u2606do you mind goblin|?\n|\n|t:|1695167343\n|switch|p1a: Overqwil|Overqwil, M|100/100\n|-ability|p1a: Overqwil|Intimidate|boost\n|-unboost|p2a: Ursaluna|atk|1\n|move|p2a: Ursaluna|Earth Power|p1a: Overqwil\n|-supereffective|p1a: Overqwil\n|-damage|p1a: Overqwil|0 fnt\n|faint|p1a: Overqwil\n|-damage|p2a: Ursaluna|71/100|[from] item: Life Orb\n|\n|upkeep\n|c|\u2606do you mind goblin|cinderace was like the only wrong mon to bring out lol\n|l| HaxxIsPain\n|\n|t:|1695167360\n|switch|p1a: Cinderace|Cinderace, M|100/100\n|turn|13\n|\n|t:|1695167362\n|move|p1a: Cinderace|Low Kick|p2a: Ursaluna\n|-start|p1a: Cinderace|typechange|Fighting|[from] ability: Libero\n|-supereffective|p2a: Ursaluna\n|-damage|p2a: Ursaluna|0 fnt\n|faint|p2a: Ursaluna\n|\n|upkeep\n|c|\u2606ban dozo + garg|you have pex. why would you ever stay in?\n|\n|t:|1695167374\n|switch|p2a: Dragapult|Dragapult, M|100/100\n|turn|14\n|\n|t:|1695167381\n|move|p1a: Cinderace|Sucker Punch|p2a: Dragapult\n|-supereffective|p2a: Dragapult\n|-damage|p2a: Dragapult|37/100\n|move|p2a: Dragapult|U-turn|p1a: Cinderace\n|-resisted|p1a: Cinderace\n|-damage|p1a: Cinderace|75/100\n|c|\u2606ban dozo + garg|see, that is the problem to assume people are smart\n|c|\u2606do you mind goblin|buddy\n|c|\u2606do you mind goblin|look at your GXE\n|j| plplk\n|c|\u2606ban dozo + garg|lol w/e my gxe\n|c|\u2606ban dozo + garg|you have pex\n|inactive|do you mind goblin has 120 seconds left.\n|c|\u2606ban dozo + garg|what do you think i am? tera electric?\n|c|\u2606ban dozo + garg|im just having fun with moth\n|c|\u2606do you mind goblin|tera electric? what are you talking about lol\n|inactive|do you mind goblin has 90 seconds left.\n|\n|t:|1695167450\n|switch|p2a: Corviknight|Corviknight, M|100/100|[from] U-turn\n|-ability|p2a: Corviknight|Pressure\n|\n|upkeep\n|turn|15\n|inactive|do you mind goblin has 90 seconds left.\n|\n|t:|1695167462\n|switch|p1a: Hatterene|Hatterene, F|38/100\n|move|p2a: Corviknight|Brave Bird|p1a: Hatterene\n|-damage|p1a: Hatterene|8/100\n|-damage|p2a: Corviknight|92/100|[from] Recoil\n|\n|-heal|p2a: Corviknight|99/100|[from] item: Leftovers\n|-heal|p1a: Hatterene|14/100|[from] item: Leftovers\n|upkeep\n|turn|16\n|inactive|do you mind goblin has 90 seconds left.\n|\n|t:|1695167470\n|move|p2a: Corviknight|Brave Bird|p1a: Hatterene\n|-crit|p1a: Hatterene\n|-damage|p1a: Hatterene|0 fnt\n|faint|p1a: Hatterene\n|-damage|p2a: Corviknight|95/100|[from] Recoil\n|\n|-heal|p2a: Corviknight|100/100|[from] item: Leftovers\n|upkeep\n|\n|t:|1695167473\n|switch|p1a: Magnezone|Magnezone, tera:Fairy|63/100\n|turn|17\n|\n|t:|1695167476\n|move|p1a: Magnezone|Thunderbolt|p2a: Corviknight\n|-supereffective|p2a: Corviknight\n|-damage|p2a: Corviknight|12/100\n|move|p2a: Corviknight|Brave Bird|p1a: Magnezone\n|-damage|p1a: Magnezone|23/100\n|-damage|p2a: Corviknight|2/100|[from] Recoil\n|\n|-heal|p2a: Corviknight|9/100|[from] item: Leftovers\n|upkeep\n|turn|18\n|\n|t:|1695167483\n|move|p1a: Magnezone|Volt Switch|p2a: Corviknight\n|-supereffective|p2a: Corviknight\n|-damage|p2a: Corviknight|0 fnt\n|faint|p2a: Corviknight\n|\n|t:|1695167485\n|switch|p1a: Cinderace|Cinderace, M|75/100|[from] Volt Switch\n|\n|upkeep\n|\n|t:|1695167487\n|switch|p2a: Toxapex|Toxapex, M|100/100\n|turn|19\n|\n|t:|1695167492\n|switch|p1a: Magnezone|Magnezone, tera:Fairy|23/100\n|move|p2a: Toxapex|Toxic|p1a: Magnezone\n|-status|p1a: Magnezone|tox\n|\n|-damage|p1a: Magnezone|17/100 tox|[from] psn\n|upkeep\n|turn|20\n|c|\u2606ban dozo + garg|why would you ever not go pex on cinderace\n|c|\u2606ban dozo + garg|what were you scared of? tell me\n|c|\u2606do you mind goblin|because nobody runs low kick lol\n|c|\u2606ban dozo + garg|LOL\n|inactive|do you mind goblin has 120 seconds left.\n|c|\u2606do you mind goblin|why would i ever think to be scared out there\n|\n|t:|1695167533\n|move|p1a: Magnezone|Thunderbolt|p2a: Toxapex\n|-supereffective|p2a: Toxapex\n|-damage|p2a: Toxapex|18/100\n|move|p2a: Toxapex|Recover|p2a: Toxapex\n|-heal|p2a: Toxapex|68/100\n|\n|-heal|p2a: Toxapex|74/100|[from] item: Leftovers\n|-damage|p1a: Magnezone|5/100 tox|[from] psn\n|upkeep\n|turn|21\n|\n|t:|1695167540\n|switch|p2a: Dragapult|Dragapult, M|37/100\n|move|p1a: Magnezone|Thunderbolt|p2a: Dragapult\n|-resisted|p2a: Dragapult\n|-damage|p2a: Dragapult|5/100\n|\n|-damage|p1a: Magnezone|0 fnt|[from] psn\n|faint|p1a: Magnezone\n|upkeep\n|\n|t:|1695167542\n|switch|p1a: Cinderace|Cinderace, M|75/100\n|turn|22\n|\n|t:|1695167546\n|move|p2a: Dragapult|Sucker Punch|p1a: Cinderace\n|-damage|p1a: Cinderace|23/100\n|move|p1a: Cinderace|Sucker Punch||[still]\n|-fail|p1a: Cinderace\n|\n|upkeep\n|turn|23\n|\n|t:|1695167549\n|move|p2a: Dragapult|Sucker Punch|p1a: Cinderace\n|-damage|p1a: Cinderace|0 fnt\n|faint|p1a: Cinderace\n|\n|win|do you mind goblin\n|raw|ban dozo + garg's rating: 1610 &rarr; <strong>1595</strong><br />(-15 for losing)\n|raw|do you mind goblin's rating: 1702 &rarr; <strong>1717</strong><br />(+15 for winning)\n|l| plplk\n|c|\u2606do you mind goblin|shaboing\n|l| verybadjok\n|l| TKMOZ\n|c|\u2606ban dozo + garg|i have no idea what that is\n|c| barneyrebel|lmao\n|l| barneyrebel\n|l| Galacticknight404\n|c|\u2606do you mind goblin|damn\n|c|\u2606do you mind goblin|the whole squad saw you get cooked\n", "uploadtime": 1695167579, "views": 8, "p1id": "bandozogarg", "p2id": "doyoumindgoblin", "formatid": "gen9ou", "rating": 1595, "private": 0, "password": ""}