{"id": "gen9ou-1947539435", "p1": "Kiky14", "p2": "warmaker159", "format": "gen9ou", "log": "|j|\u2606Kiky14\n|j|\u203dwarmaker159\n|t:|1695170604\n|gametype|singles\n|player|p1|Kiky14|hilda-wonderlauncher|1256\n|player|p2|warmaker159|102|1261\n|teamsize|p1|6\n|teamsize|p2|6\n|gen|9\n|tier|[Gen 9] OU\n|rated|\n|rule|Sleep Clause Mod: Limit one foe put to sleep\n|rule|Species Clause: Limit one of each Pok\u00e9mon\n|rule|OHKO Clause: OHKO moves are banned\n|rule|Evasion Items Clause: Evasion items are banned\n|rule|Evasion Moves Clause: Evasion moves are banned\n|rule|Endless Battle Clause: Forcing endless battles is banned\n|rule|HP Percentage Mod: HP is shown in percentages\n|clearpoke\n|poke|p1|Landorus-Therian, M|\n|poke|p1|Umbreon, F|\n|poke|p1|Infernape, M|\n|poke|p1|Walking Wake|\n|poke|p1|Ogerpon, F|\n|poke|p1|Glimmora, M|\n|poke|p2|Weezing-Galar, F|\n|poke|p2|Diancie|\n|poke|p2|Cresselia, F|\n|poke|p2|Dragapult, F|\n|poke|p2|Garchomp, F|\n|poke|p2|Cinderace, F|\n|teampreview\n|inactive|Battle timer is ON: inactive players will automatically lose when time's up. (requested by warmaker159)\n|\n|t:|1695170619\n|start\n|switch|p1a: Walking Wake|Walking Wake|100/100\n|switch|p2a: Dragapult|Dragapult, F|100/100\n|turn|1\n|\n|t:|1695170625\n|move|p1a: Walking Wake|Dragon Pulse|p2a: Dragapult\n|-supereffective|p2a: Dragapult\n|-damage|p2a: Dragapult|0 fnt\n|faint|p2a: Dragapult\n|\n|upkeep\n|\n|t:|1695170645\n|switch|p2a: Diancie|Diancie|100/100\n|turn|2\n|\n|t:|1695170652\n|-end|p1a: Walking Wake|Protosynthesis|[silent]\n|switch|p1a: Landorus|Landorus-Therian, M|100/100\n|-ability|p1a: Landorus|Intimidate|boost\n|-fail|p2a: Diancie|unboost|[from] ability: Clear Body|[of] p2a: Diancie\n|move|p2a: Diancie|Diamond Storm|p1a: Landorus\n|-damage|p1a: Landorus|68/100\n|\n|upkeep\n|turn|3\n|\n|t:|1695170663\n|switch|p2a: Weezing|Weezing-Galar, F|100/100\n|move|p1a: Landorus|Stealth Rock|p2a: Weezing\n|-sidestart|p2: warmaker159|move: Stealth Rock\n|\n|upkeep\n|turn|4\n|\n|t:|1695170670\n|move|p1a: Landorus|U-turn|p2a: Weezing\n|-resisted|p2a: Weezing\n|-damage|p2a: Weezing|97/100\n|\n|t:|1695170678\n|switch|p1a: Oscary|Umbreon, F, shiny|100/100|[from] U-turn\n|move|p2a: Weezing|Will-O-Wisp|p1a: Oscary\n|-status|p1a: Oscary|brn\n|-activate|p1a: Oscary|ability: Synchronize\n|-status|p2a: Weezing|brn\n|\n|-heal|p2a: Weezing|100/100 brn|[from] item: Leftovers\n|-damage|p1a: Oscary|94/100 brn|[from] brn\n|-damage|p2a: Weezing|95/100 brn|[from] brn\n|upkeep\n|turn|5\n|\n|t:|1695170692\n|switch|p2a: Cinderace|Cinderace, F|100/100\n|move|p1a: Oscary|Wish|p1a: Oscary\n|\n|-heal|p1a: Oscary|100/100 brn|[from] item: Leftovers\n|-damage|p1a: Oscary|94/100 brn|[from] brn\n|upkeep\n|turn|6\n|\n|t:|1695170704\n|switch|p1a: Hecberth|Glimmora, M, shiny|100/100\n|move|p2a: Cinderace|Court Change|p2a: Cinderace\n|-start|p2a: Cinderace|typechange|Normal|[from] ability: Libero\n|-swapsideconditions\n|-activate|p2a: Cinderace|move: Court Change\n|\n|upkeep\n|turn|7\n|\n|t:|1695170717\n|switch|p2a: Garchomp|Garchomp, F|100/100\n|move|p1a: Hecberth|Mortal Spin|p2a: Garchomp\n|-resisted|p2a: Garchomp\n|-damage|p2a: Garchomp|98/100\n|-status|p2a: Garchomp|psn\n|-damage|p1a: Hecberth|88/100|[from] ability: Rough Skin|[of] p2a: Garchomp\n|-sideend|p1: Kiky14|Stealth Rock|[from] move: Mortal Spin|[of] p1a: Hecberth\n|\n|-damage|p2a: Garchomp|85/100 psn|[from] psn\n|upkeep\n|turn|8\n|\n|t:|1695170731\n|switch|p1a: Landorus|Landorus-Therian, M|68/100\n|-ability|p1a: Landorus|Intimidate|boost\n|-unboost|p2a: Garchomp|atk|1\n|move|p2a: Garchomp|Swords Dance|p2a: Garchomp\n|-boost|p2a: Garchomp|atk|2\n|\n|-damage|p2a: Garchomp|73/100 psn|[from] psn\n|upkeep\n|turn|9\n|\n|t:|1695170741\n|move|p2a: Garchomp|Scale Shot|p1a: Landorus|[miss]\n|-miss|p2a: Garchomp|p1a: Landorus\n|move|p1a: Landorus|U-turn|p2a: Garchomp\n|-damage|p2a: Garchomp|52/100 psn\n|-damage|p1a: Landorus|56/100|[from] ability: Rough Skin|[of] p2a: Garchomp\n|\n|t:|1695170745\n|switch|p1a: Walking Wake|Walking Wake|100/100|[from] U-turn\n|\n|-damage|p2a: Garchomp|40/100 psn|[from] psn\n|upkeep\n|turn|10\n|-message|warmaker159 forfeited.\n|\n|win|Kiky14\n|raw|Kiky14's rating: 1256 &rarr; <strong>1281</strong><br />(+25 for winning)\n|raw|warmaker159's rating: 1261 &rarr; <strong>1236</strong><br />(-25 for losing)\n|l|\u203dwarmaker159\n", "uploadtime": 1695170752, "views": 1, "p1id": "kiky14", "p2id": "warmaker159", "formatid": "gen9ou", "rating": 1236, "private": 0, "password": ""}