{"id": "gen9ou-1947550604", "p1": "ZLethyPC", "p2": "eunaomeconheco", "format": "gen9ou", "log": "|j|\u2606ZLethyPC\n|j|\u2606eunaomeconheco\n|t:|1695171664\n|gametype|singles\n|player|p1|ZLethyPC|shadowtriad|1209\n|player|p2|eunaomeconheco|gambler|1259\n|teamsize|p1|6\n|teamsize|p2|6\n|gen|9\n|tier|[Gen 9] OU\n|rated|\n|rule|Sleep Clause Mod: Limit one foe put to sleep\n|rule|Species Clause: Limit one of each Pok\u00e9mon\n|rule|OHKO Clause: OHKO moves are banned\n|rule|Evasion Items Clause: Evasion items are banned\n|rule|Evasion Moves Clause: Evasion moves are banned\n|rule|Endless Battle Clause: Forcing endless battles is banned\n|rule|HP Percentage Mod: HP is shown in percentages\n|clearpoke\n|poke|p1|Ogerpon-Wellspring, F|\n|poke|p1|Samurott-Hisui, M|\n|poke|p1|Clefable, M|\n|poke|p1|Ninetales-Alola, F|\n|poke|p1|Great Tusk|\n|poke|p1|Ursaluna-Bloodmoon, M|\n|poke|p2|Manaphy|\n|poke|p2|Ribombee, M|\n|poke|p2|Ogerpon-Wellspring, F|\n|poke|p2|Clodsire, M|\n|poke|p2|Scizor, M|\n|poke|p2|Clefable, M|\n|teampreview\n|c|\u2606ZLethyPC|lets have fun!\n|c|\u2606ZLethyPC|also nice ogerpon + clefable\n|\n|t:|1695171681\n|start\n|switch|p1a: Aloki|Ninetales-Alola, F|100/100\n|switch|p2a: Ogerpon|Ogerpon-Wellspring, F|100/100\n|-weather|Snow|[from] ability: Snow Warning|[of] p1a: Aloki\n|turn|1\n|c|\u2606eunaomeconheco|thanks xd\n|\n|t:|1695171689\n|move|p2a: Ogerpon|Knock Off|p1a: Aloki\n|-resisted|p1a: Aloki\n|-damage|p1a: Aloki|84/100\n|-enditem|p1a: Aloki|Light Clay|[from] move: Knock Off|[of] p2a: Ogerpon\n|move|p1a: Aloki|Aurora Veil|p1a: Aloki\n|-sidestart|p1: ZLethyPC|move: Aurora Veil\n|\n|-weather|Snow|[upkeep]\n|upkeep\n|turn|2\n|\n|t:|1695171697\n|switch|p2a: Clefable|Clefable, M|100/100\n|move|p1a: Aloki|Encore||[still]\n|-fail|p1a: Aloki\n|\n|-weather|Snow|[upkeep]\n|upkeep\n|turn|3\n|\n|t:|1695171700\n|move|p1a: Aloki|Hypnosis|p2a: Clefable\n|-status|p2a: Clefable|slp|[from] move: Hypnosis\n|cant|p2a: Clefable|slp\n|\n|-weather|Snow|[upkeep]\n|upkeep\n|turn|4\n|\n|t:|1695171707\n|switch|p1a: Freddy Fazbear|Ursaluna-Bloodmoon, M|100/100\n|-curestatus|p2a: Clefable|slp|[msg]\n|move|p2a: Clefable|Cosmic Power|p2a: Clefable\n|-boost|p2a: Clefable|def|1\n|-boost|p2a: Clefable|spd|1\n|\n|-weather|Snow|[upkeep]\n|upkeep\n|turn|5\n|\n|t:|1695171710\n|move|p2a: Clefable|Encore||[still]\n|-fail|p2a: Clefable\n|move|p1a: Freddy Fazbear|Calm Mind|p1a: Freddy Fazbear\n|-boost|p1a: Freddy Fazbear|spa|1\n|-boost|p1a: Freddy Fazbear|spd|1\n|\n|-weather|none\n|-sideend|p1: ZLethyPC|move: Aurora Veil\n|upkeep\n|turn|6\n|c|\u2606eunaomeconheco|oh\n|c|\u2606eunaomeconheco|im faster\n|c|\u2606eunaomeconheco|lol\n|\n|t:|1695171726\n|switch|p1a: Aloki|Ninetales-Alola, F|84/100\n|-weather|Snow|[from] ability: Snow Warning|[of] p1a: Aloki\n|move|p2a: Clefable|Encore||[still]\n|-fail|p2a: Clefable\n|\n|-weather|Snow|[upkeep]\n|upkeep\n|turn|7\n|c|\u2606ZLethyPC|i'm doing all i can for freddy rn\n|\n|t:|1695171778\n|move|p1a: Aloki|Hypnosis|p2a: Clefable|[miss]\n|-miss|p1a: Aloki|p2a: Clefable\n|move|p2a: Clefable|Encore|p1a: Aloki\n|-start|p1a: Aloki|Encore\n|\n|-weather|Snow|[upkeep]\n|upkeep\n|turn|8\n|\n|t:|1695171784\n|move|p1a: Aloki|Hypnosis|p2a: Clefable|[miss]\n|-miss|p1a: Aloki|p2a: Clefable\n|move|p2a: Clefable|Cosmic Power|p2a: Clefable\n|-boost|p2a: Clefable|def|1\n|-boost|p2a: Clefable|spd|1\n|\n|-weather|Snow|[upkeep]\n|upkeep\n|turn|9\n|\n|t:|1695171786\n|move|p1a: Aloki|Hypnosis|p2a: Clefable\n|-status|p2a: Clefable|slp|[from] move: Hypnosis\n|cant|p2a: Clefable|slp\n|\n|-weather|Snow|[upkeep]\n|upkeep\n|turn|10\n|c|\u2606eunaomeconheco|lol\n|\n|t:|1695171801\n|switch|p1a: The Child|Ogerpon-Wellspring, F|100/100\n|cant|p2a: Clefable|slp\n|\n|-weather|none\n|upkeep\n|turn|11\n|\n|t:|1695171803\n|move|p1a: The Child|Swords Dance|p1a: The Child\n|-boost|p1a: The Child|atk|2\n|cant|p2a: Clefable|slp\n|\n|upkeep\n|turn|12\n|\n|t:|1695171810\n|-terastallize|p1a: The Child|Water\n|detailschange|p1a: The Child|Ogerpon-Wellspring-Tera, F, tera:Water\n|-ability|p1a: The Child|Embody Aspect (Wellspring)|boost\n|-boost|p1a: The Child|spd|1\n|move|p1a: The Child|Ivy Cudgel|p2a: Clefable\n|-damage|p2a: Clefable|29/100 slp\n|-curestatus|p2a: Clefable|slp|[msg]\n|move|p2a: Clefable|Encore|p1a: The Child\n|-start|p1a: The Child|Encore\n|\n|-heal|p2a: Clefable|35/100|[from] item: Leftovers\n|upkeep\n|turn|13\n|\n|t:|1695171820\n|switch|p2a: Ogerpon|Ogerpon-Wellspring, F|100/100\n|move|p1a: The Child|Ivy Cudgel|p2a: Ogerpon\n|-immune|p2a: Ogerpon|[from] ability: Water Absorb\n|\n|upkeep\n|turn|14\n|c|\u2606eunaomeconheco|water absorb lmao\n|c|\u2606ZLethyPC|yep\n|c|\u2606ZLethyPC|lmao\n|\n|t:|1695171846\n|switch|p1a: Aloki|Ninetales-Alola, F|84/100\n|-weather|Snow|[from] ability: Snow Warning|[of] p1a: Aloki\n|move|p2a: Ogerpon|Swords Dance|p2a: Ogerpon\n|-boost|p2a: Ogerpon|atk|2\n|\n|-weather|Snow|[upkeep]\n|upkeep\n|turn|15\n|\n|t:|1695171855\n|-terastallize|p2a: Ogerpon|Water\n|detailschange|p2a: Ogerpon|Ogerpon-Wellspring-Tera, F, tera:Water\n|-ability|p2a: Ogerpon|Embody Aspect (Wellspring)|boost\n|-boost|p2a: Ogerpon|spd|1\n|move|p2a: Ogerpon|Ivy Cudgel|p1a: Aloki\n|-crit|p1a: Aloki\n|-damage|p1a: Aloki|0 fnt\n|faint|p1a: Aloki\n|\n|-weather|Snow|[upkeep]\n|upkeep\n|c|\u2606ZLethyPC|welp\n|c|\u2606eunaomeconheco|my time to shine\n|c|\u2606ZLethyPC|you go eunao\n|\n|t:|1695171873\n|switch|p1a: Nutrim GX|Samurott-Hisui, M, shiny|100/100\n|turn|16\n|\n|t:|1695171876\n|move|p2a: Ogerpon|Horn Leech|p1a: Nutrim GX\n|-supereffective|p1a: Nutrim GX\n|-enditem|p1a: Nutrim GX|Focus Sash\n|-damage|p1a: Nutrim GX|1/100\n|move|p1a: Nutrim GX|Ceaseless Edge|p2a: Ogerpon\n|-damage|p2a: Ogerpon|41/100\n|-sidestart|p2: eunaomeconheco|Spikes\n|\n|-weather|Snow|[upkeep]\n|upkeep\n|turn|17\n|c|\u2606eunaomeconheco|oof\n|\n|t:|1695171885\n|move|p1a: Nutrim GX|Sucker Punch|p2a: Ogerpon\n|-crit|p2a: Ogerpon\n|-damage|p2a: Ogerpon|0 fnt\n|faint|p2a: Ogerpon\n|\n|-weather|Snow|[upkeep]\n|upkeep\n|c|\u2606ZLethyPC|WAIT\n|c|\u2606eunaomeconheco|oh\n|c|\u2606eunaomeconheco|no way\n|c|\u2606ZLethyPC|HE'S CRAZY LIKE THAT\n|c|\u2606eunaomeconheco|lmaoooo\n|\n|t:|1695171909\n|switch|p2a: Ribombee|Ribombee, M, shiny|100/100\n|-damage|p2a: Ribombee|88/100|[from] Spikes\n|turn|18\n|\n|t:|1695171915\n|move|p1a: Nutrim GX|Sucker Punch|p2a: Ribombee\n|-resisted|p2a: Ribombee\n|-damage|p2a: Ribombee|55/100\n|move|p2a: Ribombee|Bug Buzz|p1a: Nutrim GX\n|-supereffective|p1a: Nutrim GX\n|-damage|p1a: Nutrim GX|0 fnt\n|faint|p1a: Nutrim GX\n|\n|-weather|none\n|upkeep\n|c|\u2606ZLethyPC|go off, king\n|\n|t:|1695171933\n|switch|p1a: Fraga|Clefable, M|100/100\n|turn|19\n|c|\u2606eunaomeconheco|F\n|\n|t:|1695171939\n|move|p2a: Ribombee|Stun Spore|p1a: Fraga\n|-status|p1a: Fraga|par\n|move|p1a: Fraga|Calm Mind|p1a: Fraga\n|-boost|p1a: Fraga|spa|1\n|-boost|p1a: Fraga|spd|1\n|\n|upkeep\n|turn|20\n|\n|t:|1695171952\n|switch|p2a: Scizor|Scizor, M|100/100\n|-damage|p2a: Scizor|88/100|[from] Spikes\n|move|p1a: Fraga|Chilling Water|p2a: Scizor\n|-damage|p2a: Scizor|54/100\n|-unboost|p2a: Scizor|atk|1\n|\n|upkeep\n|turn|21\n|\n|t:|1695171962\n|switch|p1a: Freddy Fazbear|Ursaluna-Bloodmoon, M|100/100\n|move|p2a: Scizor|Bullet Punch|p1a: Freddy Fazbear\n|-damage|p1a: Freddy Fazbear|76/100\n|\n|-heal|p1a: Freddy Fazbear|83/100|[from] item: Leftovers\n|upkeep\n|turn|22\n|\n|t:|1695171974\n|switch|p2a: Clefable|Clefable, M|35/100\n|move|p1a: Freddy Fazbear|Blood Moon|p2a: Clefable\n|-damage|p2a: Clefable|0 fnt\n|faint|p2a: Clefable\n|\n|-heal|p1a: Freddy Fazbear|89/100|[from] item: Leftovers\n|upkeep\n|\n|t:|1695171979\n|switch|p2a: Manaphy|Manaphy, shiny|100/100\n|-damage|p2a: Manaphy|88/100|[from] Spikes\n|turn|23\n|\n|t:|1695171987\n|move|p2a: Manaphy|Tail Glow|p2a: Manaphy\n|-boost|p2a: Manaphy|spa|3\n|move|p1a: Freddy Fazbear|Calm Mind|p1a: Freddy Fazbear\n|-boost|p1a: Freddy Fazbear|spa|1\n|-boost|p1a: Freddy Fazbear|spd|1\n|\n|-heal|p1a: Freddy Fazbear|95/100|[from] item: Leftovers\n|upkeep\n|turn|24\n|c|\u2606eunaomeconheco|now pray\n|\n|t:|1695171998\n|move|p1a: Freddy Fazbear|Vacuum Wave|p2a: Manaphy\n|-damage|p2a: Manaphy|67/100\n|move|p2a: Manaphy|Surf|p1a: Freddy Fazbear\n|-supereffective|p1a: Freddy Fazbear\n|-damage|p1a: Freddy Fazbear|0 fnt\n|faint|p1a: Freddy Fazbear\n|\n|upkeep\n|\n|t:|1695172002\n|switch|p1a: The Child|Ogerpon-Wellspring-Tera, F, tera:Water|100/100\n|-ability|p1a: The Child|Embody Aspect (Wellspring)|boost\n|-boost|p1a: The Child|spd|1\n|turn|25\n|\n|t:|1695172008\n|move|p1a: The Child|Spiky Shield|p1a: The Child\n|-singleturn|p1a: The Child|move: Protect\n|move|p2a: Manaphy|Ice Beam|p1a: The Child\n|-activate|p1a: The Child|move: Protect\n|\n|upkeep\n|turn|26\n|c|\u2606ZLethyPC|we pray\n|\n|t:|1695172018\n|move|p1a: The Child|Horn Leech|p2a: Manaphy\n|-supereffective|p2a: Manaphy\n|-damage|p2a: Manaphy|0 fnt\n|faint|p2a: Manaphy\n|\n|upkeep\n|c|\u2606eunaomeconheco|F\n|c|\u2606ZLethyPC|THE PRAYERS ARE ANSWERED\n|\n|t:|1695172030\n|switch|p2a: Ribombee|Ribombee, M, shiny|55/100\n|-damage|p2a: Ribombee|42/100|[from] Spikes\n|turn|27\n|\n|t:|1695172037\n|move|p1a: The Child|Spiky Shield|p1a: The Child\n|-singleturn|p1a: The Child|move: Protect\n|move|p2a: Ribombee|Stun Spore|p1a: The Child\n|-activate|p1a: The Child|move: Protect\n|\n|upkeep\n|turn|28\n|\n|t:|1695172041\n|switch|p1a: Fraga|Clefable, M|100/100 par\n|move|p2a: Ribombee|Stun Spore|p1a: Fraga|[miss]\n|-miss|p2a: Ribombee|p1a: Fraga\n|\n|upkeep\n|turn|29\n|\n|t:|1695172050\n|switch|p2a: Scizor|Scizor, M|54/100\n|-damage|p2a: Scizor|41/100|[from] Spikes\n|cant|p1a: Fraga|par\n|\n|upkeep\n|turn|30\n|\n|t:|1695172055\n|move|p2a: Scizor|Aerial Ace|p1a: Fraga\n|-damage|p1a: Fraga|45/100 par\n|move|p1a: Fraga|Chilling Water|p2a: Scizor\n|-damage|p2a: Scizor|17/100\n|-unboost|p2a: Scizor|atk|1\n|\n|upkeep\n|turn|31\n|c|\u2606eunaomeconheco|im screwed\n|c|\u2606ZLethyPC|Fraga's crazy like that\n|\n|t:|1695172073\n|move|p2a: Scizor|Aerial Ace|p1a: Fraga\n|-damage|p1a: Fraga|11/100 par\n|move|p1a: Fraga|Moonlight|p1a: Fraga\n|-heal|p1a: Fraga|61/100 par\n|\n|upkeep\n|turn|32\n|c|\u2606ZLethyPC|cmon fraga\n|\n|t:|1695172107\n|move|p2a: Scizor|Aerial Ace|p1a: Fraga\n|-damage|p1a: Fraga|23/100 par\n|move|p1a: Fraga|Moonlight|p1a: Fraga\n|-heal|p1a: Fraga|73/100 par\n|\n|upkeep\n|turn|33\n|c|\u2606eunaomeconheco|my clefable set is the average one\n|c|\u2606ZLethyPC|fraga's doin it\n|c|\u2606eunaomeconheco|cosmic power stored power\n|c|\u2606ZLethyPC|i ran a custom one\n|c|\u2606ZLethyPC|calm mind tera water chilling water\n|\n|t:|1695172137\n|move|p2a: Scizor|Aerial Ace|p1a: Fraga\n|-damage|p1a: Fraga|37/100 par\n|cant|p1a: Fraga|par\n|\n|upkeep\n|turn|34\n|c|\u2606eunaomeconheco|lmao\n|c|\u2606eunaomeconheco|i some time used a wigglytuff with this set\n|\n|t:|1695172154\n|move|p2a: Scizor|Aerial Ace|p1a: Fraga\n|-damage|p1a: Fraga|3/100 par\n|move|p1a: Fraga|Moonlight|p1a: Fraga\n|-heal|p1a: Fraga|53/100 par\n|\n|upkeep\n|turn|35\n|c|\u2606ZLethyPC|omg fraga you crazy bastard\n|\n|t:|1695172168\n|move|p2a: Scizor|Aerial Ace|p1a: Fraga\n|-damage|p1a: Fraga|17/100 par\n|move|p1a: Fraga|Chilling Water|p2a: Scizor\n|-damage|p2a: Scizor|0 fnt\n|faint|p2a: Scizor\n|\n|upkeep\n|\n|t:|1695172174\n|switch|p2a: Ribombee|Ribombee, M, shiny|42/100\n|-damage|p2a: Ribombee|30/100|[from] Spikes\n|turn|36\n|c|\u2606ZLethyPC|LETS GOOOO\n|\n|t:|1695172178\n|move|p2a: Ribombee|Moonblast|p1a: Fraga\n|-damage|p1a: Fraga|0 fnt\n|faint|p1a: Fraga\n|\n|upkeep\n|c|\u2606eunaomeconheco|oof\n|c|\u2606eunaomeconheco|btw\n|\n|t:|1695172194\n|switch|p1a: Weird Elephant|Great Tusk|100/100\n|turn|37\n|c|\u2606eunaomeconheco|idk any sammurot set lmao\n|\n|t:|1695172206\n|move|p2a: Ribombee|Moonblast|p1a: Weird Elephant\n|-supereffective|p1a: Weird Elephant\n|-damage|p1a: Weird Elephant|0 fnt\n|faint|p1a: Weird Elephant\n|-end|p1a: Weird Elephant|Protosynthesis|[silent]\n|\n|upkeep\n|c|\u2606ZLethyPC|i run Sash\n|c|\u2606ZLethyPC|i wanted to run AV\n|c|\u2606eunaomeconheco|sucker punch surprised me\n|c|\u2606ZLethyPC|but didnt fit into the team\n|\n|t:|1695172224\n|switch|p1a: The Child|Ogerpon-Wellspring-Tera, F, tera:Water|100/100\n|-ability|p1a: The Child|Embody Aspect (Wellspring)|boost\n|-boost|p1a: The Child|spd|1\n|turn|38\n|c|\u2606eunaomeconheco|av would just make me win this more faster xd\n|\n|t:|1695172236\n|switch|p2a: Clodsire|Clodsire, M|100/100\n|-damage|p2a: Clodsire|88/100|[from] Spikes\n|move|p1a: The Child|Ivy Cudgel|p2a: Clodsire\n|-heal|p2a: Clodsire|100/100|[from] ability: Water Absorb|[of] p1a: The Child\n|\n|upkeep\n|turn|39\n|\n|t:|1695172242\n|move|p1a: The Child|Swords Dance|p1a: The Child\n|-boost|p1a: The Child|atk|2\n|move|p2a: Clodsire|Toxic|p1a: The Child\n|-status|p1a: The Child|tox\n|\n|-damage|p1a: The Child|94/100 tox|[from] psn\n|upkeep\n|turn|40\n|c|\u2606eunaomeconheco|lmao\n|\n|t:|1695172247\n|move|p1a: The Child|Spiky Shield|p1a: The Child\n|-singleturn|p1a: The Child|move: Protect\n|move|p2a: Clodsire|Recover||[still]\n|-fail|p2a: Clodsire|heal\n|\n|-damage|p1a: The Child|82/100 tox|[from] psn\n|upkeep\n|turn|41\n|\n|t:|1695172254\n|move|p1a: The Child|Swords Dance|p1a: The Child\n|-boost|p1a: The Child|atk|2\n|move|p2a: Clodsire|Earthquake|p1a: The Child\n|-damage|p1a: The Child|56/100 tox\n|\n|-damage|p1a: The Child|38/100 tox|[from] psn\n|upkeep\n|turn|42\n|\n|t:|1695172259\n|move|p1a: The Child|Horn Leech|p2a: Clodsire\n|-damage|p2a: Clodsire|0 fnt\n|-heal|p1a: The Child|100/100 tox|[from] drain|[of] p2a: Clodsire\n|faint|p2a: Clodsire\n|\n|-damage|p1a: The Child|75/100 tox|[from] psn\n|upkeep\n|\n|t:|1695172262\n|switch|p2a: Ribombee|Ribombee, M, shiny|30/100\n|-damage|p2a: Ribombee|18/100|[from] Spikes\n|turn|43\n|c|\u2606ZLethyPC|omg\n|c|\u2606eunaomeconheco|F\n|c|\u2606ZLethyPC|no way\n|c|\u2606eunaomeconheco|almost\n|c|\u2606ZLethyPC|its so over\n|\n|t:|1695172272\n|move|p2a: Ribombee|Moonblast|p1a: The Child\n|-damage|p1a: The Child|48/100 tox\n|move|p1a: The Child|Ivy Cudgel|p2a: Ribombee\n|-crit|p2a: Ribombee\n|-damage|p2a: Ribombee|0 fnt\n|faint|p2a: Ribombee\n|\n|win|ZLethyPC\n|raw|ZLethyPC's rating: 1209 &rarr; <strong>1238</strong><br />(+29 for winning)\n|raw|eunaomeconheco's rating: 1259 &rarr; <strong>1230</strong><br />(-29 for losing)\n|c|\u2606eunaomeconheco|boom\n|c|\u2606ZLethyPC|oh my god\n|c|\u2606ZLethyPC|i did it\n|c|\u2606eunaomeconheco|this mask is actually very good\n|c|\u2606ZLethyPC|water ogerpon is really fun\n|c|\u2606eunaomeconheco|the sp def helps alot\n|c|\u2606ZLethyPC|becomes an omega wall if Def EV'd\n|c|\u2606eunaomeconheco|also this broke my bee\n|c|\u2606eunaomeconheco|ok i think im gonna gtg\n|c|\u2606eunaomeconheco|see ya\n|c|\u2606ZLethyPC|nice ribombee btw\n|c|\u2606eunaomeconheco|gg wp\n|c|\u2606eunaomeconheco|thanks xd\n|c|\u2606ZLethyPC|see ya\n|l|\u2606eunaomeconheco\n|j|\u2606eunaomeconheco\n|player|p2|eunaomeconheco|gambler\n", "uploadtime": 1695172335, "views": 4, "p1id": "zlethypc", "p2id": "eunaomeconheco", "formatid": "gen9ou", "rating": 1230, "private": 0, "password": ""}