{"id": "gen9ou-1947478253", "p1": "Jrmoore896", "p2": "Klutzykamakazi", "format": "gen9ou", "log": "|j|\u2606Jrmoore896\n|j|\u2606Klutzykamakazi\n|t:|1695164545\n|gametype|singles\n|player|p1|Jrmoore896|lucas-gen4pt|1330\n|player|p2|Klutzykamakazi|clay|1405\n|teamsize|p1|6\n|teamsize|p2|6\n|gen|9\n|tier|[Gen 9] OU\n|rated|\n|rule|Sleep Clause Mod: Limit one foe put to sleep\n|rule|Species Clause: Limit one of each Pok\u00e9mon\n|rule|OHKO Clause: OHKO moves are banned\n|rule|Evasion Items Clause: Evasion items are banned\n|rule|Evasion Moves Clause: Evasion moves are banned\n|rule|Endless Battle Clause: Forcing endless battles is banned\n|rule|HP Percentage Mod: HP is shown in percentages\n|clearpoke\n|poke|p1|Snorlax, M|\n|poke|p1|Milotic, M|\n|poke|p1|Clefable, M|\n|poke|p1|Mandibuzz, F|\n|poke|p1|Kommo-o, M|\n|poke|p1|Ogerpon-Hearthflame, F|\n|poke|p2|Munkidori, M|\n|poke|p2|Garganacl, F|\n|poke|p2|Slowking, F|\n|poke|p2|Moltres|\n|poke|p2|Meowscarada, M|\n|poke|p2|Kommo-o, M|\n|teampreview\n|j| mcbap\n|inactive|Battle timer is ON: inactive players will automatically lose when time's up. (requested by Jrmoore896)\n|\n|t:|1695164555\n|start\n|switch|p1a: Ogerpon|Ogerpon-Hearthflame, F|100/100\n|switch|p2a: Munkidori|Munkidori, M|100/100\n|-ability|p1a: Ogerpon|Mold Breaker\n|turn|1\n|l| mcbap\n|\n|t:|1695164571\n|switch|p1a: Mandibuzz|Mandibuzz, F|100/100\n|move|p2a: Munkidori|Sludge Bomb|p1a: Mandibuzz\n|-damage|p1a: Mandibuzz|66/100\n|-status|p1a: Mandibuzz|tox|[from] ability: Toxic Chain|[of] p2a: Munkidori\n|\n|-damage|p1a: Mandibuzz|59/100 tox|[from] psn\n|upkeep\n|turn|2\n|\n|t:|1695164584\n|switch|p2a: Kommo-o|Kommo-o, M|100/100\n|move|p1a: Mandibuzz|U-turn|p2a: Kommo-o\n|-resisted|p2a: Kommo-o\n|-damage|p2a: Kommo-o|95/100\n|\n|t:|1695164594\n|switch|p1a: Kommo-o|Kommo-o, M|100/100|[from] U-turn\n|\n|-heal|p2a: Kommo-o|100/100|[from] item: Leftovers\n|upkeep\n|turn|3\n|\n|t:|1695164620\n|switch|p2a: Garganacl|Garganacl, F|100/100\n|move|p1a: Kommo-o|Clangorous Soul|p1a: Kommo-o\n|-boost|p1a: Kommo-o|atk|1\n|-boost|p1a: Kommo-o|def|1\n|-boost|p1a: Kommo-o|spa|1\n|-boost|p1a: Kommo-o|spd|1\n|-boost|p1a: Kommo-o|spe|1\n|-damage|p1a: Kommo-o|68/100\n|\n|-heal|p1a: Kommo-o|74/100|[from] item: Leftovers\n|upkeep\n|turn|4\n|\n|t:|1695164636\n|move|p2a: Garganacl|Protect|p2a: Garganacl\n|-singleturn|p2a: Garganacl|Protect\n|move|p1a: Kommo-o|Drain Punch|p2a: Garganacl\n|-activate|p2a: Garganacl|move: Protect\n|\n|-heal|p1a: Kommo-o|80/100|[from] item: Leftovers\n|upkeep\n|turn|5\n|\n|t:|1695164653\n|-terastallize|p2a: Garganacl|Water\n|move|p1a: Kommo-o|Clangorous Soul|p1a: Kommo-o\n|-boost|p1a: Kommo-o|atk|1\n|-boost|p1a: Kommo-o|def|1\n|-boost|p1a: Kommo-o|spa|1\n|-boost|p1a: Kommo-o|spd|1\n|-boost|p1a: Kommo-o|spe|1\n|-damage|p1a: Kommo-o|47/100\n|move|p2a: Garganacl|Salt Cure|p1a: Kommo-o\n|-resisted|p1a: Kommo-o\n|-damage|p1a: Kommo-o|44/100\n|-start|p1a: Kommo-o|Salt Cure\n|\n|-heal|p1a: Kommo-o|50/100|[from] item: Leftovers\n|-damage|p1a: Kommo-o|38/100|[from] Salt Cure\n|upkeep\n|turn|6\n|\n|t:|1695164669\n|move|p2a: Garganacl|Protect|p2a: Garganacl\n|-singleturn|p2a: Garganacl|Protect\n|move|p1a: Kommo-o|Clanging Scales|p2a: Garganacl\n|-activate|p2a: Garganacl|move: Protect\n|\n|-heal|p1a: Kommo-o|44/100|[from] item: Leftovers\n|-damage|p1a: Kommo-o|32/100|[from] Salt Cure\n|upkeep\n|turn|7\n|\n|t:|1695164687\n|move|p1a: Kommo-o|Drain Punch|p2a: Garganacl\n|-damage|p2a: Garganacl|65/100\n|-heal|p1a: Kommo-o|55/100|[from] drain|[of] p2a: Garganacl\n|move|p2a: Garganacl|Recover|p2a: Garganacl\n|-heal|p2a: Garganacl|100/100\n|\n|-heal|p1a: Kommo-o|62/100|[from] item: Leftovers\n|-damage|p1a: Kommo-o|49/100|[from] Salt Cure\n|upkeep\n|turn|8\n|\n|t:|1695164698\n|move|p1a: Kommo-o|Clanging Scales|p2a: Garganacl\n|-damage|p2a: Garganacl|43/100\n|-unboost|p1a: Kommo-o|def|1\n|move|p2a: Garganacl|Stealth Rock|p1a: Kommo-o\n|-sidestart|p1: Jrmoore896|move: Stealth Rock\n|\n|-heal|p1a: Kommo-o|55/100|[from] item: Leftovers\n|-heal|p2a: Garganacl|49/100|[from] item: Leftovers\n|-damage|p1a: Kommo-o|43/100|[from] Salt Cure\n|upkeep\n|turn|9\n|\n|t:|1695164710\n|move|p2a: Garganacl|Protect|p2a: Garganacl\n|-singleturn|p2a: Garganacl|Protect\n|move|p1a: Kommo-o|Clanging Scales|p2a: Garganacl\n|-activate|p2a: Garganacl|move: Protect\n|\n|-heal|p1a: Kommo-o|49/100|[from] item: Leftovers\n|-heal|p2a: Garganacl|55/100|[from] item: Leftovers\n|-damage|p1a: Kommo-o|37/100|[from] Salt Cure\n|upkeep\n|turn|10\n|\n|t:|1695164722\n|move|p1a: Kommo-o|Clanging Scales|p2a: Garganacl\n|-damage|p2a: Garganacl|0 fnt\n|faint|p2a: Garganacl\n|-unboost|p1a: Kommo-o|def|1\n|\n|-heal|p1a: Kommo-o|43/100|[from] item: Leftovers\n|-damage|p1a: Kommo-o|31/100|[from] Salt Cure\n|upkeep\n|\n|t:|1695164730\n|switch|p2a: Slowking|Slowking, F|100/100\n|turn|11\n|\n|t:|1695164738\n|move|p1a: Kommo-o|Earthquake|p2a: Slowking\n|-damage|p2a: Slowking|33/100\n|move|p2a: Slowking|Future Sight|p1a: Kommo-o\n|-start|p2a: Slowking|move: Future Sight\n|\n|-heal|p1a: Kommo-o|37/100|[from] item: Leftovers\n|-damage|p1a: Kommo-o|25/100|[from] Salt Cure\n|upkeep\n|turn|12\n|\n|t:|1695164750\n|switch|p2a: Moltres|Moltres|100/100\n|move|p1a: Kommo-o|Clanging Scales|p2a: Moltres\n|-damage|p2a: Moltres|36/100\n|-unboost|p1a: Kommo-o|def|1\n|\n|-heal|p1a: Kommo-o|31/100|[from] item: Leftovers\n|-damage|p1a: Kommo-o|18/100|[from] Salt Cure\n|upkeep\n|turn|13\n|\n|t:|1695164765\n|switch|p2a: Slowking|Slowking, F|66/100\n|move|p1a: Kommo-o|Clanging Scales|p2a: Slowking\n|-damage|p2a: Slowking|24/100\n|-unboost|p1a: Kommo-o|def|1\n|\n|-end|p1a: Kommo-o|move: Future Sight\n|-supereffective|p1a: Kommo-o\n|-damage|p1a: Kommo-o|0 fnt\n|faint|p1a: Kommo-o\n|upkeep\n|\n|t:|1695164777\n|switch|p1a: Mandibuzz|Mandibuzz, F|59/100 tox\n|turn|14\n|\n|t:|1695164786\n|move|p1a: Mandibuzz|Defog|p2a: Slowking\n|-unboost|p2a: Slowking|evasion|1\n|-sideend|p1: Jrmoore896|Stealth Rock|[from] move: Defog|[of] p1a: Mandibuzz\n|move|p2a: Slowking|Thunder Wave|p1a: Mandibuzz|[miss]\n|-miss|p2a: Slowking|p1a: Mandibuzz\n|\n|-damage|p1a: Mandibuzz|53/100 tox|[from] psn\n|upkeep\n|turn|15\n|\n|t:|1695164796\n|move|p1a: Mandibuzz|U-turn|p2a: Slowking\n|-supereffective|p2a: Slowking\n|-damage|p2a: Slowking|0 fnt\n|faint|p2a: Slowking\n|\n|t:|1695164808\n|switch|p1a: Snorlax|Snorlax, M, shiny|100/100|[from] U-turn\n|\n|upkeep\n|\n|t:|1695164823\n|switch|p2a: Kommo-o|Kommo-o, M|100/100\n|turn|16\n|\n|t:|1695164830\n|switch|p1a: Milotic|Milotic, M|100/100\n|move|p2a: Kommo-o|Clangorous Soul|p2a: Kommo-o\n|-boost|p2a: Kommo-o|atk|1\n|-boost|p2a: Kommo-o|def|1\n|-boost|p2a: Kommo-o|spa|1\n|-boost|p2a: Kommo-o|spd|1\n|-boost|p2a: Kommo-o|spe|1\n|-damage|p2a: Kommo-o|68/100\n|\n|-heal|p2a: Kommo-o|74/100|[from] item: Leftovers\n|upkeep\n|turn|17\n|\n|t:|1695164842\n|move|p2a: Kommo-o|Boomburst|p1a: Milotic\n|-damage|p1a: Milotic|55/100\n|move|p1a: Milotic|Haze|p1a: Milotic\n|-clearallboost\n|\n|-heal|p2a: Kommo-o|80/100|[from] item: Leftovers\n|-heal|p1a: Milotic|61/100|[from] item: Leftovers\n|upkeep\n|turn|18\n|\n|t:|1695164854\n|switch|p1a: Clefable|Clefable, M|100/100\n|move|p2a: Kommo-o|Clangorous Soul|p2a: Kommo-o\n|-boost|p2a: Kommo-o|atk|1\n|-boost|p2a: Kommo-o|def|1\n|-boost|p2a: Kommo-o|spa|1\n|-boost|p2a: Kommo-o|spd|1\n|-boost|p2a: Kommo-o|spe|1\n|-damage|p2a: Kommo-o|47/100\n|\n|-heal|p2a: Kommo-o|53/100|[from] item: Leftovers\n|upkeep\n|turn|19\n|\n|t:|1695164875\n|switch|p2a: Moltres|Moltres|36/100\n|move|p1a: Clefable|Cosmic Power|p1a: Clefable\n|-boost|p1a: Clefable|def|1\n|-boost|p1a: Clefable|spd|1\n|\n|upkeep\n|turn|20\n|\n|t:|1695164882\n|move|p2a: Moltres|Roost|p2a: Moltres\n|-heal|p2a: Moltres|86/100\n|-singleturn|p2a: Moltres|move: Roost\n|move|p1a: Clefable|Cosmic Power|p1a: Clefable\n|-boost|p1a: Clefable|def|1\n|-boost|p1a: Clefable|spd|1\n|\n|upkeep\n|turn|21\n|\n|t:|1695164892\n|move|p2a: Moltres|U-turn|p1a: Clefable\n|-resisted|p1a: Clefable\n|-damage|p1a: Clefable|97/100\n|\n|t:|1695164895\n|switch|p2a: Munkidori|Munkidori, M|100/100|[from] U-turn\n|move|p1a: Clefable|Cosmic Power|p1a: Clefable\n|-boost|p1a: Clefable|def|1\n|-boost|p1a: Clefable|spd|1\n|\n|upkeep\n|turn|22\n|\n|t:|1695164906\n|-terastallize|p1a: Clefable|Steel\n|move|p2a: Munkidori|Sludge Bomb|p1a: Clefable\n|-immune|p1a: Clefable\n|move|p1a: Clefable|Cosmic Power|p1a: Clefable\n|-boost|p1a: Clefable|def|1\n|-boost|p1a: Clefable|spd|1\n|\n|upkeep\n|turn|23\n|-message|Klutzykamakazi forfeited.\n|\n|win|Jrmoore896\n|raw|Jrmoore896's rating: 1313 &rarr; <strong>1338</strong><br />(+25 for winning)\n|raw|Klutzykamakazi's rating: 1405 &rarr; <strong>1380</strong><br />(-25 for losing)\n|l|\u2606Klutzykamakazi\n", "uploadtime": 1695164928, "views": 1, "p1id": "jrmoore896", "p2id": "klutzykamakazi", "formatid": "gen9ou", "rating": 1338, "private": 0, "password": ""}