{"id": "gen9ou-1947494892", "p1": "EVE09", "p2": "kingCR0C", "format": "gen9ou", "log": "|j|\u2606EVE09\n|j|\u2606kingCR0C\n|t:|1695166203\n|gametype|singles\n|player|p1|EVE09|169|1208\n|player|p2|kingCR0C|pokemaniac|1115\n|teamsize|p1|6\n|teamsize|p2|6\n|gen|9\n|tier|[Gen 9] OU\n|rated|\n|rule|Sleep Clause Mod: Limit one foe put to sleep\n|rule|Species Clause: Limit one of each Pok\u00e9mon\n|rule|OHKO Clause: OHKO moves are banned\n|rule|Evasion Items Clause: Evasion items are banned\n|rule|Evasion Moves Clause: Evasion moves are banned\n|rule|Endless Battle Clause: Forcing endless battles is banned\n|rule|HP Percentage Mod: HP is shown in percentages\n|clearpoke\n|poke|p1|Hatterene, F|\n|poke|p1|Cresselia, F|\n|poke|p1|Ursaluna, M|\n|poke|p1|Torkoal, F|\n|poke|p1|Camerupt, M|\n|poke|p1|Dusclops, F|\n|poke|p2|Gholdengo|\n|poke|p2|Great Tusk|\n|poke|p2|Dragapult, F|\n|poke|p2|Yanmega, M|\n|poke|p2|Sneasler, M|\n|poke|p2|Illumise, F|\n|teampreview\n|inactive|Battle timer is ON: inactive players will automatically lose when time's up. (requested by kingCR0C)\n|\n|t:|1695166222\n|start\n|switch|p1a: Dusclops|Dusclops, F|100/100\n|switch|p2a: Yup|Illumise, F|100/100\n|-ability|p1a: Dusclops|Pressure\n|turn|1\n|\n|t:|1695166230\n|move|p2a: Yup|Substitute|p2a: Yup\n|-start|p2a: Yup|Substitute\n|-damage|p2a: Yup|76/100\n|move|p1a: Dusclops|Trick Room|p1a: Dusclops\n|-fieldstart|move: Trick Room|[of] p1a: Dusclops\n|\n|-heal|p2a: Yup|82/100|[from] item: Leftovers\n|upkeep\n|turn|2\n|\n|t:|1695166238\n|move|p2a: Yup|Encore|p1a: Dusclops\n|-start|p1a: Dusclops|Encore\n|move|p1a: Dusclops|Trick Room|p1a: Dusclops\n|-fieldend|move: Trick Room\n|\n|-heal|p2a: Yup|88/100|[from] item: Leftovers\n|upkeep\n|turn|3\n|\n|t:|1695166247\n|move|p2a: Yup|Metronome|p2a: Yup\n|move|p2a: Yup|Heat Crash|p1a: Dusclops|[from]move: Metronome\n|-damage|p1a: Dusclops|98/100\n|move|p1a: Dusclops|Trick Room|p1a: Dusclops\n|-fieldstart|move: Trick Room|[of] p1a: Dusclops\n|\n|-heal|p2a: Yup|93/100|[from] item: Leftovers\n|upkeep\n|turn|4\n|\n|t:|1695166262\n|switch|p1a: Ursaluna|Ursaluna, M|100/100\n|move|p2a: Yup|Metronome|p2a: Yup\n|move|p2a: Yup|Ice Shard|p1a: Ursaluna|[from]move: Metronome\n|-supereffective|p1a: Ursaluna\n|-damage|p1a: Ursaluna|93/100\n|\n|-heal|p2a: Yup|99/100|[from] item: Leftovers\n|-status|p1a: Ursaluna|brn|[from] item: Flame Orb\n|upkeep\n|turn|5\n|\n|t:|1695166278\n|move|p2a: Yup|Metronome|p2a: Yup\n|move|p2a: Yup|Quick Attack|p1a: Ursaluna|[from]move: Metronome\n|-damage|p1a: Ursaluna|90/100 brn\n|move|p1a: Ursaluna|Earthquake|p2a: Yup\n|-resisted|p2a: Yup\n|-end|p2a: Yup|Substitute\n|\n|-heal|p2a: Yup|100/100|[from] item: Leftovers\n|-damage|p1a: Ursaluna|84/100 brn|[from] brn\n|upkeep\n|turn|6\n|\n|t:|1695166291\n|move|p2a: Yup|Substitute|p2a: Yup\n|-start|p2a: Yup|Substitute\n|-damage|p2a: Yup|76/100\n|move|p1a: Ursaluna|Earthquake|p2a: Yup\n|-resisted|p2a: Yup\n|-end|p2a: Yup|Substitute\n|\n|-heal|p2a: Yup|82/100|[from] item: Leftovers\n|-damage|p1a: Ursaluna|78/100 brn|[from] brn\n|upkeep\n|turn|7\n|\n|t:|1695166319\n|switch|p1a: Dusclops|Dusclops, F|98/100\n|-ability|p1a: Dusclops|Pressure\n|move|p2a: Yup|Encore||[still]\n|-fail|p2a: Yup\n|\n|-heal|p2a: Yup|88/100|[from] item: Leftovers\n|-fieldend|move: Trick Room\n|upkeep\n|turn|8\n|\n|t:|1695166330\n|move|p2a: Yup|Substitute|p2a: Yup\n|-start|p2a: Yup|Substitute\n|-damage|p2a: Yup|63/100\n|move|p1a: Dusclops|Curse|p2a: Yup\n|-start|p2a: Yup|Curse|[of] p1a: Dusclops\n|-damage|p1a: Dusclops|48/100\n|\n|-heal|p2a: Yup|69/100|[from] item: Leftovers\n|-damage|p2a: Yup|44/100|[from] Curse\n|upkeep\n|turn|9\n|\n|t:|1695166340\n|move|p2a: Yup|Encore|p1a: Dusclops\n|-start|p1a: Dusclops|Encore\n|move|p1a: Dusclops|Curse||[still]\n|-fail|p1a: Dusclops\n|\n|-heal|p2a: Yup|50/100|[from] item: Leftovers\n|-damage|p2a: Yup|25/100|[from] Curse\n|upkeep\n|turn|10\n|\n|t:|1695166350\n|move|p2a: Yup|Wish|p2a: Yup\n|move|p1a: Dusclops|Curse||[still]\n|-fail|p1a: Dusclops\n|\n|-heal|p2a: Yup|31/100|[from] item: Leftovers\n|-damage|p2a: Yup|6/100|[from] Curse\n|upkeep\n|turn|11\n|\n|t:|1695166361\n|move|p2a: Yup|Metronome|p2a: Yup\n|move|p2a: Yup|Magic Room|p2a: Yup|[from]move: Metronome\n|-fieldstart|move: Magic Room|[of] p2a: Yup\n|move|p1a: Dusclops|Curse||[still]\n|-fail|p1a: Dusclops\n|\n|-heal|p2a: Yup|56/100|[from] move: Wish|[wisher] Yup\n|-damage|p2a: Yup|31/100|[from] Curse\n|-end|p1a: Dusclops|Encore\n|upkeep\n|turn|12\n|\n|t:|1695166374\n|move|p2a: Yup|Metronome|p2a: Yup\n|move|p2a: Yup|Memento|p1a: Dusclops|[from]move: Metronome\n|-unboost|p1a: Dusclops|atk|2\n|-unboost|p1a: Dusclops|spa|2\n|faint|p2a: Yup\n|move|p1a: Dusclops|Trick Room|p1a: Dusclops\n|-fieldstart|move: Trick Room|[of] p1a: Dusclops\n|\n|upkeep\n|\n|t:|1695166394\n|switch|p2a: Lefromagetrorigolo|Gholdengo|100/100\n|turn|13\n|\n|t:|1695166401\n|move|p1a: Dusclops|Curse|p2a: Lefromagetrorigolo\n|-immune|p2a: Lefromagetrorigolo|[from] ability: Good as Gold\n|move|p2a: Lefromagetrorigolo|Shadow Ball|p1a: Dusclops\n|-supereffective|p1a: Dusclops\n|-damage|p1a: Dusclops|0 fnt\n|faint|p1a: Dusclops\n|\n|upkeep\n|\n|t:|1695166408\n|switch|p1a: Ursaluna|Ursaluna, M|78/100 brn\n|turn|14\n|\n|t:|1695166419\n|switch|p2a: Cool bug|Yanmega, M, shiny|100/100\n|move|p1a: Ursaluna|Earthquake|p2a: Cool bug\n|-immune|p2a: Cool bug\n|\n|-damage|p1a: Ursaluna|72/100 brn|[from] brn\n|upkeep\n|turn|15\n|\n|t:|1695166428\n|move|p2a: Cool bug|Protect|p2a: Cool bug\n|-singleturn|p2a: Cool bug|Protect\n|move|p1a: Ursaluna|Thunder Punch|p2a: Cool bug\n|-activate|p2a: Cool bug|move: Protect\n|\n|-damage|p1a: Ursaluna|66/100 brn|[from] brn\n|-fieldend|move: Magic Room|[of] p2: Yup\n|-ability|p2a: Cool bug|Speed Boost|boost\n|-boost|p2a: Cool bug|spe|1\n|upkeep\n|turn|16\n|\n|t:|1695166439\n|switch|p2a: Nu uh|Dragapult, F|100/100\n|move|p1a: Ursaluna|Facade|p2a: Nu uh\n|-immune|p2a: Nu uh\n|\n|-damage|p1a: Ursaluna|60/100 brn|[from] brn\n|-fieldend|move: Trick Room\n|upkeep\n|turn|17\n|\n|t:|1695166450\n|switch|p1a: Hatterene|Hatterene, F|100/100\n|move|p2a: Nu uh|Reflect|p2a: Nu uh\n|-sidestart|p2: kingCR0C|Reflect\n|\n|upkeep\n|turn|18\n|\n|t:|1695166458\n|move|p2a: Nu uh|Light Screen|p2a: Nu uh\n|-sidestart|p2: kingCR0C|move: Light Screen\n|move|p1a: Hatterene|Trick Room|p1a: Hatterene\n|-fieldstart|move: Trick Room|[of] p1a: Hatterene\n|\n|upkeep\n|turn|19\n|\n|t:|1695166467\n|switch|p1a: Torkoal|Torkoal, F|100/100\n|-weather|SunnyDay|[from] ability: Drought|[of] p1a: Torkoal\n|move|p2a: Nu uh|Curse|p1a: Torkoal\n|-start|p1a: Torkoal|Curse|[of] p2a: Nu uh\n|-damage|p2a: Nu uh|51/100\n|\n|-weather|SunnyDay|[upkeep]\n|-damage|p1a: Torkoal|76/100|[from] Curse\n|upkeep\n|turn|20\n|\n|t:|1695166481\n|switch|p1a: Camerupt|Camerupt, M|100/100\n|move|p2a: Nu uh|Dragon Darts|p1a: Camerupt\n|-damage|p1a: Camerupt|72/100\n|-anim|p2a: Nu uh|Dragon Darts|p1a: Camerupt\n|-crit|p1a: Camerupt\n|-damage|p1a: Camerupt|23/100\n|\n|-weather|SunnyDay|[upkeep]\n|upkeep\n|turn|21\n|\n|t:|1695166491\n|move|p1a: Camerupt|Fire Blast|p2a: Nu uh\n|-resisted|p2a: Nu uh\n|-damage|p2a: Nu uh|21/100\n|move|p2a: Nu uh|Dragon Darts|p1a: Camerupt\n|-damage|p1a: Camerupt|0 fnt\n|faint|p1a: Camerupt\n|\n|-weather|SunnyDay|[upkeep]\n|upkeep\n|\n|t:|1695166507\n|switch|p1a: Torkoal|Torkoal, F|76/100\n|turn|22\n|\n|t:|1695166514\n|move|p1a: Torkoal|Eruption|p2a: Nu uh\n|-resisted|p2a: Nu uh\n|-damage|p2a: Nu uh|0 fnt\n|faint|p2a: Nu uh\n|\n|-weather|SunnyDay|[upkeep]\n|-fieldend|move: Trick Room\n|upkeep\n|\n|t:|1695166529\n|switch|p2a: Sneasler|Sneasler, M|100/100\n|turn|23\n|\n|t:|1695166536\n|move|p2a: Sneasler|Dire Claw|p1a: Torkoal\n|-crit|p1a: Torkoal\n|-damage|p1a: Torkoal|21/100\n|-status|p1a: Torkoal|slp\n|cant|p1a: Torkoal|slp\n|\n|-weather|none\n|upkeep\n|turn|24\n|\n|t:|1695166545\n|switch|p1a: Cresselia|Cresselia, F|100/100\n|move|p2a: Sneasler|Swords Dance|p2a: Sneasler\n|-boost|p2a: Sneasler|atk|2\n|\n|-sideend|p2: kingCR0C|Reflect\n|upkeep\n|turn|25\n|\n|t:|1695166552\n|move|p2a: Sneasler|Fling|p1a: Cresselia\n|-supereffective|p1a: Cresselia\n|-damage|p1a: Cresselia|0 fnt\n|-enditem|p2a: Sneasler|Big Nugget|[from] move: Fling\n|faint|p1a: Cresselia\n|\n|-sideend|p2: kingCR0C|move: Light Screen\n|upkeep\n|\n|t:|1695166560\n|switch|p1a: Hatterene|Hatterene, F|100/100\n|turn|26\n|\n|t:|1695166563\n|move|p2a: Sneasler|Dire Claw|p1a: Hatterene\n|-supereffective|p1a: Hatterene\n|-enditem|p1a: Hatterene|Focus Sash\n|-damage|p1a: Hatterene|1/100\n|move|p1a: Hatterene|Trick Room|p1a: Hatterene\n|-fieldstart|move: Trick Room|[of] p1a: Hatterene\n|\n|upkeep\n|turn|27\n|\n|t:|1695166574\n|move|p1a: Hatterene|Healing Wish|p1a: Hatterene\n|faint|p1a: Hatterene\n|move|p2a: Sneasler|Dire Claw|p1: Hatterene|[notarget]\n|-fail|p2a: Sneasler\n|\n|upkeep\n|\n|t:|1695166577\n|switch|p1a: Torkoal|Torkoal, F|21/100 slp\n|-heal|p1a: Torkoal|100/100|[from] move: Healing Wish\n|-weather|SunnyDay|[from] ability: Drought|[of] p1a: Torkoal\n|turn|28\n|\n|t:|1695166588\n|move|p1a: Torkoal|Eruption|p2a: Sneasler\n|-damage|p2a: Sneasler|0 fnt\n|faint|p2a: Sneasler\n|\n|-weather|SunnyDay|[upkeep]\n|upkeep\n|\n|t:|1695166602\n|switch|p2a: Cool bug|Yanmega, M, shiny|100/100\n|turn|29\n|\n|t:|1695166608\n|move|p2a: Cool bug|Protect|p2a: Cool bug\n|-singleturn|p2a: Cool bug|Protect\n|move|p1a: Torkoal|Overheat|p2a: Cool bug\n|-activate|p2a: Cool bug|move: Protect\n|\n|-weather|SunnyDay|[upkeep]\n|-ability|p2a: Cool bug|Speed Boost|boost\n|-boost|p2a: Cool bug|spe|1\n|upkeep\n|turn|30\n|\n|t:|1695166623\n|switch|p2a: Buhmburghur|Great Tusk|100/100\n|-activate|p2a: Buhmburghur|ability: Protosynthesis\n|-start|p2a: Buhmburghur|protosynthesisatk\n|move|p1a: Torkoal|Eruption|p2a: Buhmburghur\n|-damage|p2a: Buhmburghur|0 fnt\n|faint|p2a: Buhmburghur\n|-end|p2a: Buhmburghur|Protosynthesis|[silent]\n|\n|-weather|SunnyDay|[upkeep]\n|-fieldend|move: Trick Room\n|upkeep\n|\n|t:|1695166636\n|switch|p2a: Lefromagetrorigolo|Gholdengo|100/100\n|turn|31\n|\n|t:|1695166650\n|-terastallize|p2a: Lefromagetrorigolo|Flying\n|move|p2a: Lefromagetrorigolo|Thunder Wave|p1a: Torkoal\n|-status|p1a: Torkoal|par\n|move|p1a: Torkoal|Overheat|p2a: Lefromagetrorigolo\n|-damage|p2a: Lefromagetrorigolo|11/100\n|-unboost|p1a: Torkoal|spa|2\n|-enditem|p1a: Torkoal|Eject Pack\n|\n|t:|1695166658\n|switch|p1a: Ursaluna|Ursaluna, M|60/100 brn\n|\n|-weather|SunnyDay|[upkeep]\n|-heal|p2a: Lefromagetrorigolo|17/100|[from] item: Leftovers\n|-damage|p1a: Ursaluna|54/100 brn|[from] brn\n|upkeep\n|turn|32\n|\n|t:|1695166666\n|move|p2a: Lefromagetrorigolo|Make It Rain|p1a: Ursaluna\n|-damage|p1a: Ursaluna|9/100 brn\n|-unboost|p2a: Lefromagetrorigolo|spa|1\n|move|p1a: Ursaluna|Thunder Punch|p2a: Lefromagetrorigolo\n|-supereffective|p2a: Lefromagetrorigolo\n|-damage|p2a: Lefromagetrorigolo|0 fnt\n|faint|p2a: Lefromagetrorigolo\n|\n|-weather|none\n|-damage|p1a: Ursaluna|3/100 brn|[from] brn\n|upkeep\n|\n|t:|1695166678\n|switch|p2a: Cool bug|Yanmega, M, shiny|100/100\n|turn|33\n|\n|t:|1695166686\n|move|p2a: Cool bug|Giga Drain|p1a: Ursaluna\n|-supereffective|p1a: Ursaluna\n|-damage|p1a: Ursaluna|0 fnt\n|faint|p1a: Ursaluna\n|\n|-ability|p2a: Cool bug|Speed Boost|boost\n|-boost|p2a: Cool bug|spe|1\n|upkeep\n|\n|t:|1695166689\n|switch|p1a: Torkoal|Torkoal, F|100/100 par\n|-weather|SunnyDay|[from] ability: Drought|[of] p1a: Torkoal\n|turn|34\n|\n|t:|1695166696\n|move|p2a: Cool bug|Air Slash|p1a: Torkoal\n|-damage|p1a: Torkoal|49/100 par\n|move|p1a: Torkoal|Overheat|p2a: Cool bug\n|-supereffective|p2a: Cool bug\n|-damage|p2a: Cool bug|0 fnt\n|-unboost|p1a: Torkoal|spa|2\n|faint|p2a: Cool bug\n|\n|win|EVE09\n|raw|EVE09's rating: 1208 &rarr; <strong>1226</strong><br />(+18 for winning)\n|raw|kingCR0C's rating: 1115 &rarr; <strong>1097</strong><br />(-18 for losing)\n", "uploadtime": 1695166703, "views": 1, "p1id": "eve09", "p2id": "kingcr0c", "formatid": "gen9ou", "rating": 1097, "private": 0, "password": ""}