{"id": "gen9ou-1947494603", "p1": "DailyL", "p2": "tempin hamabost", "format": "gen9ou", "log": "|j|\u2606DailyL\n|j|\u2606tempin hamabost\n|t:|1695166173\n|gametype|singles\n|player|p1|DailyL|harlequin|1254\n|player|p2|tempin hamabost|1|1260\n|teamsize|p1|6\n|teamsize|p2|6\n|gen|9\n|tier|[Gen 9] OU\n|rated|\n|rule|Sleep Clause Mod: Limit one foe put to sleep\n|rule|Species Clause: Limit one of each Pok\u00e9mon\n|rule|OHKO Clause: OHKO moves are banned\n|rule|Evasion Items Clause: Evasion items are banned\n|rule|Evasion Moves Clause: Evasion moves are banned\n|rule|Endless Battle Clause: Forcing endless battles is banned\n|rule|HP Percentage Mod: HP is shown in percentages\n|clearpoke\n|poke|p1|Ogerpon, F|\n|poke|p1|Iron Moth|\n|poke|p1|Landorus-Therian, M|\n|poke|p1|Azumarill, F|\n|poke|p1|Mandibuzz, F|\n|poke|p1|Jirachi|\n|poke|p2|Torkoal, M|\n|poke|p2|Walking Wake|\n|poke|p2|Sneasler, M|\n|poke|p2|Iron Valiant|\n|poke|p2|Zoroark-Hisui, F|\n|poke|p2|Kingambit, M|\n|teampreview\n|\n|t:|1695166196\n|start\n|switch|p1a: Landorus|Landorus-Therian, M|100/100\n|switch|p2a: Sneasler|Sneasler, M|100/100\n|-ability|p1a: Landorus|Intimidate|boost\n|-unboost|p2a: Sneasler|atk|1\n|turn|1\n|\n|t:|1695166212\n|switch|p2a: Torkoal|Torkoal, M, shiny|100/100\n|-weather|SunnyDay|[from] ability: Drought|[of] p2a: Torkoal\n|switch|p1a: Azumarill|Azumarill, F|100/100\n|\n|-weather|SunnyDay|[upkeep]\n|upkeep\n|turn|2\n|\n|t:|1695166222\n|switch|p2a: Walking Wake|Walking Wake|100/100\n|-activate|p2a: Walking Wake|ability: Protosynthesis\n|-start|p2a: Walking Wake|protosynthesisspa\n|move|p1a: Azumarill|Play Rough|p2a: Walking Wake\n|-supereffective|p2a: Walking Wake\n|-damage|p2a: Walking Wake|0 fnt\n|faint|p2a: Walking Wake\n|-end|p2a: Walking Wake|Protosynthesis|[silent]\n|\n|-weather|SunnyDay|[upkeep]\n|upkeep\n|c|\u2606tempin hamabost|gg\n|c|\u2606DailyL|!\n|\n|t:|1695166233\n|switch|p2a: Sneasler|Sneasler, M|100/100\n|turn|3\n|\n|t:|1695166239\n|switch|p1a: Landorus|Landorus-Therian, M|100/100\n|-ability|p1a: Landorus|Intimidate|boost\n|-unboost|p2a: Sneasler|atk|1\n|-enditem|p2a: Sneasler|White Herb\n|-clearnegativeboost|p2a: Sneasler|[silent]\n|move|p2a: Sneasler|Dire Claw|p1a: Landorus\n|-resisted|p1a: Landorus\n|-crit|p1a: Landorus\n|-damage|p1a: Landorus|57/100\n|\n|-weather|SunnyDay|[upkeep]\n|-heal|p1a: Landorus|63/100|[from] item: Leftovers\n|upkeep\n|turn|4\n|\n|t:|1695166251\n|switch|p1a: Mandibuzz|Mandibuzz, F|100/100\n|move|p2a: Sneasler|Dire Claw|p1a: Mandibuzz\n|-damage|p1a: Mandibuzz|74/100\n|\n|-weather|SunnyDay|[upkeep]\n|upkeep\n|turn|5\n|\n|t:|1695166257\n|move|p2a: Sneasler|Dire Claw|p1a: Mandibuzz\n|-damage|p1a: Mandibuzz|47/100\n|move|p1a: Mandibuzz|U-turn|p2a: Sneasler\n|-resisted|p2a: Sneasler\n|-damage|p2a: Sneasler|96/100\n|\n|t:|1695166260\n|switch|p1a: Landorus|Landorus-Therian, M|63/100|[from] U-turn\n|-ability|p1a: Landorus|Intimidate|boost\n|-unboost|p2a: Sneasler|atk|1\n|\n|-weather|SunnyDay|[upkeep]\n|-heal|p1a: Landorus|69/100|[from] item: Leftovers\n|upkeep\n|turn|6\n|\n|t:|1695166268\n|move|p2a: Sneasler|Dire Claw|p1a: Landorus\n|-resisted|p1a: Landorus\n|-damage|p1a: Landorus|53/100\n|-status|p1a: Landorus|psn\n|move|p1a: Landorus|Stealth Rock|p2a: Sneasler\n|-sidestart|p2: tempin hamabost|move: Stealth Rock\n|\n|-weather|SunnyDay|[upkeep]\n|-heal|p1a: Landorus|59/100 psn|[from] item: Leftovers\n|-damage|p1a: Landorus|47/100 psn|[from] psn\n|upkeep\n|turn|7\n|\n|t:|1695166277\n|switch|p1a: Jirachi|Jirachi|100/100\n|move|p2a: Sneasler|Swords Dance|p2a: Sneasler\n|-boost|p2a: Sneasler|atk|2\n|\n|-weather|SunnyDay|[upkeep]\n|upkeep\n|turn|8\n|\n|t:|1695166294\n|-terastallize|p1a: Jirachi|Bug\n|move|p2a: Sneasler|Close Combat|p1a: Jirachi\n|-resisted|p1a: Jirachi\n|-damage|p1a: Jirachi|61/100\n|-unboost|p2a: Sneasler|def|1\n|-unboost|p2a: Sneasler|spd|1\n|move|p1a: Jirachi|Thunder Wave|p2a: Sneasler\n|-status|p2a: Sneasler|par\n|\n|-weather|none\n|-heal|p1a: Jirachi|67/100|[from] item: Leftovers\n|upkeep\n|turn|9\n|\n|t:|1695166305\n|move|p2a: Sneasler|Acrobatics|p1a: Jirachi\n|-supereffective|p1a: Jirachi\n|-damage|p1a: Jirachi|0 fnt\n|faint|p1a: Jirachi\n|\n|upkeep\n|\n|t:|1695166309\n|switch|p1a: Mandibuzz|Mandibuzz, F|47/100\n|turn|10\n|\n|t:|1695166317\n|move|p2a: Sneasler|Dire Claw|p1a: Mandibuzz\n|-damage|p1a: Mandibuzz|6/100\n|-status|p1a: Mandibuzz|psn\n|move|p1a: Mandibuzz|Foul Play|p2a: Sneasler\n|-resisted|p2a: Sneasler\n|-damage|p2a: Sneasler|0 fnt\n|faint|p2a: Sneasler\n|\n|-damage|p1a: Mandibuzz|0 fnt|[from] psn\n|faint|p1a: Mandibuzz\n|upkeep\n|\n|t:|1695166329\n|switch|p2a: Torkoal|Torkoal, M, shiny|100/100\n|switch|p1a: Azumarill|Azumarill, F|100/100\n|-damage|p2a: Torkoal|75/100|[from] Stealth Rock\n|-weather|SunnyDay|[from] ability: Drought|[of] p2a: Torkoal\n|turn|11\n|\n|t:|1695166336\n|move|p1a: Azumarill|Liquidation|p2a: Torkoal\n|-supereffective|p2a: Torkoal\n|-damage|p2a: Torkoal|42/100\n|-unboost|p2a: Torkoal|def|1\n|move|p2a: Torkoal|Rapid Spin|p1a: Azumarill\n|-damage|p1a: Azumarill|88/100\n|-boost|p2a: Torkoal|spe|1\n|-sideend|p2: tempin hamabost|Stealth Rock|[from] move: Rapid Spin|[of] p2a: Torkoal\n|\n|-weather|SunnyDay|[upkeep]\n|upkeep\n|turn|12\n|\n|t:|1695166345\n|move|p1a: Azumarill|Liquidation|p2a: Torkoal\n|-supereffective|p2a: Torkoal\n|-damage|p2a: Torkoal|0 fnt\n|faint|p2a: Torkoal\n|\n|-weather|SunnyDay|[upkeep]\n|upkeep\n|\n|t:|1695166361\n|switch|p2a: Iron Valiant|Iron Valiant|100/100\n|turn|13\n|\n|t:|1695166370\n|move|p2a: Iron Valiant|Shadow Ball|p1a: Azumarill\n|-damage|p1a: Azumarill|57/100\n|move|p1a: Azumarill|Play Rough|p2a: Iron Valiant\n|-damage|p2a: Iron Valiant|0 fnt\n|replace|p2a: Zoroark|Zoroark-Hisui, F, shiny\n|-end|p2a: Zoroark|Illusion\n|faint|p2a: Zoroark\n|\n|-weather|SunnyDay|[upkeep]\n|upkeep\n|\n|t:|1695166381\n|switch|p2a: Iron Valiant|Iron Valiant|100/100\n|-enditem|p2a: Iron Valiant|Booster Energy\n|-activate|p2a: Iron Valiant|ability: Quark Drive|[fromitem]\n|-start|p2a: Iron Valiant|quarkdrivespe\n|turn|14\n|\n|t:|1695166389\n|move|p2a: Iron Valiant|Spirit Break|p1a: Azumarill\n|-damage|p1a: Azumarill|14/100\n|-unboost|p1a: Azumarill|spa|1\n|move|p1a: Azumarill|Play Rough|p2a: Iron Valiant|[miss]\n|-miss|p1a: Azumarill|p2a: Iron Valiant\n|\n|-weather|SunnyDay|[upkeep]\n|upkeep\n|turn|15\n|\n|t:|1695166396\n|move|p1a: Azumarill|Aqua Jet|p2a: Iron Valiant\n|-damage|p2a: Iron Valiant|84/100\n|move|p2a: Iron Valiant|Spirit Break|p1a: Azumarill\n|-damage|p1a: Azumarill|0 fnt\n|faint|p1a: Azumarill\n|\n|-weather|SunnyDay|[upkeep]\n|upkeep\n|\n|t:|1695166399\n|switch|p1a: Iron Moth|Iron Moth|100/100\n|-enditem|p1a: Iron Moth|Booster Energy\n|-activate|p1a: Iron Moth|ability: Quark Drive|[fromitem]\n|-start|p1a: Iron Moth|quarkdrivespe\n|turn|16\n|\n|t:|1695166407\n|move|p2a: Iron Valiant|Psycho Cut|p1a: Iron Moth\n|-supereffective|p1a: Iron Moth\n|-damage|p1a: Iron Moth|30/100\n|move|p1a: Iron Moth|Fiery Dance|p2a: Iron Valiant\n|-damage|p2a: Iron Valiant|0 fnt\n|-boost|p1a: Iron Moth|spa|1\n|faint|p2a: Iron Valiant\n|-end|p2a: Iron Valiant|Quark Drive|[silent]\n|\n|-weather|SunnyDay|[upkeep]\n|upkeep\n|\n|t:|1695166416\n|switch|p2a: Kingambit|Kingambit, M|100/100\n|-activate|p2a: Kingambit|ability: Supreme Overlord\n|-start|p2a: Kingambit|fallen5|[silent]\n|turn|17\n|\n|t:|1695166430\n|-end|p1a: Iron Moth|Quark Drive|[silent]\n|switch|p1a: Landorus|Landorus-Therian, M|47/100 psn\n|-ability|p1a: Landorus|Intimidate|boost\n|-unboost|p2a: Kingambit|atk|1\n|move|p2a: Kingambit|Sucker Punch||[still]\n|-fail|p2a: Kingambit\n|\n|-weather|SunnyDay|[upkeep]\n|-heal|p1a: Landorus|53/100 psn|[from] item: Leftovers\n|-damage|p1a: Landorus|40/100 psn|[from] psn\n|upkeep\n|turn|18\n|\n|t:|1695166443\n|move|p1a: Landorus|Earthquake|p2a: Kingambit\n|-supereffective|p2a: Kingambit\n|-damage|p2a: Kingambit|19/100\n|move|p2a: Kingambit|Swords Dance|p2a: Kingambit\n|-boost|p2a: Kingambit|atk|2\n|\n|-weather|none\n|-heal|p1a: Landorus|46/100 psn|[from] item: Leftovers\n|-damage|p1a: Landorus|34/100 psn|[from] psn\n|upkeep\n|turn|19\n|\n|t:|1695166452\n|switch|p1a: Iron Moth|Iron Moth|30/100\n|move|p2a: Kingambit|Sucker Punch||[still]\n|-fail|p2a: Kingambit\n|\n|upkeep\n|turn|20\n|\n|t:|1695166460\n|move|p2a: Kingambit|Sucker Punch|p1a: Iron Moth\n|-damage|p1a: Iron Moth|0 fnt\n|faint|p1a: Iron Moth\n|-end|p1a: Iron Moth|Quark Drive|[silent]\n|\n|upkeep\n|\n|t:|1695166462\n|switch|p1a: Landorus|Landorus-Therian, M|34/100 psn\n|-ability|p1a: Landorus|Intimidate|boost\n|-unboost|p2a: Kingambit|atk|1\n|turn|21\n|c|\u2606tempin hamabost|you change or attack. That is the question\n|\n|t:|1695166528\n|move|p1a: Landorus|Earthquake|p2a: Kingambit\n|-supereffective|p2a: Kingambit\n|-damage|p2a: Kingambit|0 fnt\n|faint|p2a: Kingambit\n|-end|p2a: Kingambit|fallen5|[silent]\n|\n|win|DailyL\n|raw|DailyL's rating: 1254 &rarr; <strong>1279</strong><br />(+25 for winning)\n|raw|tempin hamabost's rating: 1260 &rarr; <strong>1235</strong><br />(-25 for losing)\n|c|\u2606DailyL|there is not a 50/50 i only have 1 option\n", "uploadtime": 1695166543, "views": 2, "p1id": "dailyl", "p2id": "tempinhamabost", "formatid": "gen9ou", "rating": 1235, "private": 0, "password": ""}