{"id": "gen9ou-1947538150", "p1": "edy4g", "p2": "Twippin", "format": "gen9ou", "log": "|j|\u2606edy4g\n|j|\u2606Twippin\n|t:|1695170479\n|gametype|singles\n|player|p1|edy4g|266|1178\n|player|p2|Twippin|yellow|1083\n|teamsize|p1|6\n|teamsize|p2|6\n|gen|9\n|tier|[Gen 9] OU\n|rated|\n|rule|Sleep Clause Mod: Limit one foe put to sleep\n|rule|Species Clause: Limit one of each Pok\u00e9mon\n|rule|OHKO Clause: OHKO moves are banned\n|rule|Evasion Items Clause: Evasion items are banned\n|rule|Evasion Moves Clause: Evasion moves are banned\n|rule|Endless Battle Clause: Forcing endless battles is banned\n|rule|HP Percentage Mod: HP is shown in percentages\n|clearpoke\n|poke|p1|Lokix, M|\n|poke|p1|Quaquaval, M|\n|poke|p1|Gholdengo|\n|poke|p1|Corviknight, F|\n|poke|p1|Ogerpon-Hearthflame, F|\n|poke|p1|Rillaboom, F|\n|poke|p2|Rillaboom, F|\n|poke|p2|Ogerpon, F|\n|poke|p2|Empoleon, F|\n|poke|p2|Moltres|\n|poke|p2|Ribombee, M|\n|poke|p2|Sneasler, F|\n|teampreview\n|inactive|Battle timer is ON: inactive players will automatically lose when time's up. (requested by edy4g)\n|\n|t:|1695170511\n|start\n|switch|p1a: Rillaboom|Rillaboom, F|100/100\n|switch|p2a: Ribombee|Ribombee, M|100/100\n|-fieldstart|move: Grassy Terrain|[from] ability: Grassy Surge|[of] p1a: Rillaboom\n|turn|1\n|\n|t:|1695170519\n|move|p2a: Ribombee|Sticky Web|p1a: Rillaboom\n|-sidestart|p1: edy4g|move: Sticky Web\n|move|p1a: Rillaboom|Knock Off|p2a: Ribombee\n|-resisted|p2a: Ribombee\n|-damage|p2a: Ribombee|70/100\n|-enditem|p2a: Ribombee|Focus Sash|[from] move: Knock Off|[of] p1a: Rillaboom\n|\n|-heal|p2a: Ribombee|76/100|[from] Grassy Terrain\n|upkeep\n|turn|2\n|\n|t:|1695170526\n|move|p2a: Ribombee|Tailwind|p2a: Ribombee\n|-sidestart|p2: Twippin|move: Tailwind\n|move|p1a: Rillaboom|U-turn|p2a: Ribombee\n|-resisted|p2a: Ribombee\n|-damage|p2a: Ribombee|55/100\n|\n|t:|1695170531\n|switch|p1a: Chapul\u00edn|Lokix, M, shiny|100/100|[from] U-turn\n|-activate|p1a: Chapul\u00edn|move: Sticky Web\n|-unboost|p1a: Chapul\u00edn|spe|1\n|\n|-heal|p2a: Ribombee|61/100|[from] Grassy Terrain\n|upkeep\n|turn|3\n|\n|t:|1695170538\n|move|p1a: Chapul\u00edn|First Impression|p2a: Ribombee\n|-resisted|p2a: Ribombee\n|-damage|p2a: Ribombee|0 fnt\n|faint|p2a: Ribombee\n|\n|upkeep\n|\n|t:|1695170542\n|switch|p2a: Sneasler|Sneasler, F|100/100\n|-item|p2a: Sneasler|Air Balloon\n|turn|4\n|\n|t:|1695170550\n|switch|p1a: Corviknight|Corviknight, F|100/100\n|-ability|p1a: Corviknight|Pressure\n|move|p2a: Sneasler|Swords Dance|p2a: Sneasler\n|-boost|p2a: Sneasler|atk|2\n|\n|upkeep\n|turn|5\n|\n|t:|1695170568\n|move|p2a: Sneasler|Close Combat|p1a: Corviknight\n|-damage|p1a: Corviknight|18/100\n|-unboost|p2a: Sneasler|def|1\n|-unboost|p2a: Sneasler|spd|1\n|-damage|p2a: Sneasler|84/100|[from] item: Rocky Helmet|[of] p1a: Corviknight\n|move|p1a: Corviknight|Defog|p2a: Sneasler\n|-unboost|p2a: Sneasler|evasion|1\n|-sideend|p1: edy4g|Sticky Web|[from] move: Defog|[of] p1a: Corviknight\n|-fieldend|move: Grassy Terrain\n|\n|-sideend|p2: Twippin|move: Tailwind\n|upkeep\n|turn|6\n|\n|t:|1695170584\n|move|p2a: Sneasler|Close Combat|p1a: Corviknight\n|-damage|p1a: Corviknight|0 fnt\n|-unboost|p2a: Sneasler|def|1\n|-unboost|p2a: Sneasler|spd|1\n|-damage|p2a: Sneasler|67/100|[from] item: Rocky Helmet|[of] p1a: Corviknight\n|faint|p1a: Corviknight\n|\n|upkeep\n|\n|t:|1695170592\n|switch|p1a: Chapul\u00edn|Lokix, M, shiny|100/100\n|turn|7\n|\n|t:|1695170601\n|-terastallize|p1a: Chapul\u00edn|Bug\n|move|p1a: Chapul\u00edn|First Impression|p2a: Sneasler\n|-resisted|p2a: Sneasler\n|-damage|p2a: Sneasler|0 fnt\n|-enditem|p2a: Sneasler|Air Balloon\n|faint|p2a: Sneasler\n|\n|upkeep\n|\n|t:|1695170614\n|switch|p2a: Moltres|Moltres|100/100\n|turn|8\n|\n|t:|1695170624\n|switch|p1a: Rillaboom|Rillaboom, F|100/100\n|-fieldstart|move: Grassy Terrain|[from] ability: Grassy Surge|[of] p1a: Rillaboom\n|move|p2a: Moltres|Flamethrower|p1a: Rillaboom\n|-supereffective|p1a: Rillaboom\n|-damage|p1a: Rillaboom|0 fnt\n|faint|p1a: Rillaboom\n|\n|upkeep\n|\n|t:|1695170630\n|switch|p1a: Quaquaval|Quaquaval, M|100/100\n|turn|9\n|\n|t:|1695170634\n|move|p1a: Quaquaval|Aqua Step|p2a: Moltres\n|-supereffective|p2a: Moltres\n|-damage|p2a: Moltres|22/100\n|-boost|p1a: Quaquaval|spe|1\n|-status|p1a: Quaquaval|brn|[from] ability: Flame Body|[of] p2a: Moltres\n|move|p2a: Moltres|Hurricane|p1a: Quaquaval|[miss]\n|-miss|p2a: Moltres|p1a: Quaquaval\n|\n|-damage|p1a: Quaquaval|94/100 brn|[from] brn\n|upkeep\n|turn|10\n|\n|t:|1695170641\n|move|p1a: Quaquaval|Aqua Step|p2a: Moltres\n|-supereffective|p2a: Moltres\n|-damage|p2a: Moltres|0 fnt\n|-boost|p1a: Quaquaval|spe|1\n|faint|p2a: Moltres\n|-ability|p1a: Quaquaval|Moxie|boost\n|-boost|p1a: Quaquaval|atk|1\n|\n|-heal|p1a: Quaquaval|100/100 brn|[from] Grassy Terrain\n|-damage|p1a: Quaquaval|94/100 brn|[from] brn\n|upkeep\n|\n|t:|1695170646\n|switch|p2a: Rillaboom|Rillaboom, F|100/100\n|turn|11\n|\n|t:|1695170654\n|move|p2a: Rillaboom|Grassy Glide|p1a: Quaquaval\n|-supereffective|p1a: Quaquaval\n|-damage|p1a: Quaquaval|0 fnt\n|faint|p1a: Quaquaval\n|\n|upkeep\n|\n|t:|1695170658\n|switch|p1a: Chapul\u00edn|Lokix, M, shiny, tera:Bug|100/100\n|turn|12\n|\n|t:|1695170668\n|switch|p2a: Empoleon|Empoleon, F|100/100\n|move|p1a: Chapul\u00edn|First Impression|p2a: Empoleon\n|-resisted|p2a: Empoleon\n|-damage|p2a: Empoleon|14/100\n|\n|-heal|p2a: Empoleon|20/100|[from] Grassy Terrain\n|upkeep\n|turn|13\n|\n|t:|1695170676\n|switch|p1a: Gholdengo|Gholdengo|100/100\n|move|p2a: Empoleon|Yawn|p1a: Gholdengo\n|-immune|p1a: Gholdengo|[from] ability: Good as Gold\n|\n|-heal|p2a: Empoleon|26/100|[from] Grassy Terrain\n|upkeep\n|turn|14\n|\n|t:|1695170683\n|move|p1a: Gholdengo|Trick|p2a: Empoleon\n|-activate|p1a: Gholdengo|move: Trick|[of] p2a: Empoleon\n|-item|p2a: Empoleon|Choice Scarf|[from] move: Trick\n|-item|p1a: Gholdengo|Heavy-Duty Boots|[from] move: Trick\n|move|p2a: Empoleon|Knock Off|p1a: Gholdengo\n|-supereffective|p1a: Gholdengo\n|-damage|p1a: Gholdengo|59/100\n|-enditem|p1a: Gholdengo|Heavy-Duty Boots|[from] move: Knock Off|[of] p2a: Empoleon\n|\n|-heal|p1a: Gholdengo|65/100|[from] Grassy Terrain\n|-heal|p2a: Empoleon|32/100|[from] Grassy Terrain\n|upkeep\n|turn|15\n|\n|t:|1695170696\n|move|p1a: Gholdengo|Shadow Ball|p2a: Empoleon\n|-damage|p2a: Empoleon|3/100\n|move|p2a: Empoleon|Knock Off|p1a: Gholdengo\n|-supereffective|p1a: Gholdengo\n|-damage|p1a: Gholdengo|34/100\n|\n|-heal|p1a: Gholdengo|40/100|[from] Grassy Terrain\n|-heal|p2a: Empoleon|9/100|[from] Grassy Terrain\n|-fieldend|move: Grassy Terrain\n|upkeep\n|turn|16\n|\n|t:|1695170703\n|move|p1a: Gholdengo|Shadow Ball|p2a: Empoleon\n|-damage|p2a: Empoleon|0 fnt\n|faint|p2a: Empoleon\n|\n|upkeep\n|\n|t:|1695170706\n|switch|p2a: Ogerpon|Ogerpon, F|100/100\n|turn|17\n|\n|t:|1695170720\n|switch|p1a: Chapul\u00edn|Lokix, M, shiny, tera:Bug|100/100\n|-terastallize|p2a: Ogerpon|Grass\n|detailschange|p2a: Ogerpon|Ogerpon-Teal-Tera, F, tera:Grass\n|-ability|p2a: Ogerpon|Embody Aspect (Teal)|boost\n|-boost|p2a: Ogerpon|spe|1\n|move|p2a: Ogerpon|Stomping Tantrum|p1a: Chapul\u00edn\n|-resisted|p1a: Chapul\u00edn\n|-damage|p1a: Chapul\u00edn|71/100\n|\n|upkeep\n|turn|18\n|\n|t:|1695170730\n|switch|p2a: Rillaboom|Rillaboom, F|100/100\n|-fieldstart|move: Grassy Terrain|[from] ability: Grassy Surge|[of] p2a: Rillaboom\n|move|p1a: Chapul\u00edn|First Impression|p2a: Rillaboom\n|-supereffective|p2a: Rillaboom\n|-damage|p2a: Rillaboom|0 fnt\n|faint|p2a: Rillaboom\n|\n|-heal|p1a: Chapul\u00edn|77/100|[from] Grassy Terrain\n|upkeep\n|\n|t:|1695170736\n|switch|p2a: Ogerpon|Ogerpon-Teal-Tera, F, tera:Grass|100/100\n|-ability|p2a: Ogerpon|Embody Aspect (Teal)|boost\n|-boost|p2a: Ogerpon|spe|1\n|turn|19\n|\n|t:|1695170741\n|switch|p1a: Gholdengo|Gholdengo|40/100\n|move|p2a: Ogerpon|Ivy Cudgel|p1a: Gholdengo\n|-resisted|p1a: Gholdengo\n|-damage|p1a: Gholdengo|0 fnt\n|faint|p1a: Gholdengo\n|\n|upkeep\n|\n|t:|1695170743\n|switch|p1a: Chapul\u00edn|Lokix, M, shiny, tera:Bug|77/100\n|turn|20\n|\n|t:|1695170744\n|move|p1a: Chapul\u00edn|First Impression|p2a: Ogerpon\n|-supereffective|p2a: Ogerpon\n|-damage|p2a: Ogerpon|0 fnt\n|faint|p2a: Ogerpon\n|\n|win|edy4g\n|raw|edy4g's rating: 1178 &rarr; <strong>1196</strong><br />(+18 for winning)\n|raw|Twippin's rating: 1083 &rarr; <strong>1067</strong><br />(-16 for losing)\n|c|\u2606edy4g|gg\n|l|\u2606Twippin\n", "uploadtime": 1695170851, "views": 1, "p1id": "edy4g", "p2id": "twippin", "formatid": "gen9ou", "rating": 1067, "private": 0, "password": ""}