{"id": "gen9ou-1947520839", "p1": "Beeman1000", "p2": "Jocheeee", "format": "gen9ou", "log": "|j|\u2606Beeman1000\n|j|\u2606Jocheeee\n|t:|1695168767\n|gametype|singles\n|player|p1|Beeman1000|bugcatcher-gen4dp|1380\n|player|p2|Jocheeee|169|1444\n|teamsize|p1|6\n|teamsize|p2|6\n|gen|9\n|tier|[Gen 9] OU\n|rated|\n|rule|Sleep Clause Mod: Limit one foe put to sleep\n|rule|Species Clause: Limit one of each Pok\u00e9mon\n|rule|OHKO Clause: OHKO moves are banned\n|rule|Evasion Items Clause: Evasion items are banned\n|rule|Evasion Moves Clause: Evasion moves are banned\n|rule|Endless Battle Clause: Forcing endless battles is banned\n|rule|HP Percentage Mod: HP is shown in percentages\n|clearpoke\n|poke|p1|Cinderace, F|\n|poke|p1|Enamorus, F|\n|poke|p1|Great Tusk|\n|poke|p1|Roaring Moon|\n|poke|p1|Sneasler, M|\n|poke|p1|Zapdos|\n|poke|p2|Arcanine, M|\n|poke|p2|Dragapult, M|\n|poke|p2|Iron Valiant|\n|poke|p2|Corviknight, F|\n|poke|p2|Clodsire, F|\n|poke|p2|Great Tusk|\n|teampreview\n|j| stinkandy\n|l| stinkandy\n|\n|t:|1695168817\n|start\n|switch|p1a: Cinderace|Cinderace, F|100/100\n|switch|p2a: Iron Valiant|Iron Valiant|100/100\n|turn|1\n|\n|t:|1695168824\n|-end|p2a: Iron Valiant|Quark Drive|[silent]\n|switch|p2a: Arcanine|Arcanine, M|100/100\n|move|p1a: Cinderace|Will-O-Wisp|p2a: Arcanine\n|-start|p2a: Arcanine|ability: Flash Fire\n|\n|upkeep\n|turn|2\n|\n|t:|1695168831\n|move|p1a: Cinderace|U-turn|p2a: Arcanine\n|-resisted|p2a: Arcanine\n|-damage|p2a: Arcanine|86/100\n|\n|t:|1695168836\n|switch|p1a: Enamorus|Enamorus, F|100/100|[from] U-turn\n|move|p2a: Arcanine|Raging Fury|p1a: Enamorus\n|-damage|p1a: Enamorus|0 fnt\n|faint|p1a: Enamorus\n|\n|upkeep\n|\n|t:|1695168843\n|switch|p1a: Zapdos|Zapdos|100/100\n|turn|3\n|c|\u2606Beeman1000|!dex raging furt\nNo Pok\u00e9mon, item, move, ability or nature named 'raging furt' was found. Showing the data of 'Raging Fury' instead.\n|raw|<ul class=\"utilichart\"><li class=\"result\"><span class=\"col movenamecol\"><a href=\"https://dex.pokemonshowdown.com/moves/ragingfury\">Raging Fury</a></span> <span class=\"col typecol\"><img src=\"//play.pokemonshowdown.com/sprites/types/Fire.png\" alt=\"Fire\" width=\"32\" height=\"14\"><img src=\"//play.pokemonshowdown.com/sprites/categories/Physical.png\" alt=\"Physical\" width=\"32\" height=\"14\"></span> <span class=\"col labelcol\"><em>Power</em><br>120</span> <span class=\"col widelabelcol\"><em>Accuracy</em><br>100%</span> <span class=\"col pplabelcol\"><em>PP</em><br>16</span> <span class=\"col movedesccol\">Lasts 2-3 turns. Confuses the user afterwards.</span> </li><li style=\"clear:both\"></li></ul>\n\n|\n|t:|1695168857\n|move|p2a: Arcanine|Raging Fury|p1a: Zapdos|[from]lockedmove\n|-damage|p1a: Zapdos|10/100\n|move|p1a: Zapdos|Hurricane|p2a: Arcanine|[miss]\n|-miss|p1a: Zapdos|p2a: Arcanine\n|\n|upkeep\n|turn|4\n|\n|t:|1695168868\n|move|p2a: Arcanine|Raging Fury|p1a: Zapdos|[from]lockedmove\n|-damage|p1a: Zapdos|0 fnt\n|faint|p1a: Zapdos\n|-start|p2a: Arcanine|confusion|[fatigue]\n|\n|upkeep\n|\n|t:|1695168878\n|switch|p1a: Sneasler|Sneasler, M|100/100\n|turn|5\n|\n|t:|1695168891\n|-end|p2a: Arcanine|ability: Flash Fire|[silent]\n|switch|p2a: Corviknight|Corviknight, F|100/100\n|move|p1a: Sneasler|Fake Out|p2a: Corviknight\n|-resisted|p2a: Corviknight\n|-damage|p2a: Corviknight|96/100\n|\n|upkeep\n|turn|6\n|\n|t:|1695168898\n|move|p1a: Sneasler|U-turn|p2a: Corviknight\n|-resisted|p2a: Corviknight\n|-damage|p2a: Corviknight|93/100\n|\n|t:|1695168900\n|switch|p1a: Cinderace|Cinderace, F|100/100|[from] U-turn\n|move|p2a: Corviknight|Brave Bird|p1a: Cinderace\n|-damage|p1a: Cinderace|48/100\n|-damage|p2a: Corviknight|80/100|[from] Recoil\n|\n|upkeep\n|turn|7\n|\n|t:|1695168908\n|move|p1a: Cinderace|U-turn|p2a: Corviknight\n|-resisted|p2a: Corviknight\n|-damage|p2a: Corviknight|76/100\n|-damage|p1a: Cinderace|31/100|[from] item: Rocky Helmet|[of] p2a: Corviknight\n|\n|t:|1695168913\n|switch|p1a: Great Tusk|Great Tusk|100/100|[from] U-turn\n|move|p2a: Corviknight|U-turn|p1a: Great Tusk\n|-resisted|p1a: Great Tusk\n|-damage|p1a: Great Tusk|95/100\n|\n|t:|1695168925\n|switch|p2a: Iron Valiant|Iron Valiant|100/100|[from] U-turn\n|\n|upkeep\n|turn|8\n|\n|t:|1695168930\n|-terastallize|p1a: Great Tusk|Water\n|move|p2a: Iron Valiant|Moonblast|p1a: Great Tusk\n|-damage|p1a: Great Tusk|17/100\n|-unboost|p1a: Great Tusk|spa|1\n|-damage|p2a: Iron Valiant|91/100|[from] item: Life Orb\n|move|p1a: Great Tusk|Headlong Rush|p2a: Iron Valiant\n|-damage|p2a: Iron Valiant|15/100\n|-unboost|p1a: Great Tusk|def|1\n|-unboost|p1a: Great Tusk|spd|1\n|\n|upkeep\n|turn|9\n|\n|t:|1695168946\n|move|p2a: Iron Valiant|Close Combat|p1a: Great Tusk\n|-damage|p1a: Great Tusk|0 fnt\n|-unboost|p2a: Iron Valiant|def|1\n|-unboost|p2a: Iron Valiant|spd|1\n|faint|p1a: Great Tusk\n|-end|p1a: Great Tusk|Protosynthesis|[silent]\n|-damage|p2a: Iron Valiant|5/100|[from] item: Life Orb\n|\n|upkeep\n|\n|t:|1695168950\n|switch|p1a: Sneasler|Sneasler, M|100/100\n|turn|10\n|\n|t:|1695168956\n|-end|p2a: Iron Valiant|Quark Drive|[silent]\n|switch|p2a: Corviknight|Corviknight, F|76/100\n|move|p1a: Sneasler|U-turn|p2a: Corviknight\n|-resisted|p2a: Corviknight\n|-damage|p2a: Corviknight|73/100\n|\n|t:|1695168959\n|switch|p1a: Cinderace|Cinderace, F|31/100|[from] U-turn\n|\n|upkeep\n|turn|11\n|\n|t:|1695168972\n|switch|p2a: Arcanine|Arcanine, M|86/100\n|move|p1a: Cinderace|U-turn|p2a: Arcanine\n|-resisted|p2a: Arcanine\n|-damage|p2a: Arcanine|73/100\n|\n|t:|1695168976\n|switch|p1a: Roaring Moon|Roaring Moon|100/100|[from] U-turn\n|-enditem|p1a: Roaring Moon|Booster Energy\n|-activate|p1a: Roaring Moon|ability: Protosynthesis|[fromitem]\n|-start|p1a: Roaring Moon|protosynthesisatk\n|\n|upkeep\n|turn|12\n|\n|t:|1695168985\n|move|p1a: Roaring Moon|Dragon Dance|p1a: Roaring Moon\n|-boost|p1a: Roaring Moon|atk|1\n|-boost|p1a: Roaring Moon|spe|1\n|move|p2a: Arcanine|Close Combat|p1a: Roaring Moon\n|-supereffective|p1a: Roaring Moon\n|-damage|p1a: Roaring Moon|0 fnt\n|-unboost|p2a: Arcanine|def|1\n|-unboost|p2a: Arcanine|spd|1\n|faint|p1a: Roaring Moon\n|-end|p1a: Roaring Moon|Protosynthesis|[silent]\n|\n|upkeep\n|\n|t:|1695168989\n|switch|p1a: Sneasler|Sneasler, M|100/100\n|turn|13\n|\n|t:|1695168997\n|switch|p2a: Corviknight|Corviknight, F|73/100\n|move|p1a: Sneasler|Close Combat|p2a: Corviknight\n|-damage|p2a: Corviknight|34/100\n|-unboost|p1a: Sneasler|def|1\n|-unboost|p1a: Sneasler|spd|1\n|\n|upkeep\n|turn|14\n|\n|t:|1695169005\n|move|p1a: Sneasler|Close Combat|p2a: Corviknight\n|-damage|p2a: Corviknight|0 fnt\n|-unboost|p1a: Sneasler|def|1\n|-unboost|p1a: Sneasler|spd|1\n|faint|p2a: Corviknight\n|\n|upkeep\n|\n|t:|1695169012\n|switch|p2a: Arcanine|Arcanine, M|73/100\n|turn|15\n|\n|t:|1695169015\n|-terastallize|p2a: Arcanine|Normal\n|move|p2a: Arcanine|Extreme Speed|p1a: Sneasler\n|-damage|p1a: Sneasler|0 fnt\n|faint|p1a: Sneasler\n|\n|upkeep\n|c|\u2606Beeman1000|gg!\n|\n|t:|1695169021\n|switch|p1a: Cinderace|Cinderace, F|31/100\n|turn|16\n|\n|t:|1695169024\n|move|p2a: Arcanine|Extreme Speed|p1a: Cinderace\n|-damage|p1a: Cinderace|0 fnt\n|faint|p1a: Cinderace\n|\n|win|Jocheeee\n|raw|Beeman1000's rating: 1380 &rarr; <strong>1364</strong><br />(-16 for losing)\n|raw|Jocheeee's rating: 1444 &rarr; <strong>1460</strong><br />(+16 for winning)\n|l|\u2606Beeman1000\n", "uploadtime": 1695169079, "views": 2, "p1id": "beeman1000", "p2id": "jocheeee", "formatid": "gen9ou", "rating": 1364, "private": 0, "password": ""}