{"id": "gen9ou-1947523819", "p1": "chairnotahare", "p2": "Clleu069", "format": "gen9ou", "log": "|j|\u2606chairnotahare\n|j|\u2606Clleu069\n|t:|1695169069\n|gametype|singles\n|player|p1|chairnotahare|red|1308\n|player|p2|Clleu069|dawn|1263\n|teamsize|p1|6\n|teamsize|p2|6\n|gen|9\n|tier|[Gen 9] OU\n|rated|\n|rule|Sleep Clause Mod: Limit one foe put to sleep\n|rule|Species Clause: Limit one of each Pok\u00e9mon\n|rule|OHKO Clause: OHKO moves are banned\n|rule|Evasion Items Clause: Evasion items are banned\n|rule|Evasion Moves Clause: Evasion moves are banned\n|rule|Endless Battle Clause: Forcing endless battles is banned\n|rule|HP Percentage Mod: HP is shown in percentages\n|clearpoke\n|poke|p1|Ogerpon-Hearthflame, F|\n|poke|p1|Dragonite, M|\n|poke|p1|Manaphy|\n|poke|p1|Ninetales-Alola, F|\n|poke|p1|Glimmora, M|\n|poke|p1|Dondozo, M|\n|poke|p2|Ogerpon-Hearthflame, F|\n|poke|p2|Meowscarada, F|\n|poke|p2|Dondozo, M|\n|poke|p2|Torkoal, F|\n|poke|p2|Great Tusk|\n|poke|p2|Zapdos|\n|teampreview\n|\n|t:|1695169075\n|start\n|switch|p1a: Glimmora|Glimmora, M|100/100\n|switch|p2a: Torkoal|Torkoal, F, shiny|100/100\n|-weather|SunnyDay|[from] ability: Drought|[of] p2a: Torkoal\n|turn|1\n|inactive|Battle timer is ON: inactive players will automatically lose when time's up. (requested by Clleu069)\n|\n|t:|1695169084\n|move|p1a: Glimmora|Stealth Rock|p2a: Torkoal\n|-sidestart|p2: Clleu069|move: Stealth Rock\n|move|p2a: Torkoal|Yawn|p1a: Glimmora\n|-start|p1a: Glimmora|move: Yawn|[of] p2a: Torkoal\n|\n|-weather|SunnyDay|[upkeep]\n|upkeep\n|turn|2\n|\n|t:|1695169092\n|move|p1a: Glimmora|Earth Power|p2a: Torkoal\n|-supereffective|p2a: Torkoal\n|-damage|p2a: Torkoal|0 fnt\n|faint|p2a: Torkoal\n|\n|-weather|SunnyDay|[upkeep]\n|-end|p1a: Glimmora|move: Yawn|[silent]\n|-status|p1a: Glimmora|slp\n|upkeep\n|\n|t:|1695169099\n|switch|p2a: Great Tusk|Great Tusk|100/100\n|-damage|p2a: Great Tusk|98/100|[from] Stealth Rock\n|-activate|p2a: Great Tusk|ability: Protosynthesis\n|-start|p2a: Great Tusk|protosynthesisdef\n|turn|3\n|\n|t:|1695169111\n|switch|p1a: Dondozo|Dondozo, M|100/100\n|move|p2a: Great Tusk|Close Combat|p1a: Dondozo\n|-damage|p1a: Dondozo|61/100\n|-unboost|p2a: Great Tusk|def|1\n|-unboost|p2a: Great Tusk|spd|1\n|\n|-weather|SunnyDay|[upkeep]\n|upkeep\n|turn|4\n|\n|t:|1695169121\n|move|p2a: Great Tusk|Close Combat|p1a: Dondozo\n|-damage|p1a: Dondozo|15/100\n|-unboost|p2a: Great Tusk|def|1\n|-unboost|p2a: Great Tusk|spd|1\n|move|p1a: Dondozo|Liquidation|p2a: Great Tusk\n|-supereffective|p2a: Great Tusk\n|-damage|p2a: Great Tusk|85/100\n|-unboost|p2a: Great Tusk|def|1\n|\n|-weather|SunnyDay|[upkeep]\n|upkeep\n|turn|5\n|\n|t:|1695169132\n|move|p2a: Great Tusk|Close Combat|p1a: Dondozo\n|-damage|p1a: Dondozo|0 fnt\n|-unboost|p2a: Great Tusk|def|1\n|-unboost|p2a: Great Tusk|spd|1\n|faint|p1a: Dondozo\n|\n|-weather|none\n|-end|p2a: Great Tusk|Protosynthesis\n|upkeep\n|\n|t:|1695169136\n|switch|p1a: Ninetales|Ninetales-Alola, F|100/100\n|-weather|Snow|[from] ability: Snow Warning|[of] p1a: Ninetales\n|turn|6\n|\n|t:|1695169145\n|-end|p2a: Great Tusk|Protosynthesis|[silent]\n|switch|p2a: Ogerpon|Ogerpon-Hearthflame, F, shiny|100/100\n|-damage|p2a: Ogerpon|76/100|[from] Stealth Rock\n|-ability|p2a: Ogerpon|Mold Breaker\n|move|p1a: Ninetales|Aurora Veil|p1a: Ninetales\n|-sidestart|p1: chairnotahare|move: Aurora Veil\n|\n|-weather|Snow|[upkeep]\n|upkeep\n|turn|7\n|\n|t:|1695169159\n|move|p2a: Ogerpon|Swords Dance|p2a: Ogerpon\n|-boost|p2a: Ogerpon|atk|2\n|move|p1a: Ninetales|Encore|p2a: Ogerpon\n|-start|p2a: Ogerpon|Encore\n|\n|-weather|Snow|[upkeep]\n|upkeep\n|turn|8\n|\n|t:|1695169166\n|switch|p1a: Manaphy|Manaphy|100/100\n|move|p2a: Ogerpon|Swords Dance|p2a: Ogerpon\n|-boost|p2a: Ogerpon|atk|2\n|\n|-weather|Snow|[upkeep]\n|upkeep\n|turn|9\n|\n|t:|1695169178\n|switch|p2a: Meowscarada|Meowscarada, F|100/100\n|-damage|p2a: Meowscarada|88/100|[from] Stealth Rock\n|move|p1a: Manaphy|Scald|p2a: Meowscarada\n|-resisted|p2a: Meowscarada\n|-damage|p2a: Meowscarada|59/100\n|\n|-weather|Snow|[upkeep]\n|upkeep\n|turn|10\n|\n|t:|1695169191\n|move|p2a: Meowscarada|Thunder Punch|p1a: Manaphy\n|-start|p2a: Meowscarada|typechange|Electric|[from] ability: Protean\n|-supereffective|p1a: Manaphy\n|-damage|p1a: Manaphy|57/100\n|-status|p1a: Manaphy|par\n|move|p1a: Manaphy|Ice Beam|p2a: Meowscarada\n|-damage|p2a: Meowscarada|17/100\n|\n|-weather|none\n|-heal|p1a: Manaphy|64/100 par|[from] item: Leftovers\n|upkeep\n|turn|11\n|\n|t:|1695169204\n|move|p2a: Meowscarada|Thunder Punch|p1a: Manaphy\n|-supereffective|p1a: Manaphy\n|-damage|p1a: Manaphy|20/100 par\n|move|p1a: Manaphy|Scald|p2a: Meowscarada\n|-damage|p2a: Meowscarada|0 fnt\n|faint|p2a: Meowscarada\n|\n|-heal|p1a: Manaphy|26/100 par|[from] item: Leftovers\n|upkeep\n|\n|t:|1695169215\n|switch|p2a: Ogerpon|Ogerpon-Hearthflame, F, shiny|76/100\n|-damage|p2a: Ogerpon|51/100|[from] Stealth Rock\n|-ability|p2a: Ogerpon|Mold Breaker\n|turn|12\n|\n|t:|1695169222\n|move|p2a: Ogerpon|Horn Leech|p1a: Manaphy\n|-supereffective|p1a: Manaphy\n|-damage|p1a: Manaphy|0 fnt\n|-heal|p2a: Ogerpon|68/100|[from] drain|[of] p1a: Manaphy\n|faint|p1a: Manaphy\n|\n|upkeep\n|\n|t:|1695169229\n|switch|p1a: Dragonite|Dragonite, M|100/100\n|turn|13\n|\n|t:|1695169236\n|move|p2a: Ogerpon|Knock Off|p1a: Dragonite\n|-damage|p1a: Dragonite|78/100\n|-enditem|p1a: Dragonite|Heavy-Duty Boots|[from] move: Knock Off|[of] p2a: Ogerpon\n|move|p1a: Dragonite|Dragon Dance|p1a: Dragonite\n|-boost|p1a: Dragonite|atk|1\n|-boost|p1a: Dragonite|spe|1\n|\n|-sideend|p1: chairnotahare|move: Aurora Veil\n|upkeep\n|turn|14\n|\n|t:|1695169249\n|switch|p2a: Great Tusk|Great Tusk|85/100\n|-damage|p2a: Great Tusk|82/100|[from] Stealth Rock\n|move|p1a: Dragonite|Extreme Speed|p2a: Great Tusk\n|-damage|p2a: Great Tusk|57/100\n|\n|upkeep\n|turn|15\n|\n|t:|1695169257\n|switch|p1a: Glimmora|Glimmora, M|100/100 slp\n|move|p2a: Great Tusk|Ice Spinner|p1a: Glimmora\n|-damage|p1a: Glimmora|53/100 slp\n|-activate|p1a: Glimmora|ability: Toxic Debris\n|-sidestart|p2: Clleu069|move: Toxic Spikes\n|\n|upkeep\n|turn|16\n|\n|t:|1695169265\n|cant|p1a: Glimmora|slp\n|move|p2a: Great Tusk|Ice Spinner|p1a: Glimmora\n|-damage|p1a: Glimmora|1/100 slp\n|-activate|p1a: Glimmora|ability: Toxic Debris\n|-sidestart|p2: Clleu069|move: Toxic Spikes\n|\n|upkeep\n|turn|17\n|\n|t:|1695169273\n|-curestatus|p1a: Glimmora|slp|[msg]\n|move|p1a: Glimmora|Energy Ball|p2a: Great Tusk\n|-supereffective|p2a: Great Tusk\n|-damage|p2a: Great Tusk|0 fnt\n|faint|p2a: Great Tusk\n|-end|p2a: Great Tusk|Protosynthesis|[silent]\n|\n|upkeep\n|\n|t:|1695169282\n|switch|p2a: Zapdos|Zapdos, shiny|100/100\n|-damage|p2a: Zapdos|76/100|[from] Stealth Rock\n|turn|18\n|\n|t:|1695169288\n|move|p2a: Zapdos|Discharge|p1a: Glimmora\n|-damage|p1a: Glimmora|0 fnt\n|faint|p1a: Glimmora\n|\n|upkeep\n|\n|t:|1695169293\n|switch|p1a: Ninetales|Ninetales-Alola, F|100/100\n|-weather|Snow|[from] ability: Snow Warning|[of] p1a: Ninetales\n|turn|19\n|\n|t:|1695169297\n|move|p1a: Ninetales|Aurora Veil|p1a: Ninetales\n|-sidestart|p1: chairnotahare|move: Aurora Veil\n|move|p2a: Zapdos|Discharge|p1a: Ninetales\n|-damage|p1a: Ninetales|69/100\n|\n|-weather|Snow|[upkeep]\n|upkeep\n|turn|20\n|\n|t:|1695169312\n|move|p1a: Ninetales|Freeze-Dry|p2a: Zapdos\n|-supereffective|p2a: Zapdos\n|-damage|p2a: Zapdos|24/100\n|move|p2a: Zapdos|Discharge|p1a: Ninetales\n|-damage|p1a: Ninetales|39/100\n|-status|p1a: Ninetales|par\n|\n|-weather|Snow|[upkeep]\n|upkeep\n|turn|21\n|\n|t:|1695169322\n|move|p2a: Zapdos|Discharge|p1a: Ninetales\n|-damage|p1a: Ninetales|11/100 par\n|cant|p1a: Ninetales|par\n|\n|-weather|Snow|[upkeep]\n|upkeep\n|turn|22\n|\n|t:|1695169329\n|move|p2a: Zapdos|Discharge|p1a: Ninetales\n|-damage|p1a: Ninetales|0 fnt\n|faint|p1a: Ninetales\n|\n|-weather|Snow|[upkeep]\n|upkeep\n|\n|t:|1695169331\n|switch|p1a: Ogerpon|Ogerpon-Hearthflame, F|100/100\n|-ability|p1a: Ogerpon|Mold Breaker\n|turn|23\n|\n|t:|1695169339\n|-terastallize|p1a: Ogerpon|Fire\n|detailschange|p1a: Ogerpon|Ogerpon-Hearthflame-Tera, F, tera:Fire\n|-ability|p1a: Ogerpon|Embody Aspect (Hearthflame)|boost\n|-boost|p1a: Ogerpon|atk|1\n|move|p1a: Ogerpon|Ivy Cudgel|p2a: Zapdos\n|-damage|p2a: Zapdos|0 fnt\n|faint|p2a: Zapdos\n|\n|-weather|none\n|upkeep\n|\n|t:|1695169349\n|switch|p2a: Ogerpon|Ogerpon-Hearthflame, F, shiny|68/100\n|-damage|p2a: Ogerpon|43/100|[from] Stealth Rock\n|-status|p2a: Ogerpon|tox\n|-ability|p2a: Ogerpon|Mold Breaker\n|turn|24\n|\n|t:|1695169359\n|move|p1a: Ogerpon|Ivy Cudgel|p2a: Ogerpon\n|-damage|p2a: Ogerpon|0 fnt\n|faint|p2a: Ogerpon\n|\n|upkeep\n|\n|t:|1695169363\n|switch|p2a: Dondozo|Dondozo, M|100/100\n|-damage|p2a: Dondozo|88/100|[from] Stealth Rock\n|-status|p2a: Dondozo|tox\n|turn|25\n|\n|t:|1695169370\n|move|p1a: Ogerpon|Horn Leech|p2a: Dondozo\n|-supereffective|p2a: Dondozo\n|-damage|p2a: Dondozo|45/100 tox\n|-damage|p1a: Ogerpon|84/100|[from] item: Rocky Helmet|[of] p2a: Dondozo\n|move|p2a: Dondozo|Curse|p2a: Dondozo\n|-unboost|p2a: Dondozo|spe|1\n|-boost|p2a: Dondozo|atk|1\n|-boost|p2a: Dondozo|def|1\n|\n|-damage|p2a: Dondozo|39/100 tox|[from] psn\n|upkeep\n|turn|26\n|\n|t:|1695169382\n|move|p1a: Ogerpon|Horn Leech|p2a: Dondozo\n|-supereffective|p2a: Dondozo\n|-damage|p2a: Dondozo|15/100 tox\n|-heal|p1a: Ogerpon|100/100|[from] drain|[of] p2a: Dondozo\n|-damage|p1a: Ogerpon|84/100|[from] item: Rocky Helmet|[of] p2a: Dondozo\n|move|p2a: Dondozo|Rest|p2a: Dondozo\n|-status|p2a: Dondozo|slp|[from] move: Rest\n|-heal|p2a: Dondozo|100/100 slp|[silent]\n|\n|-sideend|p1: chairnotahare|move: Aurora Veil\n|upkeep\n|turn|27\n|\n|t:|1695169394\n|move|p1a: Ogerpon|Swords Dance|p1a: Ogerpon\n|-boost|p1a: Ogerpon|atk|2\n|cant|p2a: Dondozo|slp\n|move|p2a: Dondozo|Sleep Talk|p2a: Dondozo\n|move|p2a: Dondozo|Liquidation|p1a: Ogerpon|[from]move: Sleep Talk\n|-supereffective|p1a: Ogerpon\n|-damage|p1a: Ogerpon|0 fnt\n|faint|p1a: Ogerpon\n|\n|upkeep\n|\n|t:|1695169396\n|switch|p1a: Dragonite|Dragonite, M|78/100\n|turn|28\n|-message|chairnotahare forfeited.\n|\n|win|Clleu069\n|raw|chairnotahare's rating: 1308 &rarr; <strong>1285</strong><br />(-23 for losing)\n|raw|Clleu069's rating: 1263 &rarr; <strong>1291</strong><br />(+28 for winning)\n|l|\u2606chairnotahare\n", "uploadtime": 1695169422, "views": 2, "p1id": "chairnotahare", "p2id": "clleu069", "formatid": "gen9ou", "rating": 1285, "private": 0, "password": ""}