{"id": "gen9ou-1947524344", "p1": "Super Suit", "p2": "andresmao", "format": "gen9ou", "log": "|j|\u2606Super Suit\n|j|\u2606andresmao\n|t:|1695169123\n|gametype|singles\n|player|p1|Super Suit|yellow|1693\n|player|p2|andresmao|169|1607\n|teamsize|p1|6\n|teamsize|p2|6\n|gen|9\n|tier|[Gen 9] OU\n|rated|\n|rule|Sleep Clause Mod: Limit one foe put to sleep\n|rule|Species Clause: Limit one of each Pok\u00e9mon\n|rule|OHKO Clause: OHKO moves are banned\n|rule|Evasion Items Clause: Evasion items are banned\n|rule|Evasion Moves Clause: Evasion moves are banned\n|rule|Endless Battle Clause: Forcing endless battles is banned\n|rule|HP Percentage Mod: HP is shown in percentages\n|clearpoke\n|poke|p1|Torterra, M|\n|poke|p1|Ninetales-Alola, M|\n|poke|p1|Ogerpon-Hearthflame, F|\n|poke|p1|Garchomp, M|\n|poke|p1|Manaphy|\n|poke|p1|Kingambit, F|\n|poke|p2|Cinderace, M|\n|poke|p2|Samurott-Hisui, F|\n|poke|p2|Ninetales-Alola, M|\n|poke|p2|Torterra, F|\n|poke|p2|Empoleon, M|\n|poke|p2|Alomomola, M|\n|teampreview\n|inactive|Battle timer is ON: inactive players will automatically lose when time's up. (requested by Super Suit)\n|\n|t:|1695169136\n|start\n|switch|p1a: Ninetales|Ninetales-Alola, M|100/100\n|switch|p2a: Ninetales|Ninetales-Alola, M|100/100\n|-weather|Snow|[from] ability: Snow Warning|[of] p1a: Ninetales\n|turn|1\n|\n|t:|1695169139\n|move|p1a: Ninetales|Hypnosis|p2a: Ninetales\n|-status|p2a: Ninetales|slp|[from] move: Hypnosis\n|cant|p2a: Ninetales|slp\n|\n|-weather|Snow|[upkeep]\n|upkeep\n|turn|2\n|\n|t:|1695169142\n|move|p1a: Ninetales|Aurora Veil|p1a: Ninetales\n|-sidestart|p1: Super Suit|move: Aurora Veil\n|cant|p2a: Ninetales|slp\n|\n|-weather|Snow|[upkeep]\n|upkeep\n|turn|3\n|c|\u2606andresmao|of course\n|\n|t:|1695169150\n|switch|p1a: Ogerpon|Ogerpon-Hearthflame, F|100/100\n|-ability|p1a: Ogerpon|Mold Breaker\n|cant|p2a: Ninetales|slp\n|\n|-weather|Snow|[upkeep]\n|upkeep\n|turn|4\n|\n|t:|1695169156\n|move|p1a: Ogerpon|Swords Dance|p1a: Ogerpon\n|-boost|p1a: Ogerpon|atk|2\n|-curestatus|p2a: Ninetales|slp|[msg]\n|move|p2a: Ninetales|Aurora Veil|p2a: Ninetales\n|-sidestart|p2: andresmao|move: Aurora Veil\n|\n|-weather|Snow|[upkeep]\n|upkeep\n|turn|5\n|\n|t:|1695169162\n|switch|p2a: Torterra|Torterra, F|100/100\n|move|p1a: Ogerpon|Ivy Cudgel|p2a: Torterra\n|-supereffective|p2a: Torterra\n|-damage|p2a: Torterra|0 fnt\n|faint|p2a: Torterra\n|\n|-weather|none\n|upkeep\n|\n|t:|1695169165\n|switch|p2a: Samurott|Samurott-Hisui, F|100/100\n|turn|6\n|\n|t:|1695169169\n|move|p2a: Samurott|Ceaseless Edge|p1a: Ogerpon\n|-damage|p1a: Ogerpon|73/100\n|-sidestart|p1: Super Suit|Spikes\n|move|p1a: Ogerpon|Horn Leech|p2a: Samurott\n|-supereffective|p2a: Samurott\n|-damage|p2a: Samurott|0 fnt\n|-heal|p1a: Ogerpon|100/100|[from] drain|[of] p2a: Samurott\n|faint|p2a: Samurott\n|\n|upkeep\n|\n|t:|1695169179\n|switch|p2a: Cinderace|Cinderace, M|100/100\n|turn|7\n|\n|t:|1695169184\n|move|p2a: Cinderace|Pyro Ball|p1a: Ogerpon|[miss]\n|-miss|p2a: Cinderace|p1a: Ogerpon\n|move|p1a: Ogerpon|Knock Off|p2a: Cinderace\n|-crit|p2a: Cinderace\n|-damage|p2a: Cinderace|0 fnt\n|-enditem|p2a: Cinderace|Heavy-Duty Boots|[from] move: Knock Off|[of] p1a: Ogerpon\n|faint|p2a: Cinderace\n|\n|upkeep\n|c|\u2606andresmao|man\n|c|\u2606andresmao|your fuck hax\n|c|\u2606Super Suit|Sorry\n|-message|andresmao forfeited.\n|\n|win|Super Suit\n|raw|Super Suit's rating: 1693 &rarr; <strong>1708</strong><br />(+15 for winning)\n|raw|andresmao's rating: 1607 &rarr; <strong>1592</strong><br />(-15 for losing)\n|l|\u2606andresmao\n", "uploadtime": 1695169190, "views": 2, "p1id": "supersuit", "p2id": "andresmao", "formatid": "gen9ou", "rating": 1592, "private": 0, "password": ""}