{"id": "gen9ou-1947541273", "p1": "80manjr", "p2": "Francoise Fat", "format": "gen9ou", "log": "|j|\u260680manjr\n|j|\u2606Francoise Fat\n|t:|1695170778\n|gametype|singles\n|player|p1|80manjr|hanbei-conquest|1298\n|player|p2|Francoise Fat|ethan-pokeathlon|1338\n|teamsize|p1|6\n|teamsize|p2|6\n|gen|9\n|tier|[Gen 9] OU\n|rated|\n|rule|Sleep Clause Mod: Limit one foe put to sleep\n|rule|Species Clause: Limit one of each Pok\u00e9mon\n|rule|OHKO Clause: OHKO moves are banned\n|rule|Evasion Items Clause: Evasion items are banned\n|rule|Evasion Moves Clause: Evasion moves are banned\n|rule|Endless Battle Clause: Forcing endless battles is banned\n|rule|HP Percentage Mod: HP is shown in percentages\n|clearpoke\n|poke|p1|Ogerpon-Cornerstone, F|\n|poke|p1|Great Tusk|\n|poke|p1|Iron Valiant|\n|poke|p1|Dondozo, F|\n|poke|p1|Dragonite, F|\n|poke|p1|Gholdengo|\n|poke|p2|Ribombee, M|\n|poke|p2|Gholdengo|\n|poke|p2|Ogerpon, F|\n|poke|p2|Landorus-Therian, M|\n|poke|p2|Ursaluna-Bloodmoon, M|\n|poke|p2|Kingambit, F|\n|teampreview\n|inactive|Battle timer is ON: inactive players will automatically lose when time's up. (requested by 80manjr)\n|\n|t:|1695170787\n|start\n|switch|p1a: Ogerpon|Ogerpon-Cornerstone, F|100/100\n|switch|p2a: Ribombee|Ribombee, M|100/100\n|turn|1\n|\n|t:|1695170794\n|move|p2a: Ribombee|Sticky Web|p1a: Ogerpon\n|-sidestart|p1: 80manjr|move: Sticky Web\n|move|p1a: Ogerpon|Ivy Cudgel|p2a: Ribombee\n|-supereffective|p2a: Ribombee\n|-enditem|p2a: Ribombee|Focus Sash\n|-damage|p2a: Ribombee|1/100\n|\n|upkeep\n|turn|2\n|\n|t:|1695170802\n|move|p2a: Ribombee|Moonblast|p1a: Ogerpon\n|-damage|p1a: Ogerpon|56/100\n|-unboost|p1a: Ogerpon|spa|1\n|move|p1a: Ogerpon|U-turn|p2a: Ribombee\n|-resisted|p2a: Ribombee\n|-damage|p2a: Ribombee|0 fnt\n|faint|p2a: Ribombee\n|\n|t:|1695170823\n|switch|p1a: Dondozo|Dondozo, F|100/100|[from] U-turn\n|-activate|p1a: Dondozo|move: Sticky Web\n|-unboost|p1a: Dondozo|spe|1\n|\n|upkeep\n|\n|t:|1695170828\n|switch|p2a: Ogerpon|Ogerpon, F|100/100\n|turn|3\n|\n|t:|1695170834\n|switch|p1a: Dragonite|Dragonite, F|100/100\n|-terastallize|p2a: Ogerpon|Grass\n|detailschange|p2a: Ogerpon|Ogerpon-Teal-Tera, F, tera:Grass\n|-ability|p2a: Ogerpon|Embody Aspect (Teal)|boost\n|-boost|p2a: Ogerpon|spe|1\n|move|p2a: Ogerpon|Ivy Cudgel|p1a: Dragonite\n|-resisted|p1a: Dragonite\n|-damage|p1a: Dragonite|91/100\n|\n|upkeep\n|turn|4\n|\n|t:|1695170849\n|switch|p2a: Cheat n' Go|Gholdengo|100/100\n|-item|p2a: Cheat n' Go|Air Balloon\n|move|p1a: Dragonite|Extreme Speed|p2a: Cheat n' Go\n|-immune|p2a: Cheat n' Go\n|\n|upkeep\n|turn|5\n|\n|t:|1695170856\n|switch|p1a: Dondozo|Dondozo, F|100/100\n|-activate|p1a: Dondozo|move: Sticky Web\n|-unboost|p1a: Dondozo|spe|1\n|move|p2a: Cheat n' Go|Nasty Plot|p2a: Cheat n' Go\n|-boost|p2a: Cheat n' Go|spa|2\n|\n|upkeep\n|turn|6\n|\n|t:|1695170860\n|move|p2a: Cheat n' Go|Shadow Ball|p1a: Dondozo\n|-damage|p1a: Dondozo|60/100\n|-unboost|p1a: Dondozo|spd|1\n|move|p1a: Dondozo|Wave Crash|p2a: Cheat n' Go\n|-damage|p2a: Cheat n' Go|51/100\n|-enditem|p2a: Cheat n' Go|Air Balloon\n|-damage|p1a: Dondozo|50/100|[from] Recoil\n|\n|-heal|p1a: Dondozo|56/100|[from] item: Leftovers\n|upkeep\n|turn|7\n|\n|t:|1695170867\n|switch|p1a: Dragonite|Dragonite, F|91/100\n|move|p2a: Cheat n' Go|Shadow Ball|p1a: Dragonite\n|-damage|p1a: Dragonite|0 fnt\n|faint|p1a: Dragonite\n|\n|upkeep\n|\n|t:|1695170889\n|switch|p1a: Iron Valiant|Iron Valiant|100/100\n|-activate|p1a: Iron Valiant|move: Sticky Web\n|-unboost|p1a: Iron Valiant|spe|1\n|-enditem|p1a: Iron Valiant|Booster Energy\n|-activate|p1a: Iron Valiant|ability: Quark Drive|[fromitem]\n|-start|p1a: Iron Valiant|quarkdriveatk\n|turn|8\n|\n|t:|1695170895\n|move|p2a: Cheat n' Go|Shadow Ball|p1a: Iron Valiant\n|-damage|p1a: Iron Valiant|0 fnt\n|faint|p1a: Iron Valiant\n|-end|p1a: Iron Valiant|Quark Drive|[silent]\n|\n|upkeep\n|\n|t:|1695170901\n|switch|p1a: Gholdengo|Gholdengo|100/100\n|-activate|p1a: Gholdengo|move: Sticky Web\n|-unboost|p1a: Gholdengo|spe|1\n|turn|9\n|\n|t:|1695170910\n|move|p2a: Cheat n' Go|Shadow Ball|p1a: Gholdengo\n|-supereffective|p1a: Gholdengo\n|-damage|p1a: Gholdengo|0 fnt\n|faint|p1a: Gholdengo\n|\n|upkeep\n|\n|t:|1695170916\n|switch|p1a: Great Tusk|Great Tusk|100/100\n|-activate|p1a: Great Tusk|move: Sticky Web\n|-unboost|p1a: Great Tusk|spe|1\n|-enditem|p1a: Great Tusk|Booster Energy\n|-activate|p1a: Great Tusk|ability: Protosynthesis|[fromitem]\n|-start|p1a: Great Tusk|protosynthesisatk\n|turn|10\n|\n|t:|1695170923\n|-terastallize|p1a: Great Tusk|Steel\n|move|p2a: Cheat n' Go|Make It Rain|p1a: Great Tusk\n|-resisted|p1a: Great Tusk\n|-damage|p1a: Great Tusk|7/100\n|-unboost|p2a: Cheat n' Go|spa|1\n|move|p1a: Great Tusk|Headlong Rush|p2a: Cheat n' Go\n|-supereffective|p2a: Cheat n' Go\n|-damage|p2a: Cheat n' Go|0 fnt\n|-unboost|p1a: Great Tusk|def|1\n|-unboost|p1a: Great Tusk|spd|1\n|faint|p2a: Cheat n' Go\n|\n|upkeep\n|\n|t:|1695170932\n|switch|p2a: Ogerpon|Ogerpon-Teal-Tera, F, tera:Grass|100/100\n|-ability|p2a: Ogerpon|Embody Aspect (Teal)|boost\n|-boost|p2a: Ogerpon|spe|1\n|turn|11\n|\n|t:|1695170934\n|move|p2a: Ogerpon|Ivy Cudgel|p1a: Great Tusk\n|-resisted|p1a: Great Tusk\n|-damage|p1a: Great Tusk|0 fnt\n|faint|p1a: Great Tusk\n|-end|p1a: Great Tusk|Protosynthesis|[silent]\n|\n|upkeep\n|\n|t:|1695170938\n|switch|p1a: Ogerpon|Ogerpon-Cornerstone, F|56/100\n|-activate|p1a: Ogerpon|move: Sticky Web\n|-unboost|p1a: Ogerpon|spe|1\n|turn|12\n|\n|t:|1695170940\n|move|p2a: Ogerpon|Ivy Cudgel|p1a: Ogerpon\n|-damage|p1a: Ogerpon|0 fnt\n|faint|p1a: Ogerpon\n|\n|upkeep\n|-message|80manjr forfeited.\n|\n|win|Francoise Fat\n|raw|80manjr's rating: 1298 &rarr; <strong>1276</strong><br />(-22 for losing)\n|raw|Francoise Fat's rating: 1338 &rarr; <strong>1356</strong><br />(+18 for winning)\n|l|\u260680manjr\n", "uploadtime": 1695170946, "views": 4, "p1id": "80manjr", "p2id": "francoisefat", "formatid": "gen9ou", "rating": 1276, "private": 0, "password": ""}