{"id": "gen9ou-1947511322", "p1": "PauloAmogus", "p2": "Gamb1tFate", "format": "gen9ou", "log": "|j|\u2606PauloAmogus\n|j|\u2606Gamb1tFate\n|t:|1695167824\n|gametype|singles\n|player|p1|PauloAmogus|265|1156\n|player|p2|Gamb1tFate|ethan|1231\n|teamsize|p1|6\n|teamsize|p2|6\n|gen|9\n|tier|[Gen 9] OU\n|rated|\n|rule|Sleep Clause Mod: Limit one foe put to sleep\n|rule|Species Clause: Limit one of each Pok\u00e9mon\n|rule|OHKO Clause: OHKO moves are banned\n|rule|Evasion Items Clause: Evasion items are banned\n|rule|Evasion Moves Clause: Evasion moves are banned\n|rule|Endless Battle Clause: Forcing endless battles is banned\n|rule|HP Percentage Mod: HP is shown in percentages\n|clearpoke\n|poke|p1|Great Tusk|\n|poke|p1|Kingambit, M|\n|poke|p1|Tinkaton, F|\n|poke|p1|Maushold-Four|\n|poke|p1|Ogerpon-Wellspring, F|\n|poke|p1|Iron Valiant|\n|poke|p2|Torkoal, F|\n|poke|p2|Great Tusk|\n|poke|p2|Walking Wake|\n|poke|p2|Ogerpon-Hearthflame, F|\n|poke|p2|Slowking-Galar, F|\n|poke|p2|Sandy Shocks|\n|teampreview\n|inactive|Battle timer is ON: inactive players will automatically lose when time's up. (requested by Gamb1tFate)\n|inactive|Gamb1tFate has 120 seconds left.\n|\n|t:|1695167857\n|start\n|switch|p1a: Porrinhas|Maushold-Four|100/100\n|switch|p2a: Torkoal|Torkoal, F|100/100\n|-weather|SunnyDay|[from] ability: Drought|[of] p2a: Torkoal\n|turn|1\n|\n|t:|1695167864\n|move|p1a: Porrinhas|Tidy Up|p1a: Porrinhas\n|-boost|p1a: Porrinhas|atk|1\n|-boost|p1a: Porrinhas|spe|1\n|move|p2a: Torkoal|Stealth Rock|p1a: Porrinhas\n|-sidestart|p1: PauloAmogus|move: Stealth Rock\n|\n|-weather|SunnyDay|[upkeep]\n|upkeep\n|turn|2\n|\n|t:|1695167870\n|move|p1a: Porrinhas|Tidy Up|p1a: Porrinhas\n|-sideend|p1: PauloAmogus|Stealth Rock\n|-activate|p1a: Porrinhas|move: Tidy Up\n|-boost|p1a: Porrinhas|atk|1\n|-boost|p1a: Porrinhas|spe|1\n|move|p2a: Torkoal|Yawn|p1a: Porrinhas\n|-start|p1a: Porrinhas|move: Yawn|[of] p2a: Torkoal\n|\n|-weather|SunnyDay|[upkeep]\n|upkeep\n|turn|3\n|\n|t:|1695167877\n|move|p1a: Porrinhas|Population Bomb|p2a: Torkoal\n|-damage|p2a: Torkoal|88/100\n|-damage|p2a: Torkoal|77/100\n|-damage|p2a: Torkoal|63/100\n|-damage|p2a: Torkoal|50/100\n|-damage|p2a: Torkoal|38/100\n|-damage|p2a: Torkoal|27/100\n|-hitcount|p2a: Torkoal|6\n|move|p2a: Torkoal|Lava Plume|p1a: Porrinhas\n|-damage|p1a: Porrinhas|47/100\n|-status|p1a: Porrinhas|brn\n|\n|-weather|SunnyDay|[upkeep]\n|-damage|p1a: Porrinhas|40/100 brn|[from] brn\n|-end|p1a: Porrinhas|move: Yawn|[silent]\n|upkeep\n|turn|4\n|\n|t:|1695167895\n|switch|p2a: Great Tusk|Great Tusk|100/100\n|-activate|p2a: Great Tusk|ability: Protosynthesis\n|-start|p2a: Great Tusk|protosynthesisspe\n|move|p1a: Porrinhas|Population Bomb|p2a: Great Tusk\n|-damage|p2a: Great Tusk|94/100\n|-damage|p2a: Great Tusk|87/100\n|-damage|p2a: Great Tusk|80/100\n|-damage|p2a: Great Tusk|73/100\n|-damage|p2a: Great Tusk|67/100\n|-crit|p2a: Great Tusk\n|-damage|p2a: Great Tusk|57/100\n|-damage|p2a: Great Tusk|51/100\n|-damage|p2a: Great Tusk|44/100\n|-damage|p2a: Great Tusk|38/100\n|-damage|p2a: Great Tusk|31/100\n|-hitcount|p2a: Great Tusk|10\n|\n|-weather|SunnyDay|[upkeep]\n|-damage|p1a: Porrinhas|34/100 brn|[from] brn\n|upkeep\n|turn|5\n|\n|t:|1695167914\n|move|p1a: Porrinhas|Population Bomb|p2a: Great Tusk\n|-damage|p2a: Great Tusk|24/100\n|-damage|p2a: Great Tusk|17/100\n|-crit|p2a: Great Tusk\n|-damage|p2a: Great Tusk|6/100\n|-damage|p2a: Great Tusk|0 fnt\n|faint|p2a: Great Tusk\n|-end|p2a: Great Tusk|Protosynthesis|[silent]\n|-hitcount|p2: Great Tusk|4\n|\n|-weather|SunnyDay|[upkeep]\n|-damage|p1a: Porrinhas|28/100 brn|[from] brn\n|upkeep\n|\n|t:|1695167922\n|switch|p2a: Walking Wake|Walking Wake|100/100\n|-activate|p2a: Walking Wake|ability: Protosynthesis\n|-start|p2a: Walking Wake|protosynthesisspe\n|turn|6\n|\n|t:|1695167927\n|move|p1a: Porrinhas|Population Bomb|p2a: Walking Wake\n|-damage|p2a: Walking Wake|89/100\n|-damage|p2a: Walking Wake|78/100\n|-damage|p2a: Walking Wake|65/100\n|-damage|p2a: Walking Wake|54/100\n|-damage|p2a: Walking Wake|43/100\n|-damage|p2a: Walking Wake|32/100\n|-damage|p2a: Walking Wake|20/100\n|-damage|p2a: Walking Wake|8/100\n|-damage|p2a: Walking Wake|0 fnt\n|faint|p2a: Walking Wake\n|-end|p2a: Walking Wake|Protosynthesis|[silent]\n|-hitcount|p2: Walking Wake|9\n|\n|-weather|SunnyDay|[upkeep]\n|-damage|p1a: Porrinhas|22/100 brn|[from] brn\n|upkeep\n|\n|t:|1695167934\n|switch|p2a: Ogerpon|Ogerpon-Hearthflame, F|100/100\n|-ability|p2a: Ogerpon|Mold Breaker\n|turn|7\n|\n|t:|1695167945\n|move|p1a: Porrinhas|Population Bomb|p2a: Ogerpon\n|-damage|p2a: Ogerpon|86/100\n|-damage|p2a: Ogerpon|73/100\n|-damage|p2a: Ogerpon|58/100\n|-damage|p2a: Ogerpon|44/100\n|-damage|p2a: Ogerpon|31/100\n|-damage|p2a: Ogerpon|18/100\n|-damage|p2a: Ogerpon|5/100\n|-damage|p2a: Ogerpon|0 fnt\n|faint|p2a: Ogerpon\n|-hitcount|p2: Ogerpon|8\n|\n|-weather|SunnyDay|[upkeep]\n|-damage|p1a: Porrinhas|15/100 brn|[from] brn\n|upkeep\n|\n|t:|1695167949\n|switch|p2a: Sandy Shocks|Sandy Shocks|100/100\n|-activate|p2a: Sandy Shocks|ability: Protosynthesis\n|-start|p2a: Sandy Shocks|protosynthesisspe\n|turn|8\n|\n|t:|1695167963\n|move|p1a: Porrinhas|Population Bomb|p2a: Sandy Shocks\n|-damage|p2a: Sandy Shocks|88/100\n|-damage|p2a: Sandy Shocks|76/100\n|-damage|p2a: Sandy Shocks|64/100\n|-damage|p2a: Sandy Shocks|53/100\n|-damage|p2a: Sandy Shocks|41/100\n|-damage|p2a: Sandy Shocks|29/100\n|-damage|p2a: Sandy Shocks|18/100\n|-crit|p2a: Sandy Shocks\n|-damage|p2a: Sandy Shocks|1/100\n|-damage|p2a: Sandy Shocks|0 fnt\n|faint|p2a: Sandy Shocks\n|-end|p2a: Sandy Shocks|Protosynthesis|[silent]\n|-hitcount|p2: Sandy Shocks|9\n|\n|-weather|none\n|-damage|p1a: Porrinhas|9/100 brn|[from] brn\n|upkeep\n|\n|t:|1695167966\n|switch|p2a: Torkoal|Torkoal, F|27/100\n|-weather|SunnyDay|[from] ability: Drought|[of] p2a: Torkoal\n|turn|9\n|\n|t:|1695167981\n|move|p1a: Porrinhas|Population Bomb|p2a: Torkoal\n|-damage|p2a: Torkoal|20/100\n|-damage|p2a: Torkoal|14/100\n|-crit|p2a: Torkoal\n|-damage|p2a: Torkoal|4/100\n|-damage|p2a: Torkoal|0 fnt\n|faint|p2a: Torkoal\n|-hitcount|p2: Torkoal|4\n|\n|-weather|SunnyDay|[upkeep]\n|-damage|p1a: Porrinhas|3/100 brn|[from] brn\n|upkeep\n|\n|t:|1695167990\n|switch|p2a: Slowking|Slowking-Galar, F|100/100\n|turn|10\n|\n|t:|1695167992\n|move|p1a: Porrinhas|Population Bomb|p2a: Slowking\n|-damage|p2a: Slowking|89/100\n|-damage|p2a: Slowking|78/100\n|-crit|p2a: Slowking\n|-damage|p2a: Slowking|61/100\n|-damage|p2a: Slowking|49/100\n|-damage|p2a: Slowking|38/100\n|-damage|p2a: Slowking|27/100\n|-damage|p2a: Slowking|16/100\n|-damage|p2a: Slowking|4/100\n|-damage|p2a: Slowking|0 fnt\n|faint|p2a: Slowking\n|-hitcount|p2: Slowking|9\n|\n|win|PauloAmogus\n|raw|PauloAmogus's rating: 1156 &rarr; <strong>1186</strong><br />(+30 for winning)\n|raw|Gamb1tFate's rating: 1231 &rarr; <strong>1201</strong><br />(-30 for losing)\n|c|\u2606PauloAmogus|GET\n|c|\u2606PauloAmogus|POP\n|c|\u2606PauloAmogus|BOMBED\n", "uploadtime": 1695168019, "views": 3, "p1id": "pauloamogus", "p2id": "gamb1tfate", "formatid": "gen9ou", "rating": 1186, "private": 0, "password": ""}