{"id": "gen9ou-1947511417", "p1": "wizardlizard2017", "p2": "BaldNecromancer", "format": "gen9ou", "log": "|j|\u2606wizardlizard2017\n|j|\u2606BaldNecromancer\n|t:|1695167833\n|gametype|singles\n|player|p1|wizardlizard2017|fisherman-gen4|1150\n|player|p2|BaldNecromancer|li|1118\n|teamsize|p1|6\n|teamsize|p2|6\n|gen|9\n|tier|[Gen 9] OU\n|rated|\n|rule|Sleep Clause Mod: Limit one foe put to sleep\n|rule|Species Clause: Limit one of each Pok\u00e9mon\n|rule|OHKO Clause: OHKO moves are banned\n|rule|Evasion Items Clause: Evasion items are banned\n|rule|Evasion Moves Clause: Evasion moves are banned\n|rule|Endless Battle Clause: Forcing endless battles is banned\n|rule|HP Percentage Mod: HP is shown in percentages\n|clearpoke\n|poke|p1|Ninetales-Alola, F|\n|poke|p1|Torterra, M|\n|poke|p1|Hippowdon, F|\n|poke|p1|Ceruledge, M|\n|poke|p1|Corviknight, F|\n|poke|p1|Salamence, F|\n|poke|p2|Garchomp, M|\n|poke|p2|Ribombee, M|\n|poke|p2|Gengar, M|\n|poke|p2|Arcanine-Hisui, M|\n|poke|p2|Quaquaval, M|\n|poke|p2|Thundurus-Therian, M|\n|teampreview\n|inactive|Battle timer is ON: inactive players will automatically lose when time's up. (requested by BaldNecromancer)\n|\n|t:|1695167842\n|start\n|switch|p1a: Hippowdon|Hippowdon, F|100/100\n|switch|p2a: Floating Chad|Thundurus-Therian, M, shiny|100/100\n|-weather|Sandstorm|[from] ability: Sand Stream|[of] p1a: Hippowdon\n|turn|1\n|c|\u2606BaldNecromancer|Glhf hope you like my Chad's!!!\n|\n|t:|1695167851\n|move|p2a: Floating Chad|Focus Blast|p1a: Hippowdon\n|-damage|p1a: Hippowdon|54/100\n|move|p1a: Hippowdon|Stealth Rock|p2a: Floating Chad\n|-sidestart|p2: BaldNecromancer|move: Stealth Rock\n|\n|-weather|Sandstorm|[upkeep]\n|-damage|p2a: Floating Chad|94/100|[from] Sandstorm\n|upkeep\n|turn|2\n|\n|t:|1695167856\n|move|p2a: Floating Chad|Focus Blast|p1a: Hippowdon\n|-damage|p1a: Hippowdon|8/100\n|move|p1a: Hippowdon|Slack Off|p1a: Hippowdon\n|-heal|p1a: Hippowdon|58/100\n|\n|-weather|Sandstorm|[upkeep]\n|-damage|p2a: Floating Chad|88/100|[from] Sandstorm\n|upkeep\n|turn|3\n|\n|t:|1695167864\n|switch|p2a: GarChad|Garchomp, M, shiny|100/100\n|-damage|p2a: GarChad|94/100|[from] Stealth Rock\n|move|p1a: Hippowdon|Slack Off|p1a: Hippowdon\n|-heal|p1a: Hippowdon|100/100\n|\n|-weather|Sandstorm|[upkeep]\n|upkeep\n|turn|4\n|\n|t:|1695167866\n|move|p2a: GarChad|Swords Dance|p2a: GarChad\n|-boost|p2a: GarChad|atk|2\n|move|p1a: Hippowdon|Whirlwind|p2a: GarChad\n|drag|p2a: Toxic chad|Gengar, M, shiny|100/100\n|-damage|p2a: Toxic chad|88/100|[from] Stealth Rock\n|\n|-weather|Sandstorm|[upkeep]\n|-damage|p2a: Toxic chad|82/100|[from] Sandstorm\n|upkeep\n|turn|5\n|\n|t:|1695167873\n|move|p2a: Toxic chad|Giga Drain|p1a: Hippowdon\n|-supereffective|p1a: Hippowdon\n|-damage|p1a: Hippowdon|42/100\n|-heal|p2a: Toxic chad|100/100|[from] drain|[of] p1a: Hippowdon\n|move|p1a: Hippowdon|Earthquake|p2a: Toxic chad\n|-supereffective|p2a: Toxic chad\n|-damage|p2a: Toxic chad|0 fnt\n|faint|p2a: Toxic chad\n|\n|-weather|Sandstorm|[upkeep]\n|upkeep\n|\n|t:|1695167877\n|switch|p2a: Hood Chad|Quaquaval, M, shiny|100/100\n|-damage|p2a: Hood Chad|94/100|[from] Stealth Rock\n|turn|6\n|\n|t:|1695167880\n|switch|p1a: Corviknight|Corviknight, F|100/100\n|-ability|p1a: Corviknight|Pressure\n|move|p2a: Hood Chad|Rapid Spin|p1a: Corviknight\n|-resisted|p1a: Corviknight\n|-damage|p1a: Corviknight|96/100\n|-boost|p2a: Hood Chad|spe|1\n|-damage|p2a: Hood Chad|78/100|[from] item: Rocky Helmet|[of] p1a: Corviknight\n|-sideend|p2: BaldNecromancer|Stealth Rock|[from] move: Rapid Spin|[of] p2a: Hood Chad\n|\n|-weather|Sandstorm|[upkeep]\n|-damage|p2a: Hood Chad|72/100|[from] Sandstorm\n|upkeep\n|turn|7\n|\n|t:|1695167891\n|move|p2a: Hood Chad|Liquidation|p1a: Corviknight\n|-damage|p1a: Corviknight|71/100\n|-unboost|p1a: Corviknight|def|1\n|-damage|p2a: Hood Chad|55/100|[from] item: Rocky Helmet|[of] p1a: Corviknight\n|move|p1a: Corviknight|U-turn|p2a: Hood Chad\n|-resisted|p2a: Hood Chad\n|-damage|p2a: Hood Chad|46/100\n|\n|t:|1695167898\n|switch|p1a: Salamence|Salamence, F|100/100|[from] U-turn\n|-ability|p1a: Salamence|Intimidate|boost\n|-unboost|p2a: Hood Chad|atk|1\n|\n|-weather|Sandstorm|[upkeep]\n|-damage|p2a: Hood Chad|39/100|[from] Sandstorm\n|-damage|p1a: Salamence|94/100|[from] Sandstorm\n|upkeep\n|turn|8\n|\n|t:|1695167904\n|switch|p1a: Corviknight|Corviknight, F|71/100\n|-ability|p1a: Corviknight|Pressure\n|move|p2a: Hood Chad|Close Combat|p1a: Corviknight\n|-damage|p1a: Corviknight|47/100\n|-unboost|p2a: Hood Chad|def|1\n|-unboost|p2a: Hood Chad|spd|1\n|-damage|p2a: Hood Chad|23/100|[from] item: Rocky Helmet|[of] p1a: Corviknight\n|\n|-weather|none\n|upkeep\n|turn|9\n|\n|t:|1695167913\n|switch|p2a: Preppy Chad|Ribombee, M, shiny|100/100\n|move|p1a: Corviknight|Roost|p1a: Corviknight\n|-heal|p1a: Corviknight|97/100\n|-singleturn|p1a: Corviknight|move: Roost\n|\n|upkeep\n|turn|10\n|\n|t:|1695167919\n|-terastallize|p2a: Preppy Chad|Steel\n|move|p2a: Preppy Chad|Quiver Dance|p2a: Preppy Chad\n|-boost|p2a: Preppy Chad|spa|1\n|-boost|p2a: Preppy Chad|spd|1\n|-boost|p2a: Preppy Chad|spe|1\n|move|p1a: Corviknight|Brave Bird|p2a: Preppy Chad\n|-resisted|p2a: Preppy Chad\n|-damage|p2a: Preppy Chad|67/100\n|-damage|p1a: Corviknight|90/100|[from] Recoil\n|\n|upkeep\n|turn|11\n|\n|t:|1695167926\n|move|p2a: Preppy Chad|Moonblast|p1a: Corviknight\n|-resisted|p1a: Corviknight\n|-damage|p1a: Corviknight|60/100\n|move|p1a: Corviknight|U-turn|p2a: Preppy Chad\n|-resisted|p2a: Preppy Chad\n|-damage|p2a: Preppy Chad|53/100\n|\n|t:|1695167937\n|switch|p1a: Ceruledge|Ceruledge, M|100/100|[from] U-turn\n|\n|upkeep\n|turn|12\n|\n|t:|1695167944\n|move|p2a: Preppy Chad|Moonblast|p1a: Ceruledge\n|-resisted|p1a: Ceruledge\n|-damage|p1a: Ceruledge|68/100\n|-unboost|p1a: Ceruledge|spa|1\n|move|p1a: Ceruledge|Bitter Blade|p2a: Preppy Chad\n|-supereffective|p2a: Preppy Chad\n|-damage|p2a: Preppy Chad|0 fnt\n|-heal|p1a: Ceruledge|89/100|[from] drain|[of] p2a: Preppy Chad\n|faint|p2a: Preppy Chad\n|\n|upkeep\n|\n|t:|1695167956\n|switch|p2a: Hood Chad|Quaquaval, M, shiny|23/100\n|turn|13\n|\n|t:|1695167971\n|move|p2a: Hood Chad|Aqua Jet|p1a: Ceruledge\n|-supereffective|p1a: Ceruledge\n|-crit|p1a: Ceruledge\n|-damage|p1a: Ceruledge|36/100\n|move|p1a: Ceruledge|Shadow Sneak|p2a: Hood Chad\n|-damage|p2a: Hood Chad|0 fnt\n|faint|p2a: Hood Chad\n|\n|upkeep\n|\n|t:|1695167975\n|switch|p2a: Floating Chad|Thundurus-Therian, M, shiny|88/100\n|turn|14\n|\n|t:|1695167982\n|switch|p2a: GarChad|Garchomp, M, shiny|94/100\n|move|p1a: Ceruledge|Bitter Blade|p2a: GarChad\n|-resisted|p2a: GarChad\n|-damage|p2a: GarChad|76/100\n|-heal|p1a: Ceruledge|46/100|[from] drain|[of] p2a: GarChad\n|-damage|p1a: Ceruledge|34/100|[from] ability: Rough Skin|[of] p2a: GarChad\n|\n|upkeep\n|turn|15\n|\n|t:|1695167988\n|move|p2a: GarChad|Swords Dance|p2a: GarChad\n|-boost|p2a: GarChad|atk|2\n|move|p1a: Ceruledge|Poltergeist|p2a: GarChad\n|-activate|p2a: GarChad|move: Poltergeist|Persim Berry\n|-damage|p2a: GarChad|30/100\n|\n|upkeep\n|turn|16\n|\n|t:|1695167995\n|move|p1a: Ceruledge|Shadow Sneak|p2a: GarChad\n|-damage|p2a: GarChad|12/100\n|-damage|p1a: Ceruledge|22/100|[from] ability: Rough Skin|[of] p2a: GarChad\n|move|p2a: GarChad|Scale Shot|p1a: Ceruledge\n|-damage|p1a: Ceruledge|0 fnt\n|faint|p1a: Ceruledge\n|-hitcount|p1: Ceruledge|1\n|-unboost|p2a: GarChad|def|1\n|-boost|p2a: GarChad|spe|1\n|\n|upkeep\n|\n|t:|1695167999\n|switch|p1a: Corviknight|Corviknight, F|60/100\n|-ability|p1a: Corviknight|Pressure\n|turn|17\n|\n|t:|1695168001\n|move|p2a: GarChad|Outrage|p1a: Corviknight\n|-resisted|p1a: Corviknight\n|-damage|p1a: Corviknight|17/100\n|-damage|p2a: GarChad|0 fnt|[from] item: Rocky Helmet|[of] p1a: Corviknight\n|faint|p2a: GarChad\n|move|p1a: Corviknight|Brave Bird|p2: GarChad|[notarget]\n|-fail|p1a: Corviknight\n|\n|upkeep\n|\n|t:|1695168005\n|switch|p2a: Angry Chad|Arcanine-Hisui, M, shiny|100/100\n|turn|18\n|\n|t:|1695168009\n|move|p2a: Angry Chad|Agility|p2a: Angry Chad\n|-boost|p2a: Angry Chad|spe|2\n|move|p1a: Corviknight|Roost|p1a: Corviknight\n|-heal|p1a: Corviknight|67/100\n|-singleturn|p1a: Corviknight|move: Roost\n|\n|upkeep\n|turn|19\n|\n|t:|1695168016\n|switch|p1a: Hippowdon|Hippowdon, F|42/100\n|-weather|Sandstorm|[from] ability: Sand Stream|[of] p1a: Hippowdon\n|move|p2a: Angry Chad|Flare Blitz|p1a: Hippowdon\n|-damage|p1a: Hippowdon|0 fnt\n|faint|p1a: Hippowdon\n|\n|-weather|Sandstorm|[upkeep]\n|upkeep\n|\n|t:|1695168029\n|switch|p1a: Salamence|Salamence, F|94/100\n|-ability|p1a: Salamence|Intimidate|boost\n|-unboost|p2a: Angry Chad|atk|1\n|turn|20\n|\n|t:|1695168036\n|switch|p2a: Floating Chad|Thundurus-Therian, M, shiny|88/100\n|switch|p1a: Corviknight|Corviknight, F|67/100\n|-ability|p1a: Corviknight|Pressure\n|\n|-weather|Sandstorm|[upkeep]\n|-damage|p2a: Floating Chad|82/100|[from] Sandstorm\n|upkeep\n|turn|21\n|\n|t:|1695168044\n|switch|p1a: Torterra|Torterra, M|100/100\n|move|p2a: Floating Chad|Volt Switch|p1a: Torterra\n|-immune|p1a: Torterra\n|\n|-weather|Sandstorm|[upkeep]\n|-damage|p2a: Floating Chad|76/100|[from] Sandstorm\n|upkeep\n|turn|22\n|\n|t:|1695168049\n|switch|p2a: Angry Chad|Arcanine-Hisui, M, shiny|100/100\n|move|p1a: Torterra|Shell Smash|p1a: Torterra\n|-unboost|p1a: Torterra|def|1\n|-unboost|p1a: Torterra|spd|1\n|-boost|p1a: Torterra|atk|2\n|-boost|p1a: Torterra|spa|2\n|-boost|p1a: Torterra|spe|2\n|\n|-weather|Sandstorm|[upkeep]\n|upkeep\n|turn|23\n|\n|t:|1695168055\n|move|p1a: Torterra|Bullet Seed|p2a: Angry Chad\n|-damage|p2a: Angry Chad|69/100\n|-damage|p2a: Angry Chad|39/100\n|-damage|p2a: Angry Chad|8/100\n|-damage|p2a: Angry Chad|0 fnt\n|faint|p2a: Angry Chad\n|-hitcount|p2: Angry Chad|4\n|\n|-weather|Sandstorm|[upkeep]\n|upkeep\n|\n|t:|1695168058\n|switch|p2a: Floating Chad|Thundurus-Therian, M, shiny|76/100\n|turn|24\n|\n|t:|1695168064\n|move|p1a: Torterra|Rock Blast|p2a: Floating Chad\n|-supereffective|p2a: Floating Chad\n|-damage|p2a: Floating Chad|25/100\n|-supereffective|p2a: Floating Chad\n|-damage|p2a: Floating Chad|0 fnt\n|faint|p2a: Floating Chad\n|-hitcount|p2: Floating Chad|2\n|\n|win|wizardlizard2017\n|raw|wizardlizard2017's rating: 1150 &rarr; <strong>1173</strong><br />(+23 for winning)\n|raw|BaldNecromancer's rating: 1118 &rarr; <strong>1095</strong><br />(-23 for losing)\n|c|\u2606wizardlizard2017|gg\n|l|\u2606BaldNecromancer\n", "uploadtime": 1695168078, "views": 1, "p1id": "wizardlizard2017", "p2id": "baldnecromancer", "formatid": "gen9ou", "rating": 1095, "private": 0, "password": ""}