{"id": "gen9ou-1947574900", "p1": "jaxyking", "p2": "CNT JuanS13", "format": "gen9ou", "log": "|j|\u2606jaxyking\n|j|\u2606CNT JuanS13\n|t:|1695174023\n|gametype|singles\n|player|p1|jaxyking|bellelba|1268\n|player|p2|CNT JuanS13|iono|1342\n|teamsize|p1|6\n|teamsize|p2|6\n|gen|9\n|tier|[Gen 9] OU\n|rated|\n|rule|Sleep Clause Mod: Limit one foe put to sleep\n|rule|Species Clause: Limit one of each Pok\u00e9mon\n|rule|OHKO Clause: OHKO moves are banned\n|rule|Evasion Items Clause: Evasion items are banned\n|rule|Evasion Moves Clause: Evasion moves are banned\n|rule|Endless Battle Clause: Forcing endless battles is banned\n|rule|HP Percentage Mod: HP is shown in percentages\n|clearpoke\n|poke|p1|Kingambit, M|\n|poke|p1|Manaphy|\n|poke|p1|Ninetales-Alola, F|\n|poke|p1|Enamorus, F|\n|poke|p1|Frosmoth, M|\n|poke|p1|Ogerpon-Hearthflame, F|\n|poke|p2|Ursaluna-Bloodmoon, M|\n|poke|p2|Ninetales-Alola, F|\n|poke|p2|Dondozo, F|\n|poke|p2|Kingambit, M|\n|poke|p2|Great Tusk|\n|poke|p2|Munkidori, M|\n|teampreview\n|\n|t:|1695174035\n|start\n|switch|p1a: Ogerpon|Ogerpon-Hearthflame, F|100/100\n|switch|p2a: Ninetales|Ninetales-Alola, F|100/100\n|-ability|p1a: Ogerpon|Mold Breaker\n|-weather|Snow|[from] ability: Snow Warning|[of] p2a: Ninetales\n|turn|1\n|\n|t:|1695174042\n|switch|p2a: Dondozo|Dondozo, F|100/100\n|-terastallize|p1a: Ogerpon|Fire\n|detailschange|p1a: Ogerpon|Ogerpon-Hearthflame-Tera, F, tera:Fire\n|-ability|p1a: Ogerpon|Embody Aspect (Hearthflame)|boost\n|-boost|p1a: Ogerpon|atk|1\n|move|p1a: Ogerpon|Ivy Cudgel|p2a: Dondozo\n|-resisted|p2a: Dondozo\n|-damage|p2a: Dondozo|83/100\n|\n|-weather|Snow|[upkeep]\n|-heal|p2a: Dondozo|89/100|[from] item: Leftovers\n|upkeep\n|turn|2\n|\n|t:|1695174056\n|switch|p1a: Manaphy|Manaphy|100/100\n|switch|p2a: Ninetales|Ninetales-Alola, F|100/100\n|\n|-weather|Snow|[upkeep]\n|upkeep\n|turn|3\n|\n|t:|1695174064\n|move|p2a: Ninetales|Aurora Veil|p2a: Ninetales\n|-sidestart|p2: CNT JuanS13|move: Aurora Veil\n|move|p1a: Manaphy|Scald|p2a: Ninetales\n|-damage|p2a: Ninetales|77/100\n|\n|-weather|Snow|[upkeep]\n|upkeep\n|turn|4\n|inactive|Battle timer is ON: inactive players will automatically lose when time's up. (requested by jaxyking)\n|\n|t:|1695174106\n|move|p2a: Ninetales|Moonblast|p1a: Manaphy\n|-damage|p1a: Manaphy|70/100\n|move|p1a: Manaphy|Tail Glow|p1a: Manaphy\n|-boost|p1a: Manaphy|spa|3\n|\n|-weather|Snow|[upkeep]\n|-heal|p1a: Manaphy|76/100|[from] item: Leftovers\n|upkeep\n|turn|5\n|\n|t:|1695174115\n|move|p2a: Ninetales|Encore|p1a: Manaphy\n|-start|p1a: Manaphy|Encore\n|move|p1a: Manaphy|Tail Glow|p1a: Manaphy\n|-boost|p1a: Manaphy|spa|3\n|\n|-weather|none\n|-heal|p1a: Manaphy|82/100|[from] item: Leftovers\n|upkeep\n|turn|6\n|\n|t:|1695174122\n|move|p2a: Ninetales|Moonblast|p1a: Manaphy\n|-damage|p1a: Manaphy|52/100\n|move|p1a: Manaphy|Tail Glow|p1a: Manaphy\n|-boost|p1a: Manaphy|spa|0\n|\n|-heal|p1a: Manaphy|58/100|[from] item: Leftovers\n|upkeep\n|turn|7\n|\n|t:|1695174130\n|move|p2a: Ninetales|Moonblast|p1a: Manaphy\n|-damage|p1a: Manaphy|29/100\n|move|p1a: Manaphy|Tail Glow|p1a: Manaphy\n|-boost|p1a: Manaphy|spa|0\n|\n|-heal|p1a: Manaphy|36/100|[from] item: Leftovers\n|-end|p1a: Manaphy|Encore\n|upkeep\n|turn|8\n|\n|t:|1695174135\n|move|p2a: Ninetales|Encore|p1a: Manaphy\n|-start|p1a: Manaphy|Encore\n|move|p1a: Manaphy|Tail Glow|p1a: Manaphy\n|-boost|p1a: Manaphy|spa|0\n|\n|-heal|p1a: Manaphy|42/100|[from] item: Leftovers\n|upkeep\n|turn|9\n|\n|t:|1695174146\n|switch|p1a: Ogerpon|Ogerpon-Hearthflame-Tera, F, tera:Fire|100/100\n|-ability|p1a: Ogerpon|Embody Aspect (Hearthflame)|boost\n|-boost|p1a: Ogerpon|atk|1\n|move|p2a: Ninetales|Moonblast|p1a: Ogerpon\n|-resisted|p1a: Ogerpon\n|-damage|p1a: Ogerpon|80/100\n|\n|upkeep\n|turn|10\n|\n|t:|1695174151\n|switch|p2a: Great Tusk|Great Tusk|100/100\n|move|p1a: Ogerpon|Ivy Cudgel|p2a: Great Tusk\n|-damage|p2a: Great Tusk|73/100\n|\n|-heal|p2a: Great Tusk|79/100|[from] item: Leftovers\n|-sideend|p2: CNT JuanS13|move: Aurora Veil\n|upkeep\n|turn|11\n|inactive|jaxyking has 120 seconds left.\n|\n|t:|1695174192\n|switch|p1a: Enamorus|Enamorus, F|100/100\n|move|p2a: Great Tusk|Stealth Rock|p1a: Enamorus\n|-sidestart|p1: jaxyking|move: Stealth Rock\n|\n|-heal|p2a: Great Tusk|86/100|[from] item: Leftovers\n|upkeep\n|turn|12\n|\n|t:|1695174210\n|-end|p2a: Great Tusk|Protosynthesis|[silent]\n|switch|p2a: Ninetales|Ninetales-Alola, F|77/100\n|-weather|Snow|[from] ability: Snow Warning|[of] p2a: Ninetales\n|move|p1a: Enamorus|Moonblast|p2a: Ninetales\n|-damage|p2a: Ninetales|14/100\n|\n|-weather|Snow|[upkeep]\n|upkeep\n|turn|13\n|\n|t:|1695174215\n|move|p1a: Enamorus|Moonblast|p2a: Ninetales\n|-damage|p2a: Ninetales|0 fnt\n|faint|p2a: Ninetales\n|\n|-weather|Snow|[upkeep]\n|upkeep\n|\n|t:|1695174220\n|switch|p2a: Munkidori|Munkidori, M|100/100\n|turn|14\n|inactive|jaxyking has 120 seconds left.\n|\n|t:|1695174252\n|switch|p1a: Manaphy|Manaphy|42/100\n|-damage|p1a: Manaphy|29/100|[from] Stealth Rock\n|move|p2a: Munkidori|Nasty Plot|p2a: Munkidori\n|-boost|p2a: Munkidori|spa|2\n|\n|-weather|Snow|[upkeep]\n|-heal|p1a: Manaphy|36/100|[from] item: Leftovers\n|upkeep\n|turn|15\n|\n|t:|1695174257\n|move|p2a: Munkidori|Sludge Wave|p1a: Manaphy\n|-damage|p1a: Manaphy|0 fnt\n|faint|p1a: Manaphy\n|\n|-weather|Snow|[upkeep]\n|upkeep\n|\n|t:|1695174268\n|switch|p1a: Kingambit|Kingambit, M|100/100\n|-damage|p1a: Kingambit|94/100|[from] Stealth Rock\n|-activate|p1a: Kingambit|ability: Supreme Overlord\n|-start|p1a: Kingambit|fallen1|[silent]\n|turn|16\n|\n|t:|1695174275\n|-terastallize|p2a: Munkidori|Fire\n|move|p2a: Munkidori|Tera Blast|p1a: Kingambit\n|-supereffective|p1a: Kingambit\n|-damage|p1a: Kingambit|0 fnt\n|faint|p1a: Kingambit\n|-end|p1a: Kingambit|fallen1|[silent]\n|\n|-weather|none\n|upkeep\n|\n|t:|1695174295\n|switch|p1a: Enamorus|Enamorus, F|100/100\n|-damage|p1a: Enamorus|76/100|[from] Stealth Rock\n|turn|17\n|\n|t:|1695174305\n|switch|p2a: Great Tusk|Great Tusk|86/100\n|move|p1a: Enamorus|Earth Power|p2a: Great Tusk\n|-damage|p2a: Great Tusk|47/100\n|\n|-heal|p2a: Great Tusk|53/100|[from] item: Leftovers\n|upkeep\n|turn|18\n|\n|t:|1695174324\n|switch|p1a: Ninetales|Ninetales-Alola, F|100/100\n|-damage|p1a: Ninetales|76/100|[from] Stealth Rock\n|-weather|Snow|[from] ability: Snow Warning|[of] p1a: Ninetales\n|move|p2a: Great Tusk|Knock Off|p1a: Ninetales\n|-resisted|p1a: Ninetales\n|-damage|p1a: Ninetales|60/100\n|-enditem|p1a: Ninetales|Light Clay|[from] move: Knock Off|[of] p2a: Great Tusk\n|\n|-weather|Snow|[upkeep]\n|-heal|p2a: Great Tusk|59/100|[from] item: Leftovers\n|upkeep\n|turn|19\n|\n|t:|1695174342\n|-end|p2a: Great Tusk|Protosynthesis|[silent]\n|switch|p2a: Kingambit|Kingambit, M|100/100\n|-activate|p2a: Kingambit|ability: Supreme Overlord\n|-start|p2a: Kingambit|fallen1|[silent]\n|move|p1a: Ninetales|Aurora Veil|p1a: Ninetales\n|-sidestart|p1: jaxyking|move: Aurora Veil\n|\n|-weather|Snow|[upkeep]\n|upkeep\n|turn|20\n|inactive|jaxyking has 90 seconds left.\n|\n|t:|1695174365\n|move|p1a: Ninetales|Hypnosis|p2a: Kingambit|[miss]\n|-miss|p1a: Ninetales|p2a: Kingambit\n|move|p2a: Kingambit|Kowtow Cleave|p1a: Ninetales\n|-resisted|p1a: Ninetales\n|-damage|p1a: Ninetales|47/100\n|\n|-weather|Snow|[upkeep]\n|upkeep\n|turn|21\n|inactive|jaxyking has 90 seconds left.\n|\n|t:|1695174375\n|-end|p2a: Kingambit|fallen1|[silent]\n|switch|p2a: Great Tusk|Great Tusk|59/100\n|move|p1a: Ninetales|Encore||[still]\n|-fail|p1a: Ninetales\n|\n|-weather|Snow|[upkeep]\n|-heal|p2a: Great Tusk|66/100|[from] item: Leftovers\n|upkeep\n|turn|22\n|\n|t:|1695174383\n|-end|p2a: Great Tusk|Protosynthesis|[silent]\n|switch|p2a: Kingambit|Kingambit, M|100/100\n|-activate|p2a: Kingambit|ability: Supreme Overlord\n|-start|p2a: Kingambit|fallen1|[silent]\n|move|p1a: Ninetales|Freeze-Dry|p2a: Kingambit\n|-resisted|p2a: Kingambit\n|-damage|p2a: Kingambit|88/100\n|\n|-weather|none\n|-heal|p2a: Kingambit|95/100|[from] item: Leftovers\n|upkeep\n|turn|23\n|inactive|jaxyking has 90 seconds left.\n|\n|t:|1695174412\n|switch|p1a: Enamorus|Enamorus, F|76/100\n|-damage|p1a: Enamorus|51/100|[from] Stealth Rock\n|-end|p2a: Kingambit|fallen1|[silent]\n|switch|p2a: Munkidori|Munkidori, M, tera:Fire|100/100\n|\n|-sideend|p1: jaxyking|move: Aurora Veil\n|upkeep\n|turn|24\n|inactive|jaxyking has 90 seconds left.\n|\n|t:|1695174425\n|move|p1a: Enamorus|Earth Power|p2a: Munkidori\n|-supereffective|p2a: Munkidori\n|-damage|p2a: Munkidori|27/100\n|move|p2a: Munkidori|Sludge Wave|p1a: Enamorus\n|-supereffective|p1a: Enamorus\n|-damage|p1a: Enamorus|0 fnt\n|faint|p1a: Enamorus\n|\n|upkeep\n|inactive|jaxyking has 90 seconds left.\n|\n|t:|1695174435\n|switch|p1a: Ogerpon|Ogerpon-Hearthflame-Tera, F, tera:Fire|80/100\n|-damage|p1a: Ogerpon|55/100|[from] Stealth Rock\n|-ability|p1a: Ogerpon|Embody Aspect (Hearthflame)|boost\n|-boost|p1a: Ogerpon|atk|1\n|turn|25\n|\n|t:|1695174440\n|move|p1a: Ogerpon|Ivy Cudgel|p2a: Munkidori\n|-resisted|p2a: Munkidori\n|-crit|p2a: Munkidori\n|-damage|p2a: Munkidori|0 fnt\n|faint|p2a: Munkidori\n|\n|upkeep\n|\n|t:|1695174445\n|switch|p2a: Dondozo|Dondozo, F|89/100\n|turn|26\n|\n|t:|1695174451\n|move|p1a: Ogerpon|Trailblaze|p2a: Dondozo\n|-supereffective|p2a: Dondozo\n|-damage|p2a: Dondozo|63/100\n|-boost|p1a: Ogerpon|spe|1\n|move|p2a: Dondozo|Liquidation|p1a: Ogerpon\n|-supereffective|p1a: Ogerpon\n|-damage|p1a: Ogerpon|0 fnt\n|faint|p1a: Ogerpon\n|\n|-heal|p2a: Dondozo|69/100|[from] item: Leftovers\n|upkeep\n|\n|t:|1695174460\n|switch|p1a: Frosmoth|Frosmoth, M|100/100\n|turn|27\n|\n|t:|1695174465\n|switch|p2a: Kingambit|Kingambit, M|95/100\n|-activate|p2a: Kingambit|ability: Supreme Overlord\n|-start|p2a: Kingambit|fallen2|[silent]\n|move|p1a: Frosmoth|Quiver Dance|p1a: Frosmoth\n|-boost|p1a: Frosmoth|spa|1\n|-boost|p1a: Frosmoth|spd|1\n|-boost|p1a: Frosmoth|spe|1\n|\n|-heal|p2a: Kingambit|100/100|[from] item: Leftovers\n|upkeep\n|turn|28\n|inactive|jaxyking has 120 seconds left.\n|-message|jaxyking forfeited.\n|\n|win|CNT JuanS13\n|raw|jaxyking's rating: 1268 &rarr; <strong>1248</strong><br />(-20 for losing)\n|raw|CNT JuanS13's rating: 1342 &rarr; <strong>1358</strong><br />(+16 for winning)\n|l|\u2606jaxyking\n", "uploadtime": 1695174485, "views": 4, "p1id": "jaxyking", "p2id": "cntjuans13", "formatid": "gen9ou", "rating": 1248, "private": 0, "password": ""}