{"id": "gen9ou-1947495881", "p1": "Click More Buttons", "p2": "Th3K1ng123", "format": "gen9ou", "log": "|j|\u2606Click More Buttons\n|j|\u2606Th3K1ng123\n|t:|1695166304\n|gametype|singles\n|player|p1|Click More Buttons|burglar|1179\n|player|p2|Th3K1ng123|turo|1272\n|teamsize|p1|6\n|teamsize|p2|6\n|gen|9\n|tier|[Gen 9] OU\n|rated|\n|rule|Sleep Clause Mod: Limit one foe put to sleep\n|rule|Species Clause: Limit one of each Pok\u00e9mon\n|rule|OHKO Clause: OHKO moves are banned\n|rule|Evasion Items Clause: Evasion items are banned\n|rule|Evasion Moves Clause: Evasion moves are banned\n|rule|Endless Battle Clause: Forcing endless battles is banned\n|rule|HP Percentage Mod: HP is shown in percentages\n|clearpoke\n|poke|p1|Munkidori, M|\n|poke|p1|Okidogi, M|\n|poke|p1|Ursaluna-Bloodmoon, M|\n|poke|p1|Kleavor, M|\n|poke|p1|Gengar, F|\n|poke|p1|Hoopa-Unbound|\n|poke|p2|Empoleon, M|\n|poke|p2|Dondozo, M|\n|poke|p2|Walking Wake|\n|poke|p2|Greninja-*, M|\n|poke|p2|Rotom-Wash|\n|poke|p2|Quaquaval, M|\n|teampreview\n|inactive|Battle timer is ON: inactive players will automatically lose when time's up. (requested by Th3K1ng123)\n|\n|t:|1695166309\n|start\n|switch|p1a: Kleavor|Kleavor, M|100/100\n|switch|p2a: Drip|Empoleon, M, shiny|100/100\n|turn|1\n|inactive|Click More Buttons has 120 seconds left.\n|inactive|Click More Buttons has 90 seconds left.\n|inactive|Click More Buttons has 60 seconds left.\n|inactive|Click More Buttons has 30 seconds left.\n|inactive|Click More Buttons has 20 seconds left.\n|\n|t:|1695166443\n|move|p1a: Kleavor|U-turn|p2a: Drip\n|-resisted|p2a: Drip\n|-damage|p2a: Drip|84/100\n|-damage|p1a: Kleavor|84/100|[from] item: Rocky Helmet|[of] p2a: Drip\n|inactive|Click More Buttons has 25 seconds left this turn.\n|inactive|Click More Buttons has 20 seconds left.\n|\n|t:|1695166451\n|switch|p1a: Hoopa|Hoopa-Unbound|100/100|[from] U-turn\n|move|p2a: Drip|Yawn|p1a: Hoopa\n|-start|p1a: Hoopa|move: Yawn|[of] p2a: Drip\n|\n|upkeep\n|turn|2\n|inactive|Click More Buttons has 30 seconds left this turn.\n|inactive|Click More Buttons has 20 seconds left.\n|inactive|Click More Buttons has 15 seconds left.\n|\n|t:|1695166469\n|switch|p1a: Kleavor|Kleavor, M|84/100\n|move|p2a: Drip|Stealth Rock|p1a: Kleavor\n|-sidestart|p1: Click More Buttons|move: Stealth Rock\n|\n|upkeep\n|turn|3\n|inactive|Click More Buttons has 25 seconds left this turn.\n|inactive|Click More Buttons has 20 seconds left.\n|\n|t:|1695166477\n|move|p1a: Kleavor|U-turn|p2a: Drip\n|-resisted|p2a: Drip\n|-damage|p2a: Drip|69/100\n|-damage|p1a: Kleavor|68/100|[from] item: Rocky Helmet|[of] p2a: Drip\n|inactive|Click More Buttons has 25 seconds left this turn.\n|\n|t:|1695166482\n|switch|p1a: Hoopa|Hoopa-Unbound|100/100|[from] U-turn\n|-damage|p1a: Hoopa|88/100|[from] Stealth Rock\n|move|p2a: Drip|Yawn|p1a: Hoopa\n|-start|p1a: Hoopa|move: Yawn|[of] p2a: Drip\n|\n|upkeep\n|turn|4\n|inactive|Click More Buttons has 30 seconds left.\n|\n|t:|1695166496\n|move|p1a: Hoopa|Dark Pulse|p2a: Drip\n|-damage|p2a: Drip|27/100\n|move|p2a: Drip|Chilling Water|p1a: Hoopa\n|-damage|p1a: Hoopa|77/100\n|-unboost|p1a: Hoopa|atk|1\n|\n|-end|p1a: Hoopa|move: Yawn|[silent]\n|-status|p1a: Hoopa|slp\n|upkeep\n|turn|5\n|inactive|Click More Buttons has 30 seconds left.\n|\n|t:|1695166505\n|cant|p1a: Hoopa|slp\n|move|p2a: Drip|Roost|p2a: Drip\n|-heal|p2a: Drip|77/100\n|-singleturn|p2a: Drip|move: Roost\n|\n|upkeep\n|turn|6\n|\n|t:|1695166512\n|switch|p2a: Le Phrog|Greninja, M|100/100\n|-curestatus|p1a: Hoopa|slp|[msg]\n|move|p1a: Hoopa|Dark Pulse|p2a: Le Phrog\n|-resisted|p2a: Le Phrog\n|-damage|p2a: Le Phrog|61/100\n|\n|upkeep\n|turn|7\n|\n|t:|1695166521\n|move|p2a: Le Phrog|Night Slash|p1a: Hoopa\n|-crit|p1a: Hoopa\n|-damage|p1a: Hoopa|0 fnt\n|faint|p1a: Hoopa\n|-ability|p2a: Le Phrog|Battle Bond|boost\n|-boost|p2a: Le Phrog|atk|1\n|-boost|p2a: Le Phrog|spa|1\n|-boost|p2a: Le Phrog|spe|1\n|-activate|p2a: Le Phrog|ability: Battle Bond\n|\n|upkeep\n|\n|t:|1695166534\n|switch|p1a: Okidogi|Okidogi, M|100/100\n|-damage|p1a: Okidogi|95/100|[from] Stealth Rock\n|turn|8\n|\n|t:|1695166550\n|move|p2a: Le Phrog|Liquidation|p1a: Okidogi\n|-damage|p1a: Okidogi|47/100\n|move|p1a: Okidogi|Close Combat|p2a: Le Phrog\n|-supereffective|p2a: Le Phrog\n|-damage|p2a: Le Phrog|0 fnt\n|-unboost|p1a: Okidogi|def|1\n|-unboost|p1a: Okidogi|spd|1\n|faint|p2a: Le Phrog\n|\n|upkeep\n|\n|t:|1695166558\n|switch|p2a: Raptor|Walking Wake|100/100\n|-enditem|p2a: Raptor|Booster Energy\n|-activate|p2a: Raptor|ability: Protosynthesis|[fromitem]\n|-start|p2a: Raptor|protosynthesisspe\n|turn|9\n|\n|t:|1695166571\n|switch|p1a: Ursaluna|Ursaluna-Bloodmoon, M|100/100\n|-damage|p1a: Ursaluna|94/100|[from] Stealth Rock\n|move|p2a: Raptor|Hydro Steam|p1a: Ursaluna\n|-supereffective|p1a: Ursaluna\n|-damage|p1a: Ursaluna|31/100\n|\n|upkeep\n|turn|10\n|\n|t:|1695166592\n|move|p2a: Raptor|Hydro Steam|p1a: Ursaluna\n|-supereffective|p1a: Ursaluna\n|-damage|p1a: Ursaluna|0 fnt\n|faint|p1a: Ursaluna\n|\n|upkeep\n|\n|t:|1695166606\n|switch|p1a: Munkidori|Munkidori, M|100/100\n|-damage|p1a: Munkidori|88/100|[from] Stealth Rock\n|turn|11\n|\n|t:|1695166622\n|move|p2a: Raptor|Dragon Pulse|p1a: Munkidori\n|-damage|p1a: Munkidori|35/100\n|move|p1a: Munkidori|Psychic|p2a: Raptor\n|-damage|p2a: Raptor|42/100\n|-status|p2a: Raptor|tox|[from] ability: Toxic Chain|[of] p1a: Munkidori\n|\n|-damage|p2a: Raptor|36/100 tox|[from] psn\n|upkeep\n|turn|12\n|\n|t:|1695166632\n|move|p2a: Raptor|Dragon Pulse|p1a: Munkidori\n|-damage|p1a: Munkidori|0 fnt\n|faint|p1a: Munkidori\n|\n|-damage|p2a: Raptor|24/100 tox|[from] psn\n|upkeep\n|\n|t:|1695166645\n|switch|p1a: Kleavor|Kleavor, M|68/100\n|-damage|p1a: Kleavor|43/100|[from] Stealth Rock\n|turn|13\n|\n|t:|1695166652\n|move|p2a: Raptor|Hydro Steam|p1a: Kleavor\n|-supereffective|p1a: Kleavor\n|-damage|p1a: Kleavor|0 fnt\n|faint|p1a: Kleavor\n|\n|-damage|p2a: Raptor|5/100 tox|[from] psn\n|upkeep\n|\n|t:|1695166662\n|switch|p1a: Okidogi|Okidogi, M|47/100\n|-damage|p1a: Okidogi|41/100|[from] Stealth Rock\n|turn|14\n|inactive|Th3K1ng123 has 120 seconds left.\n|\n|t:|1695166700\n|move|p2a: Raptor|Dragon Pulse|p1a: Okidogi\n|-damage|p1a: Okidogi|0 fnt\n|faint|p1a: Okidogi\n|\n|-damage|p2a: Raptor|0 fnt|[from] psn\n|faint|p2a: Raptor\n|-end|p2a: Raptor|Protosynthesis|[silent]\n|upkeep\n|inactive|Th3K1ng123 has 120 seconds left.\n|\n|t:|1695166718\n|switch|p2a: Drip|Empoleon, M, shiny|77/100\n|switch|p1a: Gengar|Gengar, F|100/100\n|-damage|p1a: Gengar|88/100|[from] Stealth Rock\n|turn|15\n|inactive|Th3K1ng123 has 120 seconds left.\n|inactive|Click More Buttons has 30 seconds left.\n|inactive|Click More Buttons has 20 seconds left.\n|\n|t:|1695166755\n|move|p1a: Gengar|Thunderbolt|p2a: Drip\n|-supereffective|p2a: Drip\n|-damage|p2a: Drip|23/100\n|move|p2a: Drip|Yawn|p1a: Gengar\n|-start|p1a: Gengar|move: Yawn|[of] p2a: Drip\n|\n|upkeep\n|turn|16\n|inactive|Click More Buttons has 30 seconds left this turn.\n|inactive|Th3K1ng123 has 120 seconds left.\n|\n|t:|1695166767\n|-terastallize|p2a: Drip|Ghost\n|move|p1a: Gengar|Thunderbolt|p2a: Drip\n|-damage|p2a: Drip|0 fnt\n|faint|p2a: Drip\n|\n|-end|p1a: Gengar|move: Yawn|[silent]\n|-status|p1a: Gengar|slp\n|upkeep\n|inactive|Click More Buttons has 30 seconds left this turn.\n|\n|t:|1695166773\n|switch|p2a: Quavo|Quaquaval, M, shiny|100/100\n|turn|17\n|\n|t:|1695166777\n|cant|p1a: Gengar|slp\n|move|p2a: Quavo|Aqua Step|p1a: Gengar\n|-damage|p1a: Gengar|12/100 slp\n|-boost|p2a: Quavo|spe|1\n|\n|upkeep\n|turn|18\n|\n|t:|1695166784\n|cant|p1a: Gengar|slp\n|move|p2a: Quavo|Aqua Step|p1a: Gengar\n|-damage|p1a: Gengar|0 fnt\n|-boost|p2a: Quavo|spe|1\n|-start|p2a: Quavo|Disable|Aqua Step|[from] ability: Cursed Body|[of] p1a: Gengar\n|faint|p1a: Gengar\n|\n|win|Th3K1ng123\n|raw|Click More Buttons's rating: 1179 &rarr; <strong>1161</strong><br />(-18 for losing)\n|raw|Th3K1ng123's rating: 1272 &rarr; <strong>1290</strong><br />(+18 for winning)\n|l|\u2606Click More Buttons\n", "uploadtime": 1695166793, "views": 1, "p1id": "clickmorebuttons", "p2id": "th3k1ng123", "formatid": "gen9ou", "rating": 1161, "private": 0, "password": ""}