{"id": "gen9ou-1947485432", "p1": "MegaDano24", "p2": "IGuessJames", "format": "gen9ou", "log": "|j|\u2606MegaDano24\n|j|\u2606IGuessJames\n|t:|1695165257\n|gametype|singles\n|player|p1|MegaDano24|dawn-gen4pt|1479\n|player|p2|IGuessJames|rosa|1490\n|teamsize|p1|6\n|teamsize|p2|6\n|gen|9\n|tier|[Gen 9] OU\n|rated|\n|rule|Sleep Clause Mod: Limit one foe put to sleep\n|rule|Species Clause: Limit one of each Pok\u00e9mon\n|rule|OHKO Clause: OHKO moves are banned\n|rule|Evasion Items Clause: Evasion items are banned\n|rule|Evasion Moves Clause: Evasion moves are banned\n|rule|Endless Battle Clause: Forcing endless battles is banned\n|rule|HP Percentage Mod: HP is shown in percentages\n|clearpoke\n|poke|p1|Garchomp, M|\n|poke|p1|Grimmsnarl, M|\n|poke|p1|Ogerpon-Hearthflame, F|\n|poke|p1|Great Tusk|\n|poke|p1|Heatran, F|\n|poke|p1|Rotom-Wash|\n|poke|p2|Ogerpon-Hearthflame, F|\n|poke|p2|Sneasler, F|\n|poke|p2|Weavile, M|\n|poke|p2|Ursaluna-Bloodmoon, M|\n|poke|p2|Rotom-Wash|\n|poke|p2|Clefable, F|\n|teampreview\n|l|\u2606MegaDano24\n|player|p1|\n|j|\u2606MegaDano24\n|player|p1|MegaDano24|dawn-gen4pt\n|inactive|Battle timer is ON: inactive players will automatically lose when time's up. (requested by MegaDano24)\n|\n|t:|1695165297\n|start\n|switch|p1a: Grimmsnarl|Grimmsnarl, M|100/100\n|switch|p2a: Sneasler|Sneasler, F|100/100\n|turn|1\n|\n|t:|1695165302\n|switch|p2a: Clefable|Clefable, F|100/100\n|move|p1a: Grimmsnarl|Reflect|p1a: Grimmsnarl\n|-sidestart|p1: MegaDano24|Reflect\n|\n|upkeep\n|turn|2\n|\n|t:|1695165308\n|move|p1a: Grimmsnarl|Parting Shot|p2a: Clefable\n|-unboost|p2a: Clefable|atk|1\n|-unboost|p2a: Clefable|spa|1\n|\n|t:|1695165316\n|switch|p1a: Rotom|Rotom-Wash|100/100|[from] Parting Shot\n|move|p2a: Clefable|Thunder Wave|p1a: Rotom\n|-immune|p1a: Rotom\n|\n|upkeep\n|turn|3\n|l|\u2606MegaDano24\n|inactive|MegaDano24 disconnected and has a minute to reconnect!\n|player|p1|\n|j|\u2606MegaDano24\n|inactive|MegaDano24 reconnected and has 135 seconds left.\n|player|p1|MegaDano24|dawn-gen4pt\n|\n|t:|1695165334\n|move|p1a: Rotom|Trick|p2a: Clefable\n|-activate|p1a: Rotom|move: Trick|[of] p2a: Clefable\n|-item|p2a: Clefable|Choice Scarf|[from] move: Trick\n|-item|p1a: Rotom|Leftovers|[from] move: Trick\n|move|p2a: Clefable|Moonblast|p1a: Rotom\n|-damage|p1a: Rotom|76/100\n|\n|-heal|p1a: Rotom|83/100|[from] item: Leftovers\n|upkeep\n|turn|4\n|\n|t:|1695165343\n|move|p1a: Rotom|Volt Switch|p2a: Clefable\n|-damage|p2a: Clefable|84/100\n|\n|t:|1695165349\n|switch|p1a: Ogerpon|Ogerpon-Hearthflame, F|100/100|[from] Volt Switch\n|-ability|p1a: Ogerpon|Mold Breaker\n|move|p2a: Clefable|Moonblast|p1a: Ogerpon\n|-resisted|p1a: Ogerpon\n|-damage|p1a: Ogerpon|88/100\n|-unboost|p1a: Ogerpon|spa|1\n|\n|upkeep\n|turn|5\n|\n|t:|1695165356\n|switch|p2a: Sneasler|Sneasler, F|100/100\n|move|p1a: Ogerpon|Trailblaze|p2a: Sneasler\n|-resisted|p2a: Sneasler\n|-damage|p2a: Sneasler|76/100\n|-boost|p1a: Ogerpon|spe|1\n|\n|upkeep\n|turn|6\n|\n|t:|1695165362\n|-terastallize|p1a: Ogerpon|Fire\n|detailschange|p1a: Ogerpon|Ogerpon-Hearthflame-Tera, F, tera:Fire\n|-ability|p1a: Ogerpon|Embody Aspect (Hearthflame)|boost\n|-boost|p1a: Ogerpon|atk|1\n|move|p1a: Ogerpon|Stomping Tantrum|p2a: Sneasler\n|-supereffective|p2a: Sneasler\n|-damage|p2a: Sneasler|0 fnt\n|faint|p2a: Sneasler\n|\n|upkeep\n|\n|t:|1695165376\n|switch|p2a: Clefable|Clefable, F|84/100\n|turn|7\n|\n|t:|1695165379\n|move|p1a: Ogerpon|Ivy Cudgel|p2a: Clefable\n|-damage|p2a: Clefable|0 fnt\n|faint|p2a: Clefable\n|\n|upkeep\n|\n|t:|1695165389\n|switch|p2a: Ursaluna|Ursaluna-Bloodmoon, M|100/100\n|turn|8\n|l|\u2606MegaDano24\n|inactive|MegaDano24 disconnected and has a minute to reconnect!\n|player|p1|\n|j|\u2606MegaDano24\n|inactive|MegaDano24 reconnected and has 145 seconds left.\n|player|p1|MegaDano24|dawn-gen4pt\n|\n|t:|1695165414\n|switch|p1a: Heatran|Heatran, F|100/100\n|-item|p1a: Heatran|Air Balloon\n|move|p2a: Ursaluna|Blood Moon|p1a: Heatran\n|-resisted|p1a: Heatran\n|-damage|p1a: Heatran|72/100\n|-enditem|p1a: Heatran|Air Balloon\n|\n|-sideend|p1: MegaDano24|Reflect\n|upkeep\n|turn|9\n|\n|t:|1695165419\n|move|p1a: Heatran|Magma Storm|p2a: Ursaluna\n|-damage|p2a: Ursaluna|54/100\n|-activate|p2a: Ursaluna|move: Magma Storm|[of] p1a: Heatran\n|move|p2a: Ursaluna|Substitute|p2a: Ursaluna\n|-start|p2a: Ursaluna|Substitute\n|-end|p2a: Ursaluna|Magma Storm|[partiallytrapped]|[silent]\n|-damage|p2a: Ursaluna|29/100\n|\n|-heal|p2a: Ursaluna|35/100|[from] item: Leftovers\n|upkeep\n|turn|10\n|\n|t:|1695165422\n|move|p1a: Heatran|Earth Power|p2a: Ursaluna\n|-end|p2a: Ursaluna|Substitute\n|move|p2a: Ursaluna|Earth Power|p1a: Heatran\n|-supereffective|p1a: Heatran\n|-damage|p1a: Heatran|0 fnt\n|faint|p1a: Heatran\n|\n|-heal|p2a: Ursaluna|41/100|[from] item: Leftovers\n|upkeep\n|\n|t:|1695165435\n|switch|p1a: Garchomp|Garchomp, M|100/100\n|turn|11\n|\n|t:|1695165439\n|move|p1a: Garchomp|Liquidation|p2a: Ursaluna\n|-supereffective|p2a: Ursaluna\n|-damage|p2a: Ursaluna|4/100\n|move|p2a: Ursaluna|Blood Moon|p1a: Garchomp\n|-damage|p1a: Garchomp|15/100\n|\n|-heal|p2a: Ursaluna|10/100|[from] item: Leftovers\n|upkeep\n|turn|12\n|\n|t:|1695165443\n|switch|p2a: Rotom|Rotom-Wash|100/100\n|move|p1a: Garchomp|Scale Shot|p2a: Rotom\n|-damage|p2a: Rotom|91/100\n|-damage|p2a: Rotom|80/100\n|-damage|p2a: Rotom|70/100\n|-damage|p2a: Rotom|61/100\n|-hitcount|p2a: Rotom|4\n|-unboost|p1a: Garchomp|def|1\n|-boost|p1a: Garchomp|spe|1\n|\n|-heal|p2a: Rotom|67/100|[from] item: Leftovers\n|upkeep\n|turn|13\n|\n|t:|1695165450\n|move|p1a: Garchomp|Scale Shot|p2a: Rotom\n|-damage|p2a: Rotom|58/100\n|-damage|p2a: Rotom|48/100\n|-damage|p2a: Rotom|39/100\n|-damage|p2a: Rotom|29/100\n|-damage|p2a: Rotom|19/100\n|-hitcount|p2a: Rotom|5\n|-unboost|p1a: Garchomp|def|1\n|-boost|p1a: Garchomp|spe|1\n|move|p2a: Rotom|Hydro Pump|p1a: Garchomp\n|-damage|p1a: Garchomp|0 fnt\n|faint|p1a: Garchomp\n|\n|-heal|p2a: Rotom|25/100|[from] item: Leftovers\n|upkeep\n|\n|t:|1695165455\n|switch|p1a: Ogerpon|Ogerpon-Hearthflame-Tera, F, tera:Fire|88/100\n|-ability|p1a: Ogerpon|Embody Aspect (Hearthflame)|boost\n|-boost|p1a: Ogerpon|atk|1\n|turn|14\n|\n|t:|1695165459\n|move|p2a: Rotom|Protect|p2a: Rotom\n|-singleturn|p2a: Rotom|Protect\n|move|p1a: Ogerpon|Trailblaze|p2a: Rotom\n|-activate|p2a: Rotom|move: Protect\n|\n|-heal|p2a: Rotom|31/100|[from] item: Leftovers\n|upkeep\n|turn|15\n|l|\u2606MegaDano24\n|inactive|MegaDano24 disconnected and has a minute to reconnect!\n|player|p1|\n|j|\u2606MegaDano24\n|inactive|MegaDano24 reconnected and has 135 seconds left.\n|player|p1|MegaDano24|dawn-gen4pt\n|inactive|IGuessJames has 120 seconds left.\n|inactive|IGuessJames has 90 seconds left.\n|l|\u2606MegaDano24\n|inactive|MegaDano24 disconnected and has a minute to reconnect!\n|player|p1|\n|j|\u2606MegaDano24\n|inactive|MegaDano24 reconnected.\n|player|p1|MegaDano24|dawn-gen4pt\n|\n|t:|1695165542\n|-terastallize|p2a: Rotom|Grass\n|move|p1a: Ogerpon|Trailblaze|p2a: Rotom\n|-resisted|p2a: Rotom\n|-damage|p2a: Rotom|15/100\n|-boost|p1a: Ogerpon|spe|1\n|move|p2a: Rotom|Hydro Pump|p1a: Ogerpon\n|-supereffective|p1a: Ogerpon\n|-damage|p1a: Ogerpon|0 fnt\n|faint|p1a: Ogerpon\n|\n|-heal|p2a: Rotom|21/100|[from] item: Leftovers\n|upkeep\n|inactive|MegaDano24 has 120 seconds left.\n|\n|t:|1695165558\n|switch|p1a: Great Tusk|Great Tusk|100/100\n|turn|16\n|\n|t:|1695165565\n|move|p1a: Great Tusk|Rapid Spin|p2a: Rotom\n|-damage|p2a: Rotom|8/100\n|-boost|p1a: Great Tusk|spe|1\n|move|p2a: Rotom|Will-O-Wisp|p1a: Great Tusk\n|-status|p1a: Great Tusk|brn\n|\n|-heal|p2a: Rotom|14/100|[from] item: Leftovers\n|-damage|p1a: Great Tusk|94/100 brn|[from] brn\n|upkeep\n|turn|17\n|\n|t:|1695165568\n|move|p2a: Rotom|Protect|p2a: Rotom\n|-singleturn|p2a: Rotom|Protect\n|move|p1a: Great Tusk|Ice Spinner|p2a: Rotom\n|-activate|p2a: Rotom|move: Protect\n|\n|-heal|p2a: Rotom|20/100|[from] item: Leftovers\n|-damage|p1a: Great Tusk|88/100 brn|[from] brn\n|upkeep\n|turn|18\n|\n|t:|1695165575\n|switch|p2a: Ursaluna|Ursaluna-Bloodmoon, M|10/100\n|move|p1a: Great Tusk|Close Combat|p2a: Ursaluna\n|-supereffective|p2a: Ursaluna\n|-damage|p2a: Ursaluna|0 fnt\n|-unboost|p1a: Great Tusk|def|1\n|-unboost|p1a: Great Tusk|spd|1\n|faint|p2a: Ursaluna\n|\n|-damage|p1a: Great Tusk|82/100 brn|[from] brn\n|upkeep\n|\n|t:|1695165577\n|switch|p2a: Ogerpon|Ogerpon-Hearthflame, F|100/100\n|-ability|p2a: Ogerpon|Mold Breaker\n|turn|19\n|\n|t:|1695165582\n|-end|p1a: Great Tusk|Protosynthesis|[silent]\n|switch|p1a: Rotom|Rotom-Wash|83/100\n|move|p2a: Ogerpon|Trailblaze|p1a: Rotom\n|-supereffective|p1a: Rotom\n|-damage|p1a: Rotom|20/100\n|-boost|p2a: Ogerpon|spe|1\n|\n|-heal|p1a: Rotom|26/100|[from] item: Leftovers\n|upkeep\n|turn|20\n|-message|MegaDano24 forfeited.\n|\n|win|IGuessJames\n|raw|MegaDano24's rating: 1479 &rarr; <strong>1460</strong><br />(-19 for losing)\n|raw|IGuessJames's rating: 1490 &rarr; <strong>1509</strong><br />(+19 for winning)\n|l|\u2606MegaDano24\n", "uploadtime": 1695165598, "views": 1, "p1id": "megadano24", "p2id": "iguessjames", "formatid": "gen9ou", "rating": 1460, "private": 0, "password": ""}