{"id": "gen9ou-1947483202", "p1": "Purp testing", "p2": "tbolt5", "format": "gen9ou", "log": "|j|\u2606Purp testing\n|j|\u2606tbolt5\n|t:|1695165036\n|gametype|singles\n|player|p1|Purp testing|101|1396\n|player|p2|tbolt5|2|1300\n|teamsize|p1|6\n|teamsize|p2|6\n|gen|9\n|tier|[Gen 9] OU\n|rated|\n|rule|Sleep Clause Mod: Limit one foe put to sleep\n|rule|Species Clause: Limit one of each Pok\u00e9mon\n|rule|OHKO Clause: OHKO moves are banned\n|rule|Evasion Items Clause: Evasion items are banned\n|rule|Evasion Moves Clause: Evasion moves are banned\n|rule|Endless Battle Clause: Forcing endless battles is banned\n|rule|HP Percentage Mod: HP is shown in percentages\n|clearpoke\n|poke|p1|Ribombee, F|\n|poke|p1|Kingambit, F|\n|poke|p1|Haxorus, M|\n|poke|p1|Gholdengo|\n|poke|p1|Great Tusk|\n|poke|p1|Iron Moth|\n|poke|p2|Tyranitar, M|\n|poke|p2|Clodsire, F|\n|poke|p2|Gholdengo|\n|poke|p2|Great Tusk|\n|poke|p2|Clefable, F|\n|poke|p2|Zapdos|\n|teampreview\n|\n|t:|1695165050\n|start\n|switch|p1a: Best Lead|Ribombee, F|100/100\n|switch|p2a: Tyranitar|Tyranitar, M|100/100\n|-weather|Sandstorm|[from] ability: Sand Stream|[of] p2a: Tyranitar\n|turn|1\n|inactive|Battle timer is ON: inactive players will automatically lose when time's up. (requested by tbolt5)\n|\n|t:|1695165066\n|move|p1a: Best Lead|Sticky Web|p2a: Tyranitar\n|-sidestart|p2: tbolt5|move: Sticky Web\n|move|p2a: Tyranitar|Stone Edge|p1a: Best Lead\n|-supereffective|p1a: Best Lead\n|-enditem|p1a: Best Lead|Focus Sash\n|-damage|p1a: Best Lead|1/100\n|\n|-weather|Sandstorm|[upkeep]\n|-damage|p1a: Best Lead|0 fnt|[from] Sandstorm\n|faint|p1a: Best Lead\n|upkeep\n|\n|t:|1695165070\n|switch|p1a: Lando-T|Great Tusk|100/100\n|-enditem|p1a: Lando-T|Booster Energy\n|-activate|p1a: Lando-T|ability: Protosynthesis|[fromitem]\n|-start|p1a: Lando-T|protosynthesisatk\n|turn|2\n|\n|t:|1695165086\n|switch|p2a: Clefable|Clefable, F|100/100\n|-activate|p2a: Clefable|move: Sticky Web\n|-unboost|p2a: Clefable|spe|1\n|move|p1a: Lando-T|Bulk Up|p1a: Lando-T\n|-boost|p1a: Lando-T|atk|1\n|-boost|p1a: Lando-T|def|1\n|\n|-weather|Sandstorm|[upkeep]\n|upkeep\n|turn|3\n|\n|t:|1695165099\n|move|p1a: Lando-T|Earthquake|p2a: Clefable\n|-damage|p2a: Clefable|8/100\n|move|p2a: Clefable|Moonblast|p1a: Lando-T\n|-supereffective|p1a: Lando-T\n|-damage|p1a: Lando-T|0 fnt\n|faint|p1a: Lando-T\n|-end|p1a: Lando-T|Protosynthesis|[silent]\n|\n|-weather|Sandstorm|[upkeep]\n|-heal|p2a: Clefable|14/100|[from] item: Leftovers\n|upkeep\n|\n|t:|1695165103\n|switch|p1a: Mothenheimer|Iron Moth|100/100\n|-enditem|p1a: Mothenheimer|Booster Energy\n|-activate|p1a: Mothenheimer|ability: Quark Drive|[fromitem]\n|-start|p1a: Mothenheimer|quarkdrivespa\n|turn|4\n|\n|t:|1695165111\n|switch|p2a: Clodsire|Clodsire, F|100/100\n|-activate|p2a: Clodsire|move: Sticky Web\n|-unboost|p2a: Clodsire|spe|1\n|move|p1a: Mothenheimer|Fiery Dance|p2a: Clodsire\n|-damage|p2a: Clodsire|67/100\n|-boost|p1a: Mothenheimer|spa|1\n|\n|-weather|Sandstorm|[upkeep]\n|-damage|p1a: Mothenheimer|95/100|[from] Sandstorm\n|-heal|p2a: Clodsire|74/100|[from] item: Black Sludge\n|upkeep\n|turn|5\n|\n|t:|1695165121\n|-terastallize|p1a: Mothenheimer|Grass\n|move|p1a: Mothenheimer|Energy Ball|p2a: Clodsire\n|-damage|p2a: Clodsire|34/100\n|move|p2a: Clodsire|Earthquake|p1a: Mothenheimer\n|-resisted|p1a: Mothenheimer\n|-damage|p1a: Mothenheimer|73/100\n|\n|-weather|Sandstorm|[upkeep]\n|-damage|p1a: Mothenheimer|67/100|[from] Sandstorm\n|-heal|p2a: Clodsire|40/100|[from] item: Black Sludge\n|upkeep\n|turn|6\n|inactive|tbolt5 has 120 seconds left.\n|\n|t:|1695165165\n|move|p1a: Mothenheimer|Energy Ball|p2a: Clodsire\n|-damage|p2a: Clodsire|4/100\n|move|p2a: Clodsire|Recover|p2a: Clodsire\n|-heal|p2a: Clodsire|54/100\n|\n|-weather|Sandstorm|[upkeep]\n|-damage|p1a: Mothenheimer|61/100|[from] Sandstorm\n|-heal|p2a: Clodsire|60/100|[from] item: Black Sludge\n|upkeep\n|turn|7\n|\n|t:|1695165186\n|move|p1a: Mothenheimer|Energy Ball|p2a: Clodsire\n|-damage|p2a: Clodsire|22/100\n|move|p2a: Clodsire|Toxic|p1a: Mothenheimer\n|-status|p1a: Mothenheimer|tox\n|\n|-weather|Sandstorm|[upkeep]\n|-damage|p1a: Mothenheimer|55/100 tox|[from] Sandstorm\n|-heal|p2a: Clodsire|28/100|[from] item: Black Sludge\n|-damage|p1a: Mothenheimer|49/100 tox|[from] psn\n|upkeep\n|turn|8\n|\n|t:|1695165197\n|switch|p2a: Gholdengo|Gholdengo|100/100\n|-activate|p2a: Gholdengo|move: Sticky Web\n|-unboost|p2a: Gholdengo|spe|1\n|move|p1a: Mothenheimer|Fiery Dance|p2a: Gholdengo\n|-supereffective|p2a: Gholdengo\n|-damage|p2a: Gholdengo|0 fnt\n|faint|p2a: Gholdengo\n|\n|-weather|none\n|-damage|p1a: Mothenheimer|37/100 tox|[from] psn\n|upkeep\n|\n|t:|1695165207\n|switch|p2a: Tyranitar|Tyranitar, M|100/100\n|-activate|p2a: Tyranitar|move: Sticky Web\n|-unboost|p2a: Tyranitar|spe|1\n|-weather|Sandstorm|[from] ability: Sand Stream|[of] p2a: Tyranitar\n|turn|9\n|\n|t:|1695165227\n|move|p1a: Mothenheimer|Energy Ball|p2a: Tyranitar\n|-supereffective|p2a: Tyranitar\n|-damage|p2a: Tyranitar|0 fnt\n|faint|p2a: Tyranitar\n|\n|-weather|Sandstorm|[upkeep]\n|-damage|p1a: Mothenheimer|31/100 tox|[from] Sandstorm\n|-damage|p1a: Mothenheimer|13/100 tox|[from] psn\n|upkeep\n|\n|t:|1695165233\n|switch|p2a: Clefable|Clefable, F|14/100\n|-activate|p2a: Clefable|move: Sticky Web\n|-unboost|p2a: Clefable|spe|1\n|turn|10\n|\n|t:|1695165256\n|move|p2a: Clefable|Protect|p2a: Clefable\n|-singleturn|p2a: Clefable|Protect\n|move|p1a: Mothenheimer|Energy Ball|p2a: Clefable\n|-activate|p2a: Clefable|move: Protect\n|\n|-weather|Sandstorm|[upkeep]\n|-damage|p1a: Mothenheimer|7/100 tox|[from] Sandstorm\n|-heal|p2a: Clefable|20/100|[from] item: Leftovers\n|-damage|p1a: Mothenheimer|0 fnt|[from] psn\n|faint|p1a: Mothenheimer\n|-end|p1a: Mothenheimer|Quark Drive|[silent]\n|upkeep\n|\n|t:|1695165262\n|switch|p1a: Silver Surfer|Gholdengo|100/100\n|turn|11\n|\n|t:|1695165282\n|move|p1a: Silver Surfer|Shadow Ball|p2a: Clefable\n|-damage|p2a: Clefable|0 fnt\n|faint|p2a: Clefable\n|\n|-weather|Sandstorm|[upkeep]\n|upkeep\n|inactive|tbolt5 has 90 seconds left.\n|\n|t:|1695165305\n|switch|p2a: Zapdos|Zapdos|100/100\n|turn|12\n|\n|t:|1695165309\n|move|p1a: Silver Surfer|Shadow Ball|p2a: Zapdos\n|-damage|p2a: Zapdos|31/100\n|move|p2a: Zapdos|Discharge|p1a: Silver Surfer\n|-damage|p1a: Silver Surfer|46/100\n|-status|p1a: Silver Surfer|par\n|\n|-weather|Sandstorm|[upkeep]\n|-damage|p2a: Zapdos|25/100|[from] Sandstorm\n|upkeep\n|turn|13\n|\n|t:|1695165314\n|move|p2a: Zapdos|Discharge|p1a: Silver Surfer\n|-damage|p1a: Silver Surfer|0 fnt\n|faint|p1a: Silver Surfer\n|\n|-weather|Sandstorm|[upkeep]\n|-damage|p2a: Zapdos|19/100|[from] Sandstorm\n|upkeep\n|\n|t:|1695165320\n|switch|p1a: Haxcalibur|Haxorus, M, shiny|100/100\n|-ability|p1a: Haxcalibur|Mold Breaker\n|turn|14\n|\n|t:|1695165323\n|move|p1a: Haxcalibur|Outrage|p2a: Zapdos\n|-damage|p2a: Zapdos|0 fnt\n|-status|p1a: Haxcalibur|par|[from] ability: Static|[of] p2a: Zapdos\n|faint|p2a: Zapdos\n|\n|-weather|Sandstorm|[upkeep]\n|-damage|p1a: Haxcalibur|94/100 par|[from] Sandstorm\n|upkeep\n|inactive|tbolt5 has 120 seconds left.\n|inactive|tbolt5 has 90 seconds left.\n|\n|t:|1695165365\n|switch|p2a: Great Tusk|Great Tusk|100/100\n|-activate|p2a: Great Tusk|move: Sticky Web\n|-unboost|p2a: Great Tusk|spe|1\n|-enditem|p2a: Great Tusk|Booster Energy\n|-activate|p2a: Great Tusk|ability: Protosynthesis|[fromitem]\n|-start|p2a: Great Tusk|protosynthesisatk\n|turn|15\n|inactive|tbolt5 has 90 seconds left.\n|\n|t:|1695165377\n|move|p2a: Great Tusk|Bulk Up|p2a: Great Tusk\n|-boost|p2a: Great Tusk|atk|1\n|-boost|p2a: Great Tusk|def|1\n|move|p1a: Haxcalibur|Outrage|p2a: Great Tusk|[from]lockedmove\n|-damage|p2a: Great Tusk|51/100\n|\n|-weather|Sandstorm|[upkeep]\n|-damage|p1a: Haxcalibur|88/100 par|[from] Sandstorm\n|upkeep\n|turn|16\n|inactive|tbolt5 has 90 seconds left.\n|\n|t:|1695165383\n|move|p2a: Great Tusk|Ice Spinner|p1a: Haxcalibur\n|-supereffective|p1a: Haxcalibur\n|-damage|p1a: Haxcalibur|0 fnt\n|faint|p1a: Haxcalibur\n|\n|-weather|none\n|upkeep\n|\n|t:|1695165390\n|switch|p1a: Mr. Cleave|Kingambit, F|100/100\n|-activate|p1a: Mr. Cleave|ability: Supreme Overlord\n|-start|p1a: Mr. Cleave|fallen5|[silent]\n|turn|17\n|\n|t:|1695165398\n|move|p2a: Great Tusk|Close Combat|p1a: Mr. Cleave\n|-supereffective|p1a: Mr. Cleave\n|-damage|p1a: Mr. Cleave|0 fnt\n|-unboost|p2a: Great Tusk|def|1\n|-unboost|p2a: Great Tusk|spd|1\n|faint|p1a: Mr. Cleave\n|-end|p1a: Mr. Cleave|fallen5|[silent]\n|\n|win|tbolt5\n|raw|Purp testing's rating: 1376 &rarr; <strong>1352</strong><br />(-24 for losing)\n|raw|tbolt5's rating: 1300 &rarr; <strong>1330</strong><br />(+30 for winning)\n|c|\u2606tbolt5|ggs\n|l|\u2606Purp testing\n", "uploadtime": 1695165413, "views": 2, "p1id": "purptesting", "p2id": "tbolt5", "formatid": "gen9ou", "rating": 1330, "private": 0, "password": ""}