{"id": "gen9ou-1947535950", "p1": "EVE09", "p2": "The Goat of UU", "format": "gen9ou", "log": "|j|\u2606EVE09\n|j|\u2606The Goat of UU\n|t:|1695170260\n|gametype|singles\n|player|p1|EVE09|169|1232\n|player|p2|The Goat of UU|schoolkidf|1141\n|teamsize|p1|6\n|teamsize|p2|6\n|gen|9\n|tier|[Gen 9] OU\n|rated|\n|rule|Sleep Clause Mod: Limit one foe put to sleep\n|rule|Species Clause: Limit one of each Pok\u00e9mon\n|rule|OHKO Clause: OHKO moves are banned\n|rule|Evasion Items Clause: Evasion items are banned\n|rule|Evasion Moves Clause: Evasion moves are banned\n|rule|Endless Battle Clause: Forcing endless battles is banned\n|rule|HP Percentage Mod: HP is shown in percentages\n|clearpoke\n|poke|p1|Heatran, F|\n|poke|p1|Orthworm, F|\n|poke|p1|Gastrodon, M|\n|poke|p1|Weezing-Galar, M|\n|poke|p1|Iron Valiant|\n|poke|p1|Scream Tail|\n|poke|p2|Fezandipiti, M|\n|poke|p2|Ambipom, F|\n|poke|p2|Quaquaval, F|\n|poke|p2|Hoopa-Unbound|\n|poke|p2|Chesnaught, F|\n|poke|p2|Articuno|\n|teampreview\n|\n|t:|1695170322\n|start\n|switch|p1a: Weezing|Weezing-Galar, M|100/100\n|switch|p2a: Ambipom|Ambipom, F, shiny|100/100\n|-fieldstart|move: Misty Terrain|[from] ability: Misty Surge|[of] p1a: Weezing\n|turn|1\n|\n|t:|1695170326\n|switch|p1a: Orthworm|Orthworm, F|100/100\n|move|p2a: Ambipom|Fake Out|p1a: Orthworm\n|-resisted|p1a: Orthworm\n|-damage|p1a: Orthworm|94/100\n|-damage|p2a: Ambipom|84/100|[from] item: Rocky Helmet|[of] p1a: Orthworm\n|\n|upkeep\n|turn|2\n|\n|t:|1695170346\n|move|p2a: Ambipom|Knock Off|p1a: Orthworm\n|-damage|p1a: Orthworm|79/100\n|-damage|p2a: Ambipom|68/100|[from] item: Rocky Helmet|[of] p1a: Orthworm\n|-enditem|p1a: Orthworm|Rocky Helmet|[from] move: Knock Off|[of] p2a: Ambipom\n|move|p1a: Orthworm|Body Press|p2a: Ambipom\n|-supereffective|p2a: Ambipom\n|-damage|p2a: Ambipom|0 fnt\n|faint|p2a: Ambipom\n|\n|upkeep\n|\n|t:|1695170356\n|switch|p2a: Chesnaught|Chesnaught, F, shiny|100/100\n|turn|3\n|\n|t:|1695170363\n|switch|p1a: Scream Tail|Scream Tail|100/100\n|-enditem|p1a: Scream Tail|Booster Energy\n|-activate|p1a: Scream Tail|ability: Protosynthesis|[fromitem]\n|-start|p1a: Scream Tail|protosynthesisdef\n|move|p2a: Chesnaught|Iron Defense|p2a: Chesnaught\n|-boost|p2a: Chesnaught|def|2\n|\n|upkeep\n|turn|4\n|\n|t:|1695170371\n|move|p1a: Scream Tail|Calm Mind|p1a: Scream Tail\n|-boost|p1a: Scream Tail|spa|1\n|-boost|p1a: Scream Tail|spd|1\n|move|p2a: Chesnaught|Trailblaze|p1a: Scream Tail\n|-damage|p1a: Scream Tail|92/100\n|-boost|p2a: Chesnaught|spe|1\n|\n|upkeep\n|turn|5\n|\n|t:|1695170377\n|switch|p2a: Fezandipiti|Fezandipiti, M|100/100\n|move|p1a: Scream Tail|Calm Mind|p1a: Scream Tail\n|-boost|p1a: Scream Tail|spa|1\n|-boost|p1a: Scream Tail|spd|1\n|\n|upkeep\n|turn|6\n|\n|t:|1695170384\n|move|p2a: Fezandipiti|Poison Jab|p1a: Scream Tail\n|-supereffective|p1a: Scream Tail\n|-damage|p1a: Scream Tail|60/100\n|move|p1a: Scream Tail|Boomburst|p2a: Fezandipiti\n|-damage|p2a: Fezandipiti|63/100\n|\n|upkeep\n|turn|7\n|\n|t:|1695170404\n|-end|p1a: Scream Tail|Protosynthesis|[silent]\n|switch|p1a: Heatran|Heatran, F|100/100\n|move|p2a: Fezandipiti|Beat Up|p1a: Heatran\n|-crit|p1a: Heatran\n|-damage|p1a: Heatran|95/100\n|-damage|p1a: Heatran|92/100\n|-damage|p1a: Heatran|88/100\n|-damage|p1a: Heatran|82/100\n|-damage|p1a: Heatran|79/100\n|-hitcount|p1a: Heatran|5\n|\n|-heal|p1a: Heatran|85/100|[from] item: Leftovers\n|upkeep\n|turn|8\n|\n|t:|1695170425\n|switch|p2a: Quaquaval|Quaquaval, F|100/100\n|move|p1a: Heatran|Magma Storm|p2a: Quaquaval\n|-resisted|p2a: Quaquaval\n|-damage|p2a: Quaquaval|72/100\n|-activate|p2a: Quaquaval|move: Magma Storm|[of] p1a: Heatran\n|\n|-heal|p1a: Heatran|92/100|[from] item: Leftovers\n|-damage|p2a: Quaquaval|59/100|[from] move: Magma Storm|[partiallytrapped]\n|-fieldend|Misty Terrain\n|upkeep\n|turn|9\n|\n|t:|1695170434\n|switch|p1a: Gastrodon|Gastrodon, M|100/100\n|move|p2a: Quaquaval|Close Combat|p1a: Gastrodon\n|-damage|p1a: Gastrodon|36/100\n|-unboost|p2a: Quaquaval|def|1\n|-unboost|p2a: Quaquaval|spd|1\n|\n|-end|p2a: Quaquaval|Magma Storm|[partiallytrapped]|[silent]\n|upkeep\n|turn|10\n|\n|t:|1695170444\n|switch|p1a: Weezing|Weezing-Galar, M|100/100\n|-fieldstart|move: Misty Terrain|[from] ability: Misty Surge|[of] p1a: Weezing\n|move|p2a: Quaquaval|Aqua Step|p1a: Weezing\n|-damage|p1a: Weezing|73/100\n|-boost|p2a: Quaquaval|spe|1\n|\n|upkeep\n|turn|11\n|\n|t:|1695170452\n|switch|p2a: Articuno|Articuno, shiny|100/100\n|-ability|p2a: Articuno|Pressure\n|move|p1a: Weezing|Strange Steam|p2a: Articuno\n|-damage|p2a: Articuno|85/100\n|\n|upkeep\n|turn|12\n|\n|t:|1695170470\n|switch|p1a: Heatran|Heatran, F|92/100\n|move|p2a: Articuno|Tailwind|p2a: Articuno\n|-sidestart|p2: The Goat of UU|move: Tailwind\n|\n|-heal|p1a: Heatran|98/100|[from] item: Leftovers\n|upkeep\n|turn|13\n|\n|t:|1695170498\n|move|p2a: Articuno|U-turn|p1a: Heatran\n|-resisted|p1a: Heatran\n|-damage|p1a: Heatran|96/100\n|\n|t:|1695170506\n|switch|p2a: Hoopa|Hoopa-Unbound|100/100|[from] U-turn\n|move|p1a: Heatran|Magma Storm|p2a: Hoopa\n|-damage|p2a: Hoopa|58/100\n|-activate|p2a: Hoopa|move: Magma Storm|[of] p1a: Heatran\n|\n|-heal|p1a: Heatran|100/100|[from] item: Leftovers\n|-damage|p2a: Hoopa|45/100|[from] move: Magma Storm|[partiallytrapped]\n|upkeep\n|turn|14\n|\n|t:|1695170513\n|move|p1a: Heatran|Protect|p1a: Heatran\n|-singleturn|p1a: Heatran|Protect\n|move|p2a: Hoopa|Drain Punch|p1a: Heatran\n|-activate|p1a: Heatran|move: Protect\n|\n|-damage|p2a: Hoopa|33/100|[from] move: Magma Storm|[partiallytrapped]\n|upkeep\n|turn|15\n|\n|t:|1695170530\n|switch|p1a: Scream Tail|Scream Tail|60/100\n|move|p2a: Hoopa|Drain Punch|p1a: Scream Tail\n|-resisted|p1a: Scream Tail\n|-damage|p1a: Scream Tail|53/100\n|-heal|p2a: Hoopa|38/100|[from] drain|[of] p1a: Scream Tail\n|\n|-end|p2a: Hoopa|Magma Storm|[partiallytrapped]|[silent]\n|-sideend|p2: The Goat of UU|move: Tailwind\n|upkeep\n|turn|16\n|\n|t:|1695170545\n|switch|p2a: Fezandipiti|Fezandipiti, M|63/100\n|move|p1a: Scream Tail|Boomburst|p2a: Fezandipiti\n|-damage|p2a: Fezandipiti|44/100\n|\n|upkeep\n|turn|17\n|\n|t:|1695170566\n|switch|p2a: Quaquaval|Quaquaval, F|59/100\n|-end|p1a: Scream Tail|Protosynthesis|[silent]\n|switch|p1a: Heatran|Heatran, F|100/100\n|\n|-fieldend|Misty Terrain\n|upkeep\n|turn|18\n|\n|t:|1695170574\n|switch|p1a: Weezing|Weezing-Galar, M|73/100\n|-fieldstart|move: Misty Terrain|[from] ability: Misty Surge|[of] p1a: Weezing\n|move|p2a: Quaquaval|Aqua Step|p1a: Weezing\n|-damage|p1a: Weezing|45/100\n|-boost|p2a: Quaquaval|spe|1\n|\n|upkeep\n|turn|19\n|\n|t:|1695170585\n|-terastallize|p2a: Quaquaval|Steel\n|move|p2a: Quaquaval|Roost|p2a: Quaquaval\n|-heal|p2a: Quaquaval|100/100\n|move|p1a: Weezing|Thunderbolt|p2a: Quaquaval\n|-damage|p2a: Quaquaval|79/100\n|\n|upkeep\n|turn|20\n|\n|t:|1695170595\n|move|p2a: Quaquaval|Aqua Step|p1a: Weezing\n|-damage|p1a: Weezing|19/100\n|-boost|p2a: Quaquaval|spe|1\n|move|p1a: Weezing|Memento|p2a: Quaquaval\n|-unboost|p2a: Quaquaval|atk|2\n|-unboost|p2a: Quaquaval|spa|2\n|faint|p1a: Weezing\n|\n|upkeep\n|\n|t:|1695170604\n|switch|p1a: Iron Valiant|Iron Valiant|100/100\n|-enditem|p1a: Iron Valiant|Booster Energy\n|-activate|p1a: Iron Valiant|ability: Quark Drive|[fromitem]\n|-start|p1a: Iron Valiant|quarkdrivespe\n|turn|21\n|\n|t:|1695170613\n|switch|p2a: Articuno|Articuno, shiny|85/100\n|-ability|p2a: Articuno|Pressure\n|move|p1a: Iron Valiant|Swords Dance|p1a: Iron Valiant\n|-boost|p1a: Iron Valiant|atk|2\n|\n|upkeep\n|turn|22\n|\n|t:|1695170619\n|move|p1a: Iron Valiant|Spirit Break|p2a: Articuno\n|-damage|p2a: Articuno|17/100\n|-unboost|p2a: Articuno|spa|1\n|move|p2a: Articuno|Freeze-Dry|p1a: Iron Valiant\n|-damage|p1a: Iron Valiant|72/100\n|\n|upkeep\n|turn|23\n|\n|t:|1695170626\n|move|p1a: Iron Valiant|Spirit Break|p2a: Articuno\n|-damage|p2a: Articuno|0 fnt\n|faint|p2a: Articuno\n|\n|upkeep\n|\n|t:|1695170639\n|switch|p2a: Chesnaught|Chesnaught, F, shiny|100/100\n|turn|24\n|\n|t:|1695170646\n|-terastallize|p1a: Iron Valiant|Fairy\n|move|p1a: Iron Valiant|Spirit Break|p2a: Chesnaught\n|-supereffective|p2a: Chesnaught\n|-damage|p2a: Chesnaught|0 fnt\n|faint|p2a: Chesnaught\n|\n|upkeep\n|-message|The Goat of UU forfeited.\n|\n|win|EVE09\n|raw|EVE09's rating: 1232 &rarr; <strong>1251</strong><br />(+19 for winning)\n|raw|The Goat of UU's rating: 1141 &rarr; <strong>1122</strong><br />(-19 for losing)\n|l|\u2606The Goat of UU\n", "uploadtime": 1695170654, "views": 1, "p1id": "eve09", "p2id": "thegoatofuu", "formatid": "gen9ou", "rating": 1122, "private": 0, "password": ""}