{"id": "gen9ou-1947485974", "p1": "ShadowGlaciar", "p2": "Kingjay1w2", "format": "gen9ou", "log": "|j|\u2606ShadowGlaciar\n|j|\u2606Kingjay1w2\n|t:|1695165310\n|gametype|singles\n|player|p1|ShadowGlaciar|raihan|1000\n|player|p2|Kingjay1w2|102|1000\n|teamsize|p1|6\n|teamsize|p2|6\n|gen|9\n|tier|[Gen 9] OU\n|rated|\n|rule|Sleep Clause Mod: Limit one foe put to sleep\n|rule|Species Clause: Limit one of each Pok\u00e9mon\n|rule|OHKO Clause: OHKO moves are banned\n|rule|Evasion Items Clause: Evasion items are banned\n|rule|Evasion Moves Clause: Evasion moves are banned\n|rule|Endless Battle Clause: Forcing endless battles is banned\n|rule|HP Percentage Mod: HP is shown in percentages\n|clearpoke\n|poke|p1|Toxtricity, M|\n|poke|p1|Quagsire, F|\n|poke|p1|Leavanny, M|\n|poke|p1|Gliscor, F|\n|poke|p1|Tsareena, F|\n|poke|p1|Mabosstiff, F|\n|poke|p2|Chandelure, F|\n|poke|p2|Gliscor, M|\n|poke|p2|Luxray, M|\n|poke|p2|Empoleon, M|\n|poke|p2|Gengar, M|\n|poke|p2|Kommo-o, F|\n|teampreview\n|\n|t:|1695165358\n|start\n|switch|p1a: Gliscor|Gliscor, F|100/100\n|switch|p2a: Empoleon|Empoleon, M|100/100\n|turn|1\n|\n|t:|1695165377\n|move|p1a: Gliscor|Tailwind|p1a: Gliscor\n|-sidestart|p1: ShadowGlaciar|move: Tailwind\n|move|p2a: Empoleon|Surf|p1a: Gliscor\n|-supereffective|p1a: Gliscor\n|-damage|p1a: Gliscor|27/100\n|\n|-status|p1a: Gliscor|tox|[from] item: Toxic Orb\n|upkeep\n|turn|2\n|\n|t:|1695165387\n|move|p2a: Empoleon|Aqua Jet|p1a: Gliscor\n|-supereffective|p1a: Gliscor\n|-damage|p1a: Gliscor|3/100 tox\n|move|p1a: Gliscor|U-turn|p2a: Empoleon\n|-resisted|p2a: Empoleon\n|-damage|p2a: Empoleon|92/100\n|\n|t:|1695165403\n|switch|p1a: Toxtricity|Toxtricity, M|100/100|[from] U-turn\n|\n|upkeep\n|turn|3\n|\n|t:|1695165410\n|move|p1a: Toxtricity|Discharge|p2a: Empoleon\n|-supereffective|p2a: Empoleon\n|-damage|p2a: Empoleon|40/100\n|move|p2a: Empoleon|Surf|p1a: Toxtricity\n|-damage|p1a: Toxtricity|50/100\n|\n|upkeep\n|turn|4\n|\n|t:|1695165419\n|move|p1a: Toxtricity|Discharge|p2a: Empoleon\n|-supereffective|p2a: Empoleon\n|-damage|p2a: Empoleon|0 fnt\n|faint|p2a: Empoleon\n|\n|-sideend|p1: ShadowGlaciar|move: Tailwind\n|upkeep\n|\n|t:|1695165424\n|switch|p2a: Gliscor|Gliscor, M, shiny|100/100\n|turn|5\n|\n|t:|1695165436\n|move|p2a: Gliscor|Earthquake|p1a: Toxtricity\n|-supereffective|p1a: Toxtricity\n|-damage|p1a: Toxtricity|0 fnt\n|faint|p1a: Toxtricity\n|\n|-status|p2a: Gliscor|tox|[from] item: Toxic Orb\n|upkeep\n|\n|t:|1695165450\n|switch|p1a: Tsareena|Tsareena, F|100/100\n|turn|6\n|\n|t:|1695165453\n|move|p2a: Gliscor|Ice Fang|p1a: Tsareena\n|-supereffective|p1a: Tsareena\n|-damage|p1a: Tsareena|63/100\n|move|p1a: Tsareena|Trop Kick|p2a: Gliscor\n|-damage|p2a: Gliscor|69/100 tox\n|-unboost|p2a: Gliscor|atk|1\n|\n|-heal|p2a: Gliscor|81/100 tox|[from] ability: Poison Heal\n|upkeep\n|turn|7\n|\n|t:|1695165477\n|switch|p2a: Chandelure|Chandelure, F, shiny|100/100\n|move|p1a: Tsareena|Trop Kick|p2a: Chandelure\n|-resisted|p2a: Chandelure\n|-damage|p2a: Chandelure|78/100\n|-unboost|p2a: Chandelure|atk|1\n|\n|upkeep\n|turn|8\n|\n|t:|1695165492\n|switch|p1a: Gliscor|Gliscor, F|3/100 tox\n|move|p2a: Chandelure|Flamethrower|p1a: Gliscor\n|-damage|p1a: Gliscor|0 fnt\n|faint|p1a: Gliscor\n|\n|upkeep\n|\n|t:|1695165498\n|switch|p1a: Quagsire|Quagsire, F|100/100\n|turn|9\n|\n|t:|1695165521\n|-terastallize|p2a: Chandelure|Ghost\n|move|p2a: Chandelure|Shadow Ball|p1a: Quagsire\n|-damage|p1a: Quagsire|28/100\n|move|p1a: Quagsire|Yawn|p2a: Chandelure\n|-start|p2a: Chandelure|move: Yawn|[of] p1a: Quagsire\n|\n|-heal|p1a: Quagsire|34/100|[from] item: Leftovers\n|upkeep\n|turn|10\n|\n|t:|1695165551\n|switch|p2a: Gliscor|Gliscor, M, shiny|81/100 tox\n|move|p1a: Quagsire|Recover|p1a: Quagsire\n|-heal|p1a: Quagsire|84/100\n|\n|-heal|p1a: Quagsire|90/100|[from] item: Leftovers\n|-heal|p2a: Gliscor|94/100 tox|[from] ability: Poison Heal\n|upkeep\n|turn|11\n|\n|t:|1695165561\n|move|p2a: Gliscor|Poison Jab|p1a: Quagsire\n|-resisted|p1a: Quagsire\n|-damage|p1a: Quagsire|83/100\n|move|p1a: Quagsire|Liquidation|p2a: Gliscor\n|-supereffective|p2a: Gliscor\n|-damage|p2a: Gliscor|52/100 tox\n|\n|-heal|p1a: Quagsire|89/100|[from] item: Leftovers\n|-heal|p2a: Gliscor|65/100 tox|[from] ability: Poison Heal\n|upkeep\n|turn|12\n|inactive|Battle timer is ON: inactive players will automatically lose when time's up. (requested by Kingjay1w2)\n|\n|t:|1695165605\n|switch|p2a: Chandelure|Chandelure, F, shiny, tera:Ghost|78/100\n|move|p1a: Quagsire|Liquidation|p2a: Chandelure\n|-crit|p2a: Chandelure\n|-damage|p2a: Chandelure|32/100\n|\n|-heal|p1a: Quagsire|95/100|[from] item: Leftovers\n|upkeep\n|turn|13\n|\n|t:|1695165620\n|move|p2a: Chandelure|Shadow Ball|p1a: Quagsire\n|-damage|p1a: Quagsire|26/100\n|move|p1a: Quagsire|Liquidation|p2a: Chandelure\n|-damage|p2a: Chandelure|2/100\n|\n|-heal|p1a: Quagsire|32/100|[from] item: Leftovers\n|upkeep\n|turn|14\n|\n|t:|1695165629\n|switch|p1a: Mabosstiff|Mabosstiff, F|100/100\n|move|p2a: Chandelure|Shadow Ball|p1a: Mabosstiff\n|-resisted|p1a: Mabosstiff\n|-damage|p1a: Mabosstiff|56/100\n|\n|upkeep\n|turn|15\n|\n|t:|1695165641\n|move|p1a: Mabosstiff|Crunch|p2a: Chandelure\n|-supereffective|p2a: Chandelure\n|-damage|p2a: Chandelure|0 fnt\n|faint|p2a: Chandelure\n|\n|upkeep\n|\n|t:|1695165648\n|switch|p2a: Kommo-o|Kommo-o, F|100/100\n|turn|16\n|\n|t:|1695165655\n|switch|p1a: Quagsire|Quagsire, F|32/100\n|move|p2a: Kommo-o|Body Press|p1a: Quagsire\n|-damage|p1a: Quagsire|6/100\n|\n|-heal|p1a: Quagsire|12/100|[from] item: Leftovers\n|upkeep\n|turn|17\n|\n|t:|1695165662\n|move|p2a: Kommo-o|Body Press|p1a: Quagsire\n|-crit|p1a: Quagsire\n|-damage|p1a: Quagsire|0 fnt\n|faint|p1a: Quagsire\n|\n|upkeep\n|\n|t:|1695165667\n|switch|p1a: Mabosstiff|Mabosstiff, F|56/100\n|turn|18\n|\n|t:|1695165673\n|move|p1a: Mabosstiff|Play Rough|p2a: Kommo-o\n|-supereffective|p2a: Kommo-o\n|-damage|p2a: Kommo-o|0 fnt\n|faint|p2a: Kommo-o\n|\n|upkeep\n|\n|t:|1695165681\n|switch|p2a: Gengar|Gengar, M|100/100\n|turn|19\n|\n|t:|1695165697\n|switch|p1a: Tsareena|Tsareena, F|63/100\n|move|p2a: Gengar|Protect||[still]\n|-fail|p2a: Gengar\n|\n|upkeep\n|turn|20\n|\n|t:|1695165705\n|move|p2a: Gengar|Poison Jab|p1a: Tsareena\n|-supereffective|p1a: Tsareena\n|-damage|p1a: Tsareena|4/100\n|move|p1a: Tsareena|Knock Off|p2a: Gengar\n|-supereffective|p2a: Gengar\n|-damage|p2a: Gengar|0 fnt\n|-enditem|p2a: Gengar|Expert Belt|[from] move: Knock Off|[of] p1a: Tsareena\n|faint|p2a: Gengar\n|\n|upkeep\n|\n|t:|1695165713\n|switch|p2a: Luxray|Luxray, M, shiny|100/100\n|-ability|p2a: Luxray|Intimidate|boost\n|-unboost|p1a: Tsareena|atk|1\n|-item|p2a: Luxray|Air Balloon\n|turn|21\n|\n|t:|1695165723\n|move|p1a: Tsareena|Knock Off|p2a: Luxray\n|-damage|p2a: Luxray|72/100\n|-enditem|p2a: Luxray|Air Balloon\n|move|p2a: Luxray|Crunch|p1a: Tsareena\n|-damage|p1a: Tsareena|0 fnt\n|faint|p1a: Tsareena\n|\n|upkeep\n|\n|t:|1695165732\n|switch|p1a: Leavanny|Leavanny, M|100/100\n|turn|22\n|\n|t:|1695165749\n|move|p1a: Leavanny|X-Scissor|p2a: Luxray\n|-damage|p2a: Luxray|33/100\n|move|p2a: Luxray|Thunderbolt|p1a: Leavanny\n|-resisted|p1a: Leavanny\n|-damage|p1a: Leavanny|73/100\n|\n|upkeep\n|turn|23\n|inactive|Kingjay1w2 has 120 seconds left.\n|\n|t:|1695165798\n|move|p1a: Leavanny|X-Scissor|p2a: Luxray\n|-damage|p2a: Luxray|0 fnt\n|faint|p2a: Luxray\n|\n|upkeep\n|\n|t:|1695165803\n|switch|p2a: Gliscor|Gliscor, M, shiny|65/100 tox\n|turn|24\n|\n|t:|1695165811\n|move|p1a: Leavanny|Leaf Blade|p2a: Gliscor\n|-crit|p2a: Gliscor\n|-damage|p2a: Gliscor|11/100 tox\n|move|p2a: Gliscor|Ice Fang|p1a: Leavanny\n|-supereffective|p1a: Leavanny\n|-damage|p1a: Leavanny|27/100\n|\n|-heal|p2a: Gliscor|23/100 tox|[from] ability: Poison Heal\n|upkeep\n|turn|25\n|inactive|Kingjay1w2 has 120 seconds left.\n|\n|t:|1695165822\n|move|p1a: Leavanny|Leaf Blade|p2a: Gliscor\n|-damage|p2a: Gliscor|0 fnt\n|faint|p2a: Gliscor\n|\n|win|ShadowGlaciar\n|raw|ShadowGlaciar's rating: 1000 &rarr; <strong>1040</strong><br />(+40 for winning)\n|raw|Kingjay1w2's rating: 1000 &rarr; <strong>1000</strong><br />(+0 for losing)\n|l|\u2606Kingjay1w2\n", "uploadtime": 1695165830, "views": 4, "p1id": "shadowglaciar", "p2id": "kingjay1w2", "formatid": "gen9ou", "rating": 1000, "private": 0, "password": ""}