{"id": "gen9ou-1947541219", "p1": "tapu trevy", "p2": "FoilFred", "format": "gen9ou", "log": "|j|\u2606tapu trevy\n|j|\u2606FoilFred\n|t:|1695170772\n|gametype|singles\n|player|p1|tapu trevy|2|1399\n|player|p2|FoilFred|gambler|1340\n|teamsize|p1|6\n|teamsize|p2|6\n|gen|9\n|tier|[Gen 9] OU\n|rated|\n|rule|Sleep Clause Mod: Limit one foe put to sleep\n|rule|Species Clause: Limit one of each Pok\u00e9mon\n|rule|OHKO Clause: OHKO moves are banned\n|rule|Evasion Items Clause: Evasion items are banned\n|rule|Evasion Moves Clause: Evasion moves are banned\n|rule|Endless Battle Clause: Forcing endless battles is banned\n|rule|HP Percentage Mod: HP is shown in percentages\n|clearpoke\n|poke|p1|Infernape, F|\n|poke|p1|Mamoswine, M|\n|poke|p1|Goodra-Hisui, F|\n|poke|p1|Roaring Moon|\n|poke|p1|Thundurus-Therian, M|\n|poke|p1|Slowbro, M|\n|poke|p2|Munkidori, M|\n|poke|p2|Ting-Lu|\n|poke|p2|Dragapult, M|\n|poke|p2|Iron Treads|\n|poke|p2|Dondozo, F|\n|poke|p2|Tornadus-Therian, M|\n|teampreview\n|\n|t:|1695170793\n|start\n|switch|p1a: Infernape|Infernape, F|100/100\n|switch|p2a: Ting-Lu|Ting-Lu|100/100\n|-ability|p2a: Ting-Lu|Vessel of Ruin\n|turn|1\n|\n|t:|1695170804\n|-terastallize|p2a: Ting-Lu|Ghost\n|move|p1a: Infernape|U-turn|p2a: Ting-Lu\n|-resisted|p2a: Ting-Lu\n|-damage|p2a: Ting-Lu|96/100\n|\n|t:|1695170811\n|switch|p1a: Thundurus|Thundurus-Therian, M|100/100|[from] U-turn\n|move|p2a: Ting-Lu|Stealth Rock|p1a: Thundurus\n|-sidestart|p1: tapu trevy|move: Stealth Rock\n|\n|-heal|p2a: Ting-Lu|100/100|[from] item: Leftovers\n|upkeep\n|turn|2\n|\n|t:|1695170817\n|move|p1a: Thundurus|Thunderbolt|p2a: Ting-Lu\n|-damage|p2a: Ting-Lu|47/100\n|move|p2a: Ting-Lu|Spikes|p1a: Thundurus\n|-sidestart|p1: tapu trevy|Spikes\n|\n|-heal|p2a: Ting-Lu|53/100|[from] item: Leftovers\n|upkeep\n|turn|3\n|\n|t:|1695170825\n|switch|p2a: Iron Treads|Iron Treads|100/100\n|move|p1a: Thundurus|Thunderbolt|p2a: Iron Treads\n|-immune|p2a: Iron Treads\n|\n|upkeep\n|turn|4\n|\n|t:|1695170833\n|switch|p1a: Slowbro|Slowbro, M|100/100\n|-damage|p1a: Slowbro|88/100|[from] Stealth Rock\n|-damage|p1a: Slowbro|76/100|[from] Spikes\n|move|p2a: Iron Treads|Ice Spinner|p1a: Slowbro\n|-resisted|p1a: Slowbro\n|-damage|p1a: Slowbro|68/100\n|\n|-heal|p1a: Slowbro|75/100|[from] item: Leftovers\n|upkeep\n|turn|5\n|\n|t:|1695170867\n|-end|p2a: Iron Treads|Quark Drive|[silent]\n|switch|p2a: Munkidori|Munkidori, M|100/100\n|move|p1a: Slowbro|Scald|p2a: Munkidori\n|-damage|p2a: Munkidori|67/100\n|\n|-heal|p1a: Slowbro|81/100|[from] item: Leftovers\n|upkeep\n|turn|6\n|\n|t:|1695170876\n|switch|p1a: Goodra|Goodra-Hisui, F|100/100\n|-damage|p1a: Goodra|94/100|[from] Stealth Rock\n|-damage|p1a: Goodra|82/100|[from] Spikes\n|move|p2a: Munkidori|Future Sight|p1a: Goodra\n|-start|p2a: Munkidori|move: Future Sight\n|\n|upkeep\n|turn|7\n|\n|t:|1695170885\n|move|p2a: Munkidori|U-turn|p1a: Goodra\n|-resisted|p1a: Goodra\n|-damage|p1a: Goodra|77/100\n|\n|t:|1695170887\n|switch|p2a: Iron Treads|Iron Treads|100/100|[from] U-turn\n|move|p1a: Goodra|Draco Meteor|p2a: Iron Treads\n|-resisted|p2a: Iron Treads\n|-damage|p2a: Iron Treads|52/100\n|-unboost|p1a: Goodra|spa|2\n|\n|-heal|p2a: Iron Treads|58/100|[from] item: Leftovers\n|upkeep\n|turn|8\n|\n|t:|1695170897\n|switch|p1a: Slowbro|Slowbro, M|100/100\n|-damage|p1a: Slowbro|88/100|[from] Stealth Rock\n|-damage|p1a: Slowbro|76/100|[from] Spikes\n|move|p2a: Iron Treads|Earthquake|p1a: Slowbro\n|-damage|p1a: Slowbro|49/100\n|\n|-end|p1a: Slowbro|move: Future Sight\n|-resisted|p1a: Slowbro\n|-crit|p1a: Slowbro\n|-damage|p1a: Slowbro|2/100\n|-heal|p2a: Iron Treads|64/100|[from] item: Leftovers\n|-heal|p1a: Slowbro|8/100|[from] item: Leftovers\n|upkeep\n|turn|9\n|\n|t:|1695170912\n|move|p2a: Iron Treads|Ice Spinner|p1a: Slowbro\n|-resisted|p1a: Slowbro\n|-damage|p1a: Slowbro|0 fnt\n|faint|p1a: Slowbro\n|\n|-heal|p2a: Iron Treads|70/100|[from] item: Leftovers\n|upkeep\n|\n|t:|1695170915\n|switch|p1a: Infernape|Infernape, F|100/100\n|-damage|p1a: Infernape|88/100|[from] Stealth Rock\n|-damage|p1a: Infernape|76/100|[from] Spikes\n|turn|10\n|\n|t:|1695170921\n|-end|p2a: Iron Treads|Quark Drive|[silent]\n|switch|p2a: Dondozo|Dondozo, F|100/100\n|move|p1a: Infernape|Raging Fury|p2a: Dondozo\n|-resisted|p2a: Dondozo\n|-damage|p2a: Dondozo|89/100\n|\n|upkeep\n|turn|11\n|\n|t:|1695170924\n|move|p1a: Infernape|Raging Fury|p2a: Dondozo|[from]lockedmove\n|-resisted|p2a: Dondozo\n|-damage|p2a: Dondozo|77/100\n|move|p2a: Dondozo|Liquidation|p1a: Infernape\n|-supereffective|p1a: Infernape\n|-damage|p1a: Infernape|0 fnt\n|faint|p1a: Infernape\n|\n|upkeep\n|\n|t:|1695170930\n|switch|p1a: Thundurus|Thundurus-Therian, M|100/100\n|-damage|p1a: Thundurus|76/100|[from] Stealth Rock\n|turn|12\n|\n|t:|1695170940\n|switch|p2a: Ting-Lu|Ting-Lu, tera:Ghost|53/100\n|-ability|p2a: Ting-Lu|Vessel of Ruin\n|-terastallize|p1a: Thundurus|Flying\n|move|p1a: Thundurus|Tera Blast|p2a: Ting-Lu\n|-damage|p2a: Ting-Lu|0 fnt\n|faint|p2a: Ting-Lu\n|\n|upkeep\n|\n|t:|1695170944\n|switch|p2a: Iron Treads|Iron Treads|70/100\n|turn|13\n|\n|t:|1695170949\n|move|p2a: Iron Treads|Ice Spinner|p1a: Thundurus\n|-supereffective|p1a: Thundurus\n|-damage|p1a: Thundurus|0 fnt\n|faint|p1a: Thundurus\n|\n|-heal|p2a: Iron Treads|77/100|[from] item: Leftovers\n|upkeep\n|\n|t:|1695170954\n|switch|p1a: Mamoswine|Mamoswine, M|100/100\n|-damage|p1a: Mamoswine|88/100|[from] Stealth Rock\n|-damage|p1a: Mamoswine|76/100|[from] Spikes\n|turn|14\n|\n|t:|1695170962\n|-end|p2a: Iron Treads|Quark Drive|[silent]\n|switch|p2a: Dondozo|Dondozo, F|77/100\n|move|p1a: Mamoswine|Icicle Crash|p2a: Dondozo\n|-resisted|p2a: Dondozo\n|-damage|p2a: Dondozo|65/100\n|-damage|p1a: Mamoswine|66/100|[from] item: Life Orb\n|\n|upkeep\n|turn|15\n|\n|t:|1695170970\n|move|p1a: Mamoswine|Stealth Rock|p2a: Dondozo\n|-sidestart|p2: FoilFred|move: Stealth Rock\n|move|p2a: Dondozo|Body Press|p1a: Mamoswine\n|-supereffective|p1a: Mamoswine\n|-damage|p1a: Mamoswine|0 fnt\n|faint|p1a: Mamoswine\n|\n|upkeep\n|\n|t:|1695170974\n|switch|p1a: Goodra|Goodra-Hisui, F|77/100\n|-damage|p1a: Goodra|71/100|[from] Stealth Rock\n|-damage|p1a: Goodra|58/100|[from] Spikes\n|turn|16\n|\n|t:|1695170983\n|switch|p2a: Dragapult|Dragapult, M|100/100\n|move|p1a: Goodra|Draco Meteor|p2a: Dragapult\n|-supereffective|p2a: Dragapult\n|-damage|p2a: Dragapult|0 fnt\n|-unboost|p1a: Goodra|spa|2\n|faint|p2a: Dragapult\n|\n|upkeep\n|\n|t:|1695170985\n|switch|p2a: Iron Treads|Iron Treads|77/100\n|-damage|p2a: Iron Treads|73/100|[from] Stealth Rock\n|turn|17\n|\n|t:|1695170990\n|move|p2a: Iron Treads|Earthquake|p1a: Goodra\n|-supereffective|p1a: Goodra\n|-damage|p1a: Goodra|0 fnt\n|faint|p1a: Goodra\n|\n|-heal|p2a: Iron Treads|80/100|[from] item: Leftovers\n|upkeep\n|\n|t:|1695170992\n|switch|p1a: Roaring Moon|Roaring Moon|100/100\n|-damage|p1a: Roaring Moon|88/100|[from] Stealth Rock\n|-damage|p1a: Roaring Moon|76/100|[from] Spikes\n|-enditem|p1a: Roaring Moon|Booster Energy\n|-activate|p1a: Roaring Moon|ability: Protosynthesis|[fromitem]\n|-start|p1a: Roaring Moon|protosynthesisatk\n|turn|18\n|\n|t:|1695170998\n|move|p1a: Roaring Moon|Earthquake|p2a: Iron Treads\n|-supereffective|p2a: Iron Treads\n|-damage|p2a: Iron Treads|0 fnt\n|faint|p2a: Iron Treads\n|-end|p2a: Iron Treads|Quark Drive|[silent]\n|\n|upkeep\n|\n|t:|1695171000\n|switch|p2a: Dondozo|Dondozo, F|65/100\n|turn|19\n|\n|t:|1695171004\n|move|p1a: Roaring Moon|Knock Off|p2a: Dondozo\n|-damage|p2a: Dondozo|35/100\n|-enditem|p2a: Dondozo|Heavy-Duty Boots|[from] move: Knock Off|[of] p1a: Roaring Moon\n|move|p2a: Dondozo|Body Press|p1a: Roaring Moon\n|-supereffective|p1a: Roaring Moon\n|-damage|p1a: Roaring Moon|0 fnt\n|faint|p1a: Roaring Moon\n|-end|p1a: Roaring Moon|Protosynthesis|[silent]\n|\n|win|FoilFred\n|raw|tapu trevy's rating: 1399 &rarr; <strong>1376</strong><br />(-23 for losing)\n|raw|FoilFred's rating: 1340 &rarr; <strong>1363</strong><br />(+23 for winning)\n", "uploadtime": 1695171010, "views": 2, "p1id": "taputrevy", "p2id": "foilfred", "formatid": "gen9ou", "rating": 1363, "private": 0, "password": ""}