{"id": "gen9ou-1947554393", "p1": "summerenaissance", "p2": "MalachiteOW", "format": "gen9ou", "log": "|j|\u2606summerenaissance\n|j|\u2606MalachiteOW\n|t:|1695172040\n|gametype|singles\n|player|p1|summerenaissance|iris-gen5bw2|1426\n|player|p2|MalachiteOW|cynthia-masters|1429\n|teamsize|p1|6\n|teamsize|p2|6\n|gen|9\n|tier|[Gen 9] OU\n|rated|\n|rule|Sleep Clause Mod: Limit one foe put to sleep\n|rule|Species Clause: Limit one of each Pok\u00e9mon\n|rule|OHKO Clause: OHKO moves are banned\n|rule|Evasion Items Clause: Evasion items are banned\n|rule|Evasion Moves Clause: Evasion moves are banned\n|rule|Endless Battle Clause: Forcing endless battles is banned\n|rule|HP Percentage Mod: HP is shown in percentages\n|clearpoke\n|poke|p1|Heatran, F|\n|poke|p1|Ogerpon-Hearthflame, F|\n|poke|p1|Roaring Moon|\n|poke|p1|Mandibuzz, F|\n|poke|p1|Mamoswine, F|\n|poke|p1|Iron Valiant|\n|poke|p2|Ninetales-Alola, F|\n|poke|p2|Manaphy|\n|poke|p2|Clodsire, M|\n|poke|p2|Ogerpon-Hearthflame, F|\n|poke|p2|Garchomp, M|\n|poke|p2|Munkidori, M|\n|teampreview\n|inactive|Battle timer is ON: inactive players will automatically lose when time's up. (requested by summerenaissance)\n|\n|t:|1695172053\n|start\n|switch|p1a: Mamoswine|Mamoswine, F|100/100\n|switch|p2a: enabler|Ninetales-Alola, F, shiny|100/100\n|-weather|Snow|[from] ability: Snow Warning|[of] p2a: enabler\n|turn|1\n|\n|t:|1695172060\n|move|p1a: Mamoswine|Knock Off|p2a: enabler\n|-resisted|p2a: enabler\n|-damage|p2a: enabler|83/100\n|-enditem|p2a: enabler|Light Clay|[from] move: Knock Off|[of] p1a: Mamoswine\n|move|p2a: enabler|Aurora Veil|p2a: enabler\n|-sidestart|p2: MalachiteOW|move: Aurora Veil\n|\n|-weather|Snow|[upkeep]\n|upkeep\n|turn|2\n|\n|t:|1695172067\n|switch|p1a: Heatran|Heatran, F|100/100\n|move|p2a: enabler|Freeze-Dry|p1a: Heatran\n|-resisted|p1a: Heatran\n|-damage|p1a: Heatran|96/100\n|\n|-weather|Snow|[upkeep]\n|upkeep\n|turn|3\n|\n|t:|1695172077\n|switch|p2a: please ban|Manaphy|100/100\n|move|p1a: Heatran|Stealth Rock|p2a: please ban\n|-sidestart|p2: MalachiteOW|move: Stealth Rock\n|\n|-weather|Snow|[upkeep]\n|upkeep\n|turn|4\n|\n|t:|1695172087\n|switch|p1a: Ogerpon|Ogerpon-Hearthflame, F, shiny|100/100\n|-ability|p1a: Ogerpon|Mold Breaker\n|move|p2a: please ban|Tail Glow|p2a: please ban\n|-boost|p2a: please ban|spa|3\n|\n|-weather|Snow|[upkeep]\n|upkeep\n|turn|5\n|\n|t:|1695172094\n|move|p1a: Ogerpon|Swords Dance|p1a: Ogerpon\n|-boost|p1a: Ogerpon|atk|2\n|move|p2a: please ban|Surf|p1a: Ogerpon\n|-damage|p1a: Ogerpon|0 fnt\n|faint|p1a: Ogerpon\n|\n|-weather|none\n|-sideend|p2: MalachiteOW|move: Aurora Veil\n|upkeep\n|\n|t:|1695172101\n|switch|p1a: Roaring Moon|Roaring Moon|100/100\n|-enditem|p1a: Roaring Moon|Booster Energy\n|-activate|p1a: Roaring Moon|ability: Protosynthesis|[fromitem]\n|-start|p1a: Roaring Moon|protosynthesisspe\n|turn|6\n|\n|t:|1695172106\n|move|p1a: Roaring Moon|Knock Off|p2a: please ban\n|-damage|p2a: please ban|49/100\n|-enditem|p2a: please ban|Leftovers|[from] move: Knock Off|[of] p1a: Roaring Moon\n|move|p2a: please ban|Surf|p1a: Roaring Moon\n|-resisted|p1a: Roaring Moon\n|-damage|p1a: Roaring Moon|52/100\n|\n|upkeep\n|turn|7\n|\n|t:|1695172117\n|-terastallize|p1a: Roaring Moon|Dragon\n|move|p1a: Roaring Moon|Dragon Claw|p2a: please ban\n|-damage|p2a: please ban|0 fnt\n|faint|p2a: please ban\n|\n|upkeep\n|\n|t:|1695172128\n|switch|p2a: enabler|Ninetales-Alola, F, shiny|83/100\n|-damage|p2a: enabler|58/100|[from] Stealth Rock\n|-weather|Snow|[from] ability: Snow Warning|[of] p2a: enabler\n|turn|8\n|\n|t:|1695172132\n|move|p1a: Roaring Moon|Earthquake|p2a: enabler\n|-damage|p2a: enabler|22/100\n|move|p2a: enabler|Aurora Veil|p2a: enabler\n|-sidestart|p2: MalachiteOW|move: Aurora Veil\n|\n|-weather|Snow|[upkeep]\n|upkeep\n|turn|9\n|\n|t:|1695172141\n|move|p1a: Roaring Moon|Earthquake|p2a: enabler\n|-damage|p2a: enabler|3/100\n|move|p2a: enabler|Moonblast|p1a: Roaring Moon\n|-supereffective|p1a: Roaring Moon\n|-damage|p1a: Roaring Moon|0 fnt\n|faint|p1a: Roaring Moon\n|-end|p1a: Roaring Moon|Protosynthesis|[silent]\n|\n|-weather|Snow|[upkeep]\n|upkeep\n|\n|t:|1695172151\n|switch|p1a: Heatran|Heatran, F|96/100\n|turn|10\n|\n|t:|1695172159\n|move|p2a: enabler|Moonblast|p1a: Heatran\n|-resisted|p1a: Heatran\n|-damage|p1a: Heatran|90/100\n|move|p1a: Heatran|Earth Power|p2a: enabler\n|-damage|p2a: enabler|0 fnt\n|faint|p2a: enabler\n|\n|-weather|Snow|[upkeep]\n|upkeep\n|\n|t:|1695172171\n|switch|p2a: bax at home|Garchomp, M|100/100\n|-damage|p2a: bax at home|94/100|[from] Stealth Rock\n|turn|11\n|\n|t:|1695172175\n|switch|p1a: Iron Valiant|Iron Valiant|100/100\n|-enditem|p1a: Iron Valiant|Booster Energy\n|-activate|p1a: Iron Valiant|ability: Quark Drive|[fromitem]\n|-start|p1a: Iron Valiant|quarkdrivespe\n|move|p2a: bax at home|Swords Dance|p2a: bax at home\n|-boost|p2a: bax at home|atk|2\n|\n|-weather|Snow|[upkeep]\n|upkeep\n|turn|12\n|\n|t:|1695172186\n|-terastallize|p2a: bax at home|Ice\n|move|p1a: Iron Valiant|Moonblast|p2a: bax at home\n|-damage|p2a: bax at home|71/100\n|move|p2a: bax at home|Earthquake|p1a: Iron Valiant\n|-damage|p1a: Iron Valiant|0 fnt\n|faint|p1a: Iron Valiant\n|-end|p1a: Iron Valiant|Quark Drive|[silent]\n|\n|-weather|none\n|-sideend|p2: MalachiteOW|move: Aurora Veil\n|upkeep\n|\n|t:|1695172195\n|switch|p1a: Mamoswine|Mamoswine, F|100/100\n|turn|13\n|\n|t:|1695172199\n|move|p1a: Mamoswine|Earthquake|p2a: bax at home\n|-damage|p2a: bax at home|19/100\n|move|p2a: bax at home|Scale Shot|p1a: Mamoswine\n|-damage|p1a: Mamoswine|70/100\n|-damage|p1a: Mamoswine|39/100\n|-damage|p1a: Mamoswine|12/100\n|-damage|p1a: Mamoswine|0 fnt\n|faint|p1a: Mamoswine\n|-hitcount|p1: Mamoswine|4\n|-unboost|p2a: bax at home|def|1\n|-boost|p2a: bax at home|spe|1\n|\n|upkeep\n|\n|t:|1695172204\n|switch|p1a: Mandibuzz|Mandibuzz, F|100/100\n|turn|14\n|\n|t:|1695172212\n|move|p2a: bax at home|Tera Blast|p1a: Mandibuzz\n|-supereffective|p1a: Mandibuzz\n|-damage|p1a: Mandibuzz|0 fnt\n|faint|p1a: Mandibuzz\n|\n|upkeep\n|-message|summerenaissance forfeited.\n|\n|win|MalachiteOW\n|raw|summerenaissance's rating: 1426 &rarr; <strong>1406</strong><br />(-20 for losing)\n|raw|MalachiteOW's rating: 1429 &rarr; <strong>1449</strong><br />(+20 for winning)\n|l|\u2606summerenaissance\n", "uploadtime": 1695172229, "views": 5, "p1id": "summerenaissance", "p2id": "malachiteow", "formatid": "gen9ou", "rating": 1406, "private": 0, "password": ""}