{"id": "gen9ou-1947565499", "p1": "imJV", "p2": "RndmLaddering", "format": "gen9ou", "log": "|j|\u2606imJV\n|j|\u2606RndmLaddering\n|t:|1695173118\n|gametype|singles\n|player|p1|imJV|biker-gen4|1178\n|player|p2|RndmLaddering|acetrainer-gen4|1223\n|teamsize|p1|6\n|teamsize|p2|6\n|gen|9\n|tier|[Gen 9] OU\n|rated|\n|rule|Sleep Clause Mod: Limit one foe put to sleep\n|rule|Species Clause: Limit one of each Pok\u00e9mon\n|rule|OHKO Clause: OHKO moves are banned\n|rule|Evasion Items Clause: Evasion items are banned\n|rule|Evasion Moves Clause: Evasion moves are banned\n|rule|Endless Battle Clause: Forcing endless battles is banned\n|rule|HP Percentage Mod: HP is shown in percentages\n|clearpoke\n|poke|p1|Cetitan, F|\n|poke|p1|Zapdos|\n|poke|p1|Garganacl, M|\n|poke|p1|Ninetales-Alola, F|\n|poke|p1|Landorus-Therian, M|\n|poke|p1|Revavroom, M|\n|poke|p2|Pelipper, F|\n|poke|p2|Glastrier|\n|poke|p2|Toedscruel, M|\n|poke|p2|Ursaluna-Bloodmoon, M|\n|poke|p2|Grimmsnarl, M|\n|poke|p2|Goodra-Hisui, M|\n|teampreview\n|\n|t:|1695173157\n|start\n|switch|p1a: Ninetales|Ninetales-Alola, F, shiny|100/100\n|switch|p2a: Ursaluna|Ursaluna-Bloodmoon, M|100/100\n|-weather|Snow|[from] ability: Snow Warning|[of] p1a: Ninetales\n|turn|1\n|\n|t:|1695173164\n|switch|p2a: Pelipper|Pelipper, F|100/100\n|-weather|RainDance|[from] ability: Drizzle|[of] p2a: Pelipper\n|move|p1a: Ninetales|Aurora Veil||[still]\n|-fail|p1a: Ninetales\n|\n|-weather|RainDance|[upkeep]\n|upkeep\n|turn|2\n|\n|t:|1695173172\n|move|p1a: Ninetales|Blizzard|p2a: Pelipper\n|-damage|p2a: Pelipper|43/100\n|move|p2a: Pelipper|Hurricane|p1a: Ninetales\n|-damage|p1a: Ninetales|5/100\n|\n|-weather|RainDance|[upkeep]\n|upkeep\n|turn|3\n|\n|t:|1695173184\n|switch|p1a: Zapdos|Zapdos, shiny|100/100\n|switch|p2a: Glastrier|Glastrier|100/100\n|\n|-weather|RainDance|[upkeep]\n|upkeep\n|turn|4\n|\n|t:|1695173193\n|move|p1a: Zapdos|Volt Switch|p2a: Glastrier\n|-damage|p2a: Glastrier|82/100\n|\n|t:|1695173202\n|switch|p1a: Garganacl|Garganacl, M|100/100|[from] Volt Switch\n|move|p2a: Glastrier|Avalanche|p1a: Garganacl\n|-damage|p1a: Garganacl|82/100\n|\n|-weather|RainDance|[upkeep]\n|-heal|p1a: Garganacl|89/100|[from] item: Leftovers\n|upkeep\n|turn|5\n|\n|t:|1695173222\n|move|p1a: Garganacl|Curse|p1a: Garganacl\n|-unboost|p1a: Garganacl|spe|1\n|-boost|p1a: Garganacl|atk|1\n|-boost|p1a: Garganacl|def|1\n|move|p2a: Glastrier|Close Combat|p1a: Garganacl\n|-supereffective|p1a: Garganacl\n|-damage|p1a: Garganacl|55/100\n|-unboost|p2a: Glastrier|def|1\n|-unboost|p2a: Glastrier|spd|1\n|\n|-weather|none\n|-heal|p1a: Garganacl|61/100|[from] item: Leftovers\n|upkeep\n|turn|6\n|\n|t:|1695173246\n|switch|p2a: Toedscruel|Toedscruel, M|100/100\n|-terastallize|p1a: Garganacl|Water\n|move|p1a: Garganacl|Curse|p1a: Garganacl\n|-unboost|p1a: Garganacl|spe|1\n|-boost|p1a: Garganacl|atk|1\n|-boost|p1a: Garganacl|def|1\n|\n|-heal|p1a: Garganacl|67/100|[from] item: Leftovers\n|upkeep\n|turn|7\n|\n|t:|1695173253\n|move|p1a: Garganacl|Protect|p1a: Garganacl\n|-singleturn|p1a: Garganacl|Protect\n|move|p2a: Toedscruel|Leaf Storm|p1a: Garganacl\n|-activate|p1a: Garganacl|move: Protect\n|\n|-heal|p1a: Garganacl|74/100|[from] item: Leftovers\n|upkeep\n|turn|8\n|\n|t:|1695173266\n|move|p2a: Toedscruel|Leaf Storm|p1a: Garganacl\n|-supereffective|p1a: Garganacl\n|-damage|p1a: Garganacl|9/100\n|-unboost|p2a: Toedscruel|spa|2\n|move|p1a: Garganacl|Recover|p1a: Garganacl\n|-heal|p1a: Garganacl|59/100\n|\n|-heal|p1a: Garganacl|65/100|[from] item: Leftovers\n|upkeep\n|turn|9\n|\n|t:|1695173282\n|move|p2a: Toedscruel|Leaf Storm|p1a: Garganacl\n|-supereffective|p1a: Garganacl\n|-damage|p1a: Garganacl|29/100\n|-unboost|p2a: Toedscruel|spa|2\n|move|p1a: Garganacl|Recover|p1a: Garganacl\n|-heal|p1a: Garganacl|79/100\n|\n|-heal|p1a: Garganacl|85/100|[from] item: Leftovers\n|upkeep\n|turn|10\n|\n|t:|1695173288\n|move|p1a: Garganacl|Salt Cure|p2a: Toedscruel\n|-resisted|p2a: Toedscruel\n|-damage|p2a: Toedscruel|82/100\n|-start|p2a: Toedscruel|Salt Cure\n|move|p2a: Toedscruel|Spikes|p1a: Garganacl\n|-sidestart|p1: imJV|Spikes\n|\n|-heal|p1a: Garganacl|92/100|[from] item: Leftovers\n|-damage|p2a: Toedscruel|69/100|[from] Salt Cure\n|upkeep\n|turn|11\n|\n|t:|1695173309\n|switch|p2a: Grimmsnarl|Grimmsnarl, M|100/100\n|move|p1a: Garganacl|Curse|p1a: Garganacl\n|-unboost|p1a: Garganacl|spe|1\n|-boost|p1a: Garganacl|atk|1\n|-boost|p1a: Garganacl|def|1\n|\n|-heal|p1a: Garganacl|98/100|[from] item: Leftovers\n|upkeep\n|turn|12\n|\n|t:|1695173322\n|move|p2a: Grimmsnarl|Parting Shot|p1a: Garganacl\n|-unboost|p1a: Garganacl|atk|1\n|-unboost|p1a: Garganacl|spa|1\n|\n|t:|1695173325\n|switch|p2a: Toedscruel|Toedscruel, M|69/100|[from] Parting Shot\n|move|p1a: Garganacl|Salt Cure|p2a: Toedscruel\n|-resisted|p2a: Toedscruel\n|-damage|p2a: Toedscruel|51/100\n|-start|p2a: Toedscruel|Salt Cure\n|\n|-heal|p1a: Garganacl|100/100|[from] item: Leftovers\n|-damage|p2a: Toedscruel|39/100|[from] Salt Cure\n|upkeep\n|turn|13\n|\n|t:|1695173333\n|move|p2a: Toedscruel|Leaf Storm|p1a: Garganacl\n|-supereffective|p1a: Garganacl\n|-damage|p1a: Garganacl|30/100\n|-unboost|p2a: Toedscruel|spa|2\n|move|p1a: Garganacl|Recover|p1a: Garganacl\n|-heal|p1a: Garganacl|80/100\n|\n|-heal|p1a: Garganacl|86/100|[from] item: Leftovers\n|-damage|p2a: Toedscruel|26/100|[from] Salt Cure\n|upkeep\n|turn|14\n|\n|t:|1695173355\n|switch|p2a: Pelipper|Pelipper, F|43/100\n|-weather|RainDance|[from] ability: Drizzle|[of] p2a: Pelipper\n|move|p1a: Garganacl|Protect||[still]\n|-fail|p1a: Garganacl\n|\n|-weather|RainDance|[upkeep]\n|-heal|p1a: Garganacl|93/100|[from] item: Leftovers\n|upkeep\n|turn|15\n|\n|t:|1695173373\n|move|p2a: Pelipper|Hurricane|p1a: Garganacl\n|-damage|p1a: Garganacl|24/100\n|move|p1a: Garganacl|Salt Cure|p2a: Pelipper\n|-supereffective|p2a: Pelipper\n|-damage|p2a: Pelipper|0 fnt\n|faint|p2a: Pelipper\n|\n|-weather|RainDance|[upkeep]\n|-heal|p1a: Garganacl|30/100|[from] item: Leftovers\n|upkeep\n|\n|t:|1695173381\n|switch|p2a: Ursaluna|Ursaluna-Bloodmoon, M|100/100\n|turn|16\n|\n|t:|1695173386\n|move|p1a: Garganacl|Protect|p1a: Garganacl\n|-singleturn|p1a: Garganacl|Protect\n|move|p2a: Ursaluna|Blood Moon|p1a: Garganacl\n|-activate|p1a: Garganacl|move: Protect\n|\n|-weather|RainDance|[upkeep]\n|-heal|p1a: Garganacl|37/100|[from] item: Leftovers\n|upkeep\n|turn|17\n|\n|t:|1695173391\n|move|p2a: Ursaluna|Earth Power|p1a: Garganacl\n|-damage|p1a: Garganacl|0 fnt\n|faint|p1a: Garganacl\n|\n|-weather|RainDance|[upkeep]\n|upkeep\n|\n|t:|1695173398\n|switch|p1a: Ninetales|Ninetales-Alola, F, shiny|5/100\n|-damage|p1a: Ninetales|0 fnt|[from] Spikes\n|faint|p1a: Ninetales\n|\n|t:|1695173407\n|switch|p1a: Zapdos|Zapdos, shiny|100/100\n|turn|18\n|\n|t:|1695173413\n|move|p1a: Zapdos|Weather Ball|p2a: Ursaluna\n|-supereffective|p2a: Ursaluna\n|-damage|p2a: Ursaluna|0 fnt\n|faint|p2a: Ursaluna\n|\n|-weather|none\n|upkeep\n|\n|t:|1695173448\n|switch|p2a: Grimmsnarl|Grimmsnarl, M|100/100\n|turn|19\n|\n|t:|1695173451\n|move|p2a: Grimmsnarl|Light Screen|p2a: Grimmsnarl\n|-sidestart|p2: RndmLaddering|move: Light Screen\n|move|p1a: Zapdos|Discharge|p2a: Grimmsnarl\n|-damage|p2a: Grimmsnarl|87/100\n|\n|upkeep\n|turn|20\n|\n|t:|1695173458\n|switch|p1a: Revavroom|Revavroom, M|100/100\n|-item|p1a: Revavroom|Air Balloon\n|move|p2a: Grimmsnarl|Reflect|p2a: Grimmsnarl\n|-sidestart|p2: RndmLaddering|Reflect\n|\n|upkeep\n|turn|21\n|\n|t:|1695173469\n|move|p1a: Revavroom|Shift Gear|p1a: Revavroom\n|-boost|p1a: Revavroom|spe|2\n|-boost|p1a: Revavroom|atk|1\n|move|p2a: Grimmsnarl|Spirit Break|p1a: Revavroom\n|-resisted|p1a: Revavroom\n|-crit|p1a: Revavroom\n|-damage|p1a: Revavroom|87/100\n|-unboost|p1a: Revavroom|spa|1\n|-enditem|p1a: Revavroom|Air Balloon\n|\n|upkeep\n|turn|22\n|\n|t:|1695173473\n|move|p2a: Grimmsnarl|Parting Shot|p1a: Revavroom\n|-unboost|p1a: Revavroom|atk|1\n|-unboost|p1a: Revavroom|spa|1\n|\n|t:|1695173507\n|switch|p2a: Toedscruel|Toedscruel, M|26/100|[from] Parting Shot\n|move|p1a: Revavroom|Shift Gear|p1a: Revavroom\n|-boost|p1a: Revavroom|spe|2\n|-boost|p1a: Revavroom|atk|1\n|\n|upkeep\n|turn|23\n|\n|t:|1695173514\n|-terastallize|p2a: Toedscruel|Ground\n|move|p1a: Revavroom|Shift Gear|p1a: Revavroom\n|-boost|p1a: Revavroom|spe|2\n|-boost|p1a: Revavroom|atk|1\n|move|p2a: Toedscruel|Spore|p1a: Revavroom\n|-status|p1a: Revavroom|slp|[from] move: Spore\n|\n|upkeep\n|turn|24\n|\n|t:|1695173522\n|switch|p2a: Glastrier|Glastrier|82/100\n|cant|p1a: Revavroom|slp\n|\n|upkeep\n|turn|25\n|\n|t:|1695173533\n|switch|p1a: Zapdos|Zapdos, shiny|100/100\n|move|p2a: Glastrier|Close Combat|p1a: Zapdos\n|-resisted|p1a: Zapdos\n|-damage|p1a: Zapdos|81/100\n|-unboost|p2a: Glastrier|def|1\n|-unboost|p2a: Glastrier|spd|1\n|\n|-heal|p1a: Zapdos|87/100|[from] item: Leftovers\n|upkeep\n|turn|26\n|\n|t:|1695173556\n|switch|p2a: Goodra|Goodra-Hisui, M|100/100\n|move|p1a: Zapdos|Volt Switch|p2a: Goodra\n|-resisted|p2a: Goodra\n|-damage|p2a: Goodra|95/100\n|\n|t:|1695173560\n|switch|p1a: Landorus|Landorus-Therian, M, shiny|100/100|[from] Volt Switch\n|-ability|p1a: Landorus|Intimidate|boost\n|-unboost|p2a: Goodra|atk|1\n|\n|-sideend|p2: RndmLaddering|move: Light Screen\n|upkeep\n|turn|27\n|\n|t:|1695173575\n|switch|p2a: Toedscruel|Toedscruel, M, tera:Ground|26/100\n|move|p1a: Landorus|Brick Break|p2a: Toedscruel\n|-sideend|p2: RndmLaddering|Reflect\n|-damage|p2a: Toedscruel|0 fnt\n|faint|p2a: Toedscruel\n|\n|upkeep\n|\n|t:|1695173584\n|switch|p2a: Glastrier|Glastrier|82/100\n|turn|28\n|\n|t:|1695173599\n|move|p1a: Landorus|Brick Break|p2a: Glastrier\n|-supereffective|p2a: Glastrier\n|-damage|p2a: Glastrier|37/100\n|move|p2a: Glastrier|Avalanche|p1a: Landorus\n|-supereffective|p1a: Landorus\n|-damage|p1a: Landorus|0 fnt\n|faint|p1a: Landorus\n|-ability|p2a: Glastrier|Chilling Neigh|boost\n|-boost|p2a: Glastrier|atk|1\n|\n|upkeep\n|\n|t:|1695173607\n|switch|p1a: Cetitan|Cetitan, F|100/100\n|-damage|p1a: Cetitan|88/100|[from] Spikes\n|turn|29\n|\n|t:|1695173613\n|move|p1a: Cetitan|Earthquake|p2a: Glastrier\n|-damage|p2a: Glastrier|14/100\n|move|p2a: Glastrier|Close Combat|p1a: Cetitan\n|-supereffective|p1a: Cetitan\n|-damage|p1a: Cetitan|0 fnt\n|-unboost|p2a: Glastrier|def|1\n|-unboost|p2a: Glastrier|spd|1\n|faint|p1a: Cetitan\n|-ability|p2a: Glastrier|Chilling Neigh|boost\n|-boost|p2a: Glastrier|atk|1\n|\n|upkeep\n|\n|t:|1695173620\n|switch|p1a: Zapdos|Zapdos, shiny|87/100\n|turn|30\n|\n|t:|1695173638\n|switch|p2a: Grimmsnarl|Grimmsnarl, M|87/100\n|move|p1a: Zapdos|Volt Switch|p2a: Grimmsnarl\n|-damage|p2a: Grimmsnarl|59/100\n|\n|t:|1695173642\n|switch|p1a: Revavroom|Revavroom, M|87/100 slp|[from] Volt Switch\n|-damage|p1a: Revavroom|75/100 slp|[from] Spikes\n|\n|upkeep\n|turn|31\n|\n|t:|1695173647\n|move|p2a: Grimmsnarl|Parting Shot|p1a: Revavroom\n|-unboost|p1a: Revavroom|atk|1\n|-unboost|p1a: Revavroom|spa|1\n|\n|t:|1695173649\n|switch|p2a: Goodra|Goodra-Hisui, M|95/100|[from] Parting Shot\n|cant|p1a: Revavroom|slp\n|\n|upkeep\n|turn|32\n|\n|t:|1695173652\n|cant|p1a: Revavroom|slp\n|move|p2a: Goodra|Curse|p2a: Goodra\n|-unboost|p2a: Goodra|spe|1\n|-boost|p2a: Goodra|atk|1\n|-boost|p2a: Goodra|def|1\n|\n|upkeep\n|turn|33\n|\n|t:|1695173655\n|switch|p1a: Zapdos|Zapdos, shiny|87/100\n|move|p2a: Goodra|Curse|p2a: Goodra\n|-unboost|p2a: Goodra|spe|1\n|-boost|p2a: Goodra|atk|1\n|-boost|p2a: Goodra|def|1\n|\n|-heal|p1a: Zapdos|93/100|[from] item: Leftovers\n|upkeep\n|turn|34\n|\n|t:|1695173662\n|move|p1a: Zapdos|Discharge|p2a: Goodra\n|-resisted|p2a: Goodra\n|-damage|p2a: Goodra|83/100\n|move|p2a: Goodra|Curse|p2a: Goodra\n|-unboost|p2a: Goodra|spe|1\n|-boost|p2a: Goodra|atk|1\n|-boost|p2a: Goodra|def|1\n|\n|-heal|p1a: Zapdos|99/100|[from] item: Leftovers\n|upkeep\n|turn|35\n|\n|t:|1695173669\n|move|p1a: Zapdos|Discharge|p2a: Goodra\n|-resisted|p2a: Goodra\n|-damage|p2a: Goodra|69/100\n|-status|p2a: Goodra|par\n|move|p2a: Goodra|Curse|p2a: Goodra\n|-unboost|p2a: Goodra|spe|1\n|-boost|p2a: Goodra|atk|1\n|-boost|p2a: Goodra|def|1\n|\n|-heal|p1a: Zapdos|100/100|[from] item: Leftovers\n|upkeep\n|turn|36\n|\n|t:|1695173677\n|move|p1a: Zapdos|Discharge|p2a: Goodra\n|-resisted|p2a: Goodra\n|-damage|p2a: Goodra|57/100 par\n|move|p2a: Goodra|Curse|p2a: Goodra\n|-unboost|p2a: Goodra|spe|1\n|-boost|p2a: Goodra|atk|1\n|-boost|p2a: Goodra|def|1\n|\n|upkeep\n|turn|37\n|\n|t:|1695173680\n|move|p1a: Zapdos|Discharge|p2a: Goodra\n|-resisted|p2a: Goodra\n|-damage|p2a: Goodra|44/100 par\n|move|p2a: Goodra|Curse|p2a: Goodra\n|-unboost|p2a: Goodra|spe|1\n|-boost|p2a: Goodra|atk|1\n|-boost|p2a: Goodra|def|1\n|\n|upkeep\n|turn|38\n|\n|t:|1695173682\n|move|p1a: Zapdos|Discharge|p2a: Goodra\n|-resisted|p2a: Goodra\n|-damage|p2a: Goodra|31/100 par\n|cant|p2a: Goodra|par\n|\n|upkeep\n|turn|39\n|\n|t:|1695173687\n|move|p1a: Zapdos|Discharge|p2a: Goodra\n|-resisted|p2a: Goodra\n|-damage|p2a: Goodra|17/100 par\n|move|p2a: Goodra|Rest|p2a: Goodra\n|-status|p2a: Goodra|slp|[from] move: Rest\n|-heal|p2a: Goodra|100/100 slp|[silent]\n|-enditem|p2a: Goodra|Chesto Berry|[eat]\n|-curestatus|p2a: Goodra|slp|[msg]\n|\n|upkeep\n|turn|40\n|c|\u2606imJV|ayo\n|c|\u2606imJV|o\n|\n|t:|1695173695\n|move|p1a: Zapdos|Discharge|p2a: Goodra\n|-resisted|p2a: Goodra\n|-damage|p2a: Goodra|88/100\n|move|p2a: Goodra|Gyro Ball|p1a: Zapdos\n|-resisted|p1a: Zapdos\n|-damage|p1a: Zapdos|8/100\n|-status|p2a: Goodra|par|[from] ability: Static|[of] p1a: Zapdos\n|\n|-heal|p1a: Zapdos|14/100|[from] item: Leftovers\n|upkeep\n|turn|41\n|c|\u2606imJV|gg\n|c|\u2606RndmLaddering|gg\n|\n|t:|1695173703\n|move|p1a: Zapdos|Discharge|p2a: Goodra\n|-resisted|p2a: Goodra\n|-damage|p2a: Goodra|75/100 par\n|cant|p2a: Goodra|par\n|\n|-heal|p1a: Zapdos|21/100|[from] item: Leftovers\n|upkeep\n|turn|42\n|\n|t:|1695173709\n|move|p1a: Zapdos|Discharge|p2a: Goodra\n|-resisted|p2a: Goodra\n|-damage|p2a: Goodra|63/100 par\n|move|p2a: Goodra|Body Press|p1a: Zapdos\n|-resisted|p1a: Zapdos\n|-damage|p1a: Zapdos|0 fnt\n|faint|p1a: Zapdos\n|\n|upkeep\n|\n|t:|1695173711\n|switch|p1a: Revavroom|Revavroom, M|75/100 slp\n|-damage|p1a: Revavroom|62/100 slp|[from] Spikes\n|turn|43\n|\n|t:|1695173714\n|-curestatus|p1a: Revavroom|slp|[msg]\n|move|p1a: Revavroom|Shift Gear|p1a: Revavroom\n|-boost|p1a: Revavroom|spe|2\n|-boost|p1a: Revavroom|atk|1\n|move|p2a: Goodra|Body Press|p1a: Revavroom\n|-damage|p1a: Revavroom|0 fnt\n|faint|p1a: Revavroom\n|\n|win|RndmLaddering\n|raw|imJV's rating: 1178 &rarr; <strong>1156</strong><br />(-22 for losing)\n|raw|RndmLaddering's rating: 1223 &rarr; <strong>1245</strong><br />(+22 for winning)\n|c|\u2606imJV|wp\n|c|\u2606RndmLaddering|ty u2\n", "uploadtime": 1695173725, "views": 7, "p1id": "imjv", "p2id": "rndmladdering", "formatid": "gen9ou", "rating": 1156, "private": 0, "password": ""}