{"id": "gen9ou-1947531925", "p1": "t114514", "p2": "GlamrockWigglytuff", "format": "gen9ou", "log": "|j|\u2606t114514\n|j|\u2606GlamrockWigglytuff\n|t:|1695169871\n|gametype|singles\n|player|p1|t114514|101|1059\n|player|p2|GlamrockWigglytuff|biker-gen4|1050\n|teamsize|p1|6\n|teamsize|p2|6\n|gen|9\n|tier|[Gen 9] OU\n|rated|\n|rule|Sleep Clause Mod: Limit one foe put to sleep\n|rule|Species Clause: Limit one of each Pok\u00e9mon\n|rule|OHKO Clause: OHKO moves are banned\n|rule|Evasion Items Clause: Evasion items are banned\n|rule|Evasion Moves Clause: Evasion moves are banned\n|rule|Endless Battle Clause: Forcing endless battles is banned\n|rule|HP Percentage Mod: HP is shown in percentages\n|clearpoke\n|poke|p1|Ogerpon-Hearthflame, F|\n|poke|p1|Moltres|\n|poke|p1|Torkoal, F|\n|poke|p1|Great Tusk|\n|poke|p1|Walking Wake|\n|poke|p1|Cinderace, F|\n|poke|p2|Clefable, M|\n|poke|p2|Gliscor, F|\n|poke|p2|Manaphy|\n|poke|p2|Ursaluna-Bloodmoon, M|\n|poke|p2|Ogerpon-Hearthflame, F|\n|poke|p2|Great Tusk|\n|teampreview\n|inactive|Battle timer is ON: inactive players will automatically lose when time's up. (requested by GlamrockWigglytuff)\n|\n|t:|1695169890\n|start\n|switch|p1a: Torkoal|Torkoal, F|100/100\n|switch|p2a: Ursaluna|Ursaluna-Bloodmoon, M|100/100\n|-weather|SunnyDay|[from] ability: Drought|[of] p1a: Torkoal\n|turn|1\n|\n|t:|1695169897\n|move|p2a: Ursaluna|Earth Power|p1a: Torkoal\n|-supereffective|p1a: Torkoal\n|-damage|p1a: Torkoal|0 fnt\n|faint|p1a: Torkoal\n|\n|-weather|SunnyDay|[upkeep]\n|upkeep\n|\n|t:|1695169904\n|switch|p1a: Ogerpon|Ogerpon-Hearthflame, F|100/100\n|-ability|p1a: Ogerpon|Mold Breaker\n|turn|2\n|\n|t:|1695169912\n|switch|p2a: Gliscor|Gliscor, F|100/100\n|move|p1a: Ogerpon|Trailblaze|p2a: Gliscor\n|-damage|p2a: Gliscor|75/100\n|-boost|p1a: Ogerpon|spe|1\n|\n|-weather|SunnyDay|[upkeep]\n|-status|p2a: Gliscor|tox|[from] item: Toxic Orb\n|upkeep\n|turn|3\n|\n|t:|1695169935\n|-terastallize|p1a: Ogerpon|Fire\n|detailschange|p1a: Ogerpon|Ogerpon-Hearthflame-Tera, F, tera:Fire\n|-ability|p1a: Ogerpon|Embody Aspect (Hearthflame)|boost\n|-boost|p1a: Ogerpon|atk|1\n|move|p1a: Ogerpon|Ivy Cudgel|p2a: Gliscor\n|-damage|p2a: Gliscor|0 fnt\n|faint|p2a: Gliscor\n|\n|-weather|SunnyDay|[upkeep]\n|upkeep\n|\n|t:|1695169949\n|switch|p2a: Ursaluna|Ursaluna-Bloodmoon, M|100/100\n|turn|4\n|\n|t:|1695169956\n|move|p1a: Ogerpon|Horn Leech|p2a: Ursaluna\n|-supereffective|p2a: Ursaluna\n|-damage|p2a: Ursaluna|8/100\n|move|p2a: Ursaluna|Blood Moon|p1a: Ogerpon\n|-damage|p1a: Ogerpon|4/100\n|\n|-weather|SunnyDay|[upkeep]\n|upkeep\n|turn|5\n|\n|t:|1695169962\n|move|p1a: Ogerpon|Horn Leech|p2a: Ursaluna\n|-supereffective|p2a: Ursaluna\n|-damage|p2a: Ursaluna|0 fnt\n|-heal|p1a: Ogerpon|10/100|[from] drain|[of] p2a: Ursaluna\n|faint|p2a: Ursaluna\n|\n|-weather|none\n|upkeep\n|\n|t:|1695169965\n|switch|p2a: Manaphy|Manaphy|100/100\n|turn|6\n|\n|t:|1695169971\n|-terastallize|p2a: Manaphy|Fairy\n|move|p1a: Ogerpon|Horn Leech|p2a: Manaphy\n|-damage|p2a: Manaphy|45/100\n|-heal|p1a: Ogerpon|47/100|[from] drain|[of] p2a: Manaphy\n|move|p2a: Manaphy|Psychic|p1a: Ogerpon\n|-damage|p1a: Ogerpon|14/100\n|\n|upkeep\n|turn|7\n|\n|t:|1695169981\n|move|p1a: Ogerpon|Horn Leech|p2a: Manaphy\n|-crit|p2a: Manaphy\n|-damage|p2a: Manaphy|0 fnt\n|-heal|p1a: Ogerpon|45/100|[from] drain|[of] p2a: Manaphy\n|faint|p2a: Manaphy\n|\n|upkeep\n|-message|GlamrockWigglytuff forfeited.\n|\n|win|t114514\n|raw|t114514's rating: 1059 &rarr; <strong>1089</strong><br />(+30 for winning)\n|raw|GlamrockWigglytuff's rating: 1050 &rarr; <strong>1033</strong><br />(-17 for losing)\n|l|\u2606GlamrockWigglytuff\n", "uploadtime": 1695169990, "views": 1, "p1id": "t114514", "p2id": "glamrockwigglytuff", "formatid": "gen9ou", "rating": 1033, "private": 0, "password": ""}