{"id": "gen9ou-1947502705", "p1": "dipperjedster16", "p2": "AardvarkMaster", "format": "gen9ou", "log": "|j|\u2606dipperjedster16\n|j|\u2606AardvarkMaster\n|t:|1695166981\n|gametype|singles\n|player|p1|dipperjedster16|bugcatcher-gen4dp|1108\n|player|p2|AardvarkMaster|2|1162\n|teamsize|p1|6\n|teamsize|p2|6\n|gen|9\n|tier|[Gen 9] OU\n|rated|\n|rule|Sleep Clause Mod: Limit one foe put to sleep\n|rule|Species Clause: Limit one of each Pok\u00e9mon\n|rule|OHKO Clause: OHKO moves are banned\n|rule|Evasion Items Clause: Evasion items are banned\n|rule|Evasion Moves Clause: Evasion moves are banned\n|rule|Endless Battle Clause: Forcing endless battles is banned\n|rule|HP Percentage Mod: HP is shown in percentages\n|clearpoke\n|poke|p1|Furret, M|\n|poke|p1|Fezandipiti, M|\n|poke|p1|Torterra, M|\n|poke|p1|Golem-Alola, F|\n|poke|p1|Chandelure, M|\n|poke|p1|Milotic, F|\n|poke|p2|Ogerpon-Hearthflame, F|\n|poke|p2|Kingambit, F|\n|poke|p2|Dragapult, F|\n|poke|p2|Samurott-Hisui, M|\n|poke|p2|Great Tusk|\n|poke|p2|Iron Valiant|\n|teampreview\n|inactive|Battle timer is ON: inactive players will automatically lose when time's up. (requested by dipperjedster16)\n|c|\u2606AardvarkMaster|gl hf\n|\n|t:|1695167011\n|start\n|switch|p1a: Golem|Golem-Alola, F, shiny|100/100\n|switch|p2a: Ogerpon|Ogerpon-Hearthflame, F|100/100\n|-ability|p2a: Ogerpon|Mold Breaker\n|turn|1\n|\n|t:|1695167021\n|move|p2a: Ogerpon|Wood Hammer|p1a: Golem\n|-supereffective|p1a: Golem\n|-damage|p1a: Golem|0 fnt\n|faint|p1a: Golem\n|-damage|p2a: Ogerpon|61/100|[from] Recoil\n|\n|upkeep\n|\n|t:|1695167028\n|switch|p1a: Fezandipiti|Fezandipiti, M, shiny|100/100\n|turn|2\n|inactive|AardvarkMaster has 120 seconds left.\n|\n|t:|1695167071\n|-terastallize|p2a: Ogerpon|Fire\n|detailschange|p2a: Ogerpon|Ogerpon-Hearthflame-Tera, F, tera:Fire\n|-ability|p2a: Ogerpon|Embody Aspect (Hearthflame)|boost\n|-boost|p2a: Ogerpon|atk|1\n|move|p2a: Ogerpon|Ivy Cudgel|p1a: Fezandipiti\n|-damage|p1a: Fezandipiti|6/100\n|move|p1a: Fezandipiti|Agility|p1a: Fezandipiti\n|-boost|p1a: Fezandipiti|spe|2\n|\n|-heal|p1a: Fezandipiti|12/100|[from] item: Leftovers\n|upkeep\n|turn|3\n|\n|t:|1695167080\n|move|p1a: Fezandipiti|Poison Tail|p2a: Ogerpon\n|-damage|p2a: Ogerpon|29/100\n|move|p2a: Ogerpon|Ivy Cudgel|p1a: Fezandipiti\n|-damage|p1a: Fezandipiti|0 fnt\n|faint|p1a: Fezandipiti\n|\n|upkeep\n|\n|t:|1695167087\n|switch|p1a: Chandelure|Chandelure, M, shiny|100/100\n|turn|4\n|c|\u2606AardvarkMaster|you should run fez with beat up\n|\n|t:|1695167094\n|move|p2a: Ogerpon|Knock Off|p1a: Chandelure\n|-supereffective|p1a: Chandelure\n|-damage|p1a: Chandelure|0 fnt\n|-enditem|p1a: Chandelure|Leftovers|[from] move: Knock Off|[of] p2a: Ogerpon\n|faint|p1a: Chandelure\n|\n|upkeep\n|\n|t:|1695167097\n|switch|p1a: Torterra|Torterra, M, shiny|100/100\n|turn|5\n|inactive|AardvarkMaster has 120 seconds left.\n|\n|t:|1695167128\n|-terastallize|p1a: Torterra|Rock\n|move|p2a: Ogerpon|Ivy Cudgel|p1a: Torterra\n|-resisted|p1a: Torterra\n|-damage|p1a: Torterra|41/100\n|move|p1a: Torterra|Shell Smash|p1a: Torterra\n|-unboost|p1a: Torterra|def|1\n|-unboost|p1a: Torterra|spd|1\n|-boost|p1a: Torterra|atk|2\n|-boost|p1a: Torterra|spa|2\n|-boost|p1a: Torterra|spe|2\n|-enditem|p1a: Torterra|White Herb\n|-clearnegativeboost|p1a: Torterra|[silent]\n|\n|upkeep\n|turn|6\n|\n|t:|1695167138\n|move|p1a: Torterra|Earthquake|p2a: Ogerpon\n|-supereffective|p2a: Ogerpon\n|-damage|p2a: Ogerpon|0 fnt\n|faint|p2a: Ogerpon\n|\n|upkeep\n|inactive|AardvarkMaster has 120 seconds left.\n|\n|t:|1695167163\n|switch|p2a: Iron Valiant|Iron Valiant|100/100\n|turn|7\n|\n|t:|1695167185\n|move|p2a: Iron Valiant|Moonblast|p1a: Torterra\n|-damage|p1a: Torterra|0 fnt\n|faint|p1a: Torterra\n|\n|upkeep\n|\n|t:|1695167188\n|switch|p1a: Furret|Furret, M, shiny|100/100\n|turn|8\n|inactive|AardvarkMaster has 120 seconds left.\n|\n|t:|1695167197\n|move|p2a: Iron Valiant|Moonblast|p1a: Furret\n|-damage|p1a: Furret|24/100\n|move|p1a: Furret|Knock Off|p2a: Iron Valiant\n|-resisted|p2a: Iron Valiant\n|-damage|p2a: Iron Valiant|93/100\n|-enditem|p2a: Iron Valiant|Choice Scarf|[from] move: Knock Off|[of] p1a: Furret\n|\n|-heal|p1a: Furret|30/100|[from] item: Leftovers\n|upkeep\n|turn|9\n|\n|t:|1695167200\n|move|p2a: Iron Valiant|Moonblast|p1a: Furret\n|-damage|p1a: Furret|0 fnt\n|faint|p1a: Furret\n|\n|upkeep\n|\n|t:|1695167203\n|switch|p1a: Milotic|Milotic, F, shiny|100/100\n|turn|10\n|\n|t:|1695167208\n|move|p2a: Iron Valiant|Moonblast|p1a: Milotic\n|-damage|p1a: Milotic|76/100\n|-unboost|p1a: Milotic|spa|1\n|move|p1a: Milotic|Coil|p1a: Milotic\n|-boost|p1a: Milotic|atk|1\n|-boost|p1a: Milotic|def|1\n|-boost|p1a: Milotic|accuracy|1\n|\n|upkeep\n|turn|11\n|\n|t:|1695167216\n|-end|p2a: Iron Valiant|Quark Drive|[silent]\n|switch|p2a: Dragapult|Dragapult, F|100/100\n|move|p1a: Milotic|Coil|p1a: Milotic\n|-boost|p1a: Milotic|atk|1\n|-boost|p1a: Milotic|def|1\n|-boost|p1a: Milotic|accuracy|1\n|\n|upkeep\n|turn|12\n|\n|t:|1695167223\n|move|p2a: Dragapult|Will-O-Wisp|p1a: Milotic\n|-status|p1a: Milotic|brn\n|move|p1a: Milotic|Recover|p1a: Milotic\n|-heal|p1a: Milotic|100/100 brn\n|\n|-damage|p1a: Milotic|94/100 brn|[from] brn\n|upkeep\n|turn|13\n|\n|t:|1695167233\n|switch|p2a: Iron Valiant|Iron Valiant|93/100\n|move|p1a: Milotic|Scale Shot|p2a: Iron Valiant\n|-immune|p2a: Iron Valiant\n|\n|-damage|p1a: Milotic|88/100 brn|[from] brn\n|upkeep\n|turn|14\n|\n|t:|1695167243\n|move|p2a: Iron Valiant|Moonblast|p1a: Milotic\n|-damage|p1a: Milotic|61/100 brn\n|move|p1a: Milotic|Coil|p1a: Milotic\n|-boost|p1a: Milotic|atk|1\n|-boost|p1a: Milotic|def|1\n|-boost|p1a: Milotic|accuracy|1\n|\n|-damage|p1a: Milotic|55/100 brn|[from] brn\n|upkeep\n|turn|15\n|\n|t:|1695167246\n|move|p2a: Iron Valiant|Moonblast|p1a: Milotic\n|-damage|p1a: Milotic|29/100 brn\n|move|p1a: Milotic|Recover|p1a: Milotic\n|-heal|p1a: Milotic|79/100 brn\n|\n|-damage|p1a: Milotic|73/100 brn|[from] brn\n|upkeep\n|turn|16\n|\n|t:|1695167251\n|move|p2a: Iron Valiant|Shadow Ball|p1a: Milotic\n|-damage|p1a: Milotic|59/100 brn\n|move|p1a: Milotic|Coil|p1a: Milotic\n|-boost|p1a: Milotic|atk|1\n|-boost|p1a: Milotic|def|1\n|-boost|p1a: Milotic|accuracy|1\n|\n|-damage|p1a: Milotic|53/100 brn|[from] brn\n|upkeep\n|turn|17\n|\n|t:|1695167253\n|move|p2a: Iron Valiant|Shadow Ball|p1a: Milotic\n|-damage|p1a: Milotic|38/100 brn\n|move|p1a: Milotic|Recover|p1a: Milotic\n|-heal|p1a: Milotic|88/100 brn\n|\n|-damage|p1a: Milotic|82/100 brn|[from] brn\n|upkeep\n|turn|18\n|\n|t:|1695167255\n|move|p2a: Iron Valiant|Shadow Ball|p1a: Milotic\n|-damage|p1a: Milotic|67/100 brn\n|move|p1a: Milotic|Coil|p1a: Milotic\n|-boost|p1a: Milotic|atk|1\n|-boost|p1a: Milotic|def|1\n|-boost|p1a: Milotic|accuracy|1\n|\n|-damage|p1a: Milotic|61/100 brn|[from] brn\n|upkeep\n|turn|19\n|\n|t:|1695167260\n|move|p2a: Iron Valiant|Shadow Ball|p1a: Milotic\n|-damage|p1a: Milotic|47/100 brn\n|move|p1a: Milotic|Recover|p1a: Milotic\n|-heal|p1a: Milotic|97/100 brn\n|\n|-damage|p1a: Milotic|91/100 brn|[from] brn\n|upkeep\n|turn|20\n|\n|t:|1695167269\n|-end|p2a: Iron Valiant|Quark Drive|[silent]\n|switch|p2a: Dragapult|Dragapult, F|100/100\n|move|p1a: Milotic|Coil|p1a: Milotic\n|-boost|p1a: Milotic|atk|1\n|-boost|p1a: Milotic|def|1\n|-boost|p1a: Milotic|accuracy|1\n|\n|-damage|p1a: Milotic|85/100 brn|[from] brn\n|upkeep\n|turn|21\n|c|\u2606dipperjedster16|really fishing for that spdef drop huh?\n|\n|t:|1695167277\n|move|p2a: Dragapult|Thunderbolt|p1a: Milotic\n|-supereffective|p1a: Milotic\n|-damage|p1a: Milotic|43/100 brn\n|move|p1a: Milotic|Scale Shot|p2a: Dragapult\n|-supereffective|p2a: Dragapult\n|-damage|p2a: Dragapult|81/100\n|-supereffective|p2a: Dragapult\n|-damage|p2a: Dragapult|60/100\n|-supereffective|p2a: Dragapult\n|-crit|p2a: Dragapult\n|-damage|p2a: Dragapult|26/100\n|-supereffective|p2a: Dragapult\n|-damage|p2a: Dragapult|5/100\n|-supereffective|p2a: Dragapult\n|-damage|p2a: Dragapult|0 fnt\n|faint|p2a: Dragapult\n|-hitcount|p2: Dragapult|5\n|-unboost|p1a: Milotic|def|1\n|-boost|p1a: Milotic|spe|1\n|\n|-damage|p1a: Milotic|37/100 brn|[from] brn\n|upkeep\n|c|\u2606AardvarkMaster|yeah\n|c|\u2606AardvarkMaster|:(\n|\n|t:|1695167288\n|switch|p2a: Iron Valiant|Iron Valiant|93/100\n|turn|22\n|\n|t:|1695167302\n|move|p2a: Iron Valiant|Moonblast|p1a: Milotic\n|-damage|p1a: Milotic|13/100 brn\n|move|p1a: Milotic|Recover|p1a: Milotic\n|-heal|p1a: Milotic|63/100 brn\n|\n|-damage|p1a: Milotic|57/100 brn|[from] brn\n|upkeep\n|turn|23\n|c|\u2606AardvarkMaster|you'll run out of pp\n|\n|t:|1695167315\n|move|p2a: Iron Valiant|Moonblast|p1a: Milotic\n|-damage|p1a: Milotic|33/100 brn\n|move|p1a: Milotic|Recover|p1a: Milotic\n|-heal|p1a: Milotic|83/100 brn\n|\n|-damage|p1a: Milotic|77/100 brn|[from] brn\n|upkeep\n|turn|24\n|\n|t:|1695167319\n|move|p2a: Iron Valiant|Moonblast|p1a: Milotic\n|-damage|p1a: Milotic|52/100 brn\n|-unboost|p1a: Milotic|spa|1\n|move|p1a: Milotic|Aqua Tail|p2a: Iron Valiant\n|-damage|p2a: Iron Valiant|38/100\n|\n|-damage|p1a: Milotic|46/100 brn|[from] brn\n|upkeep\n|turn|25\n|\n|t:|1695167324\n|move|p2a: Iron Valiant|Moonblast|p1a: Milotic\n|-damage|p1a: Milotic|23/100 brn\n|-unboost|p1a: Milotic|spa|1\n|move|p1a: Milotic|Aqua Tail|p2a: Iron Valiant\n|-damage|p2a: Iron Valiant|0 fnt\n|faint|p2a: Iron Valiant\n|-end|p2a: Iron Valiant|Quark Drive|[silent]\n|\n|-damage|p1a: Milotic|16/100 brn|[from] brn\n|upkeep\n|c|\u2606AardvarkMaster|oh\n|c|\u2606AardvarkMaster|well this is bad\n|\n|t:|1695167347\n|switch|p2a: Samurott|Samurott-Hisui, M|100/100\n|turn|26\n|c|\u2606AardvarkMaster|wait sacred sword\n|c|\u2606AardvarkMaster|im a dumbass\n|inactive|AardvarkMaster has 120 seconds left.\n|\n|t:|1695167368\n|move|p1a: Milotic|Recover|p1a: Milotic\n|-heal|p1a: Milotic|66/100 brn\n|move|p2a: Samurott|Sacred Sword|p1a: Milotic\n|-damage|p1a: Milotic|24/100 brn\n|\n|-damage|p1a: Milotic|18/100 brn|[from] brn\n|upkeep\n|turn|27\n|\n|t:|1695167376\n|move|p1a: Milotic|Recover|p1a: Milotic\n|-heal|p1a: Milotic|68/100 brn\n|move|p2a: Samurott|Sacred Sword|p1a: Milotic\n|-damage|p1a: Milotic|23/100 brn\n|\n|-damage|p1a: Milotic|17/100 brn|[from] brn\n|upkeep\n|turn|28\n|\n|t:|1695167379\n|move|p1a: Milotic|Scale Shot|p2a: Samurott\n|-damage|p2a: Samurott|91/100\n|-damage|p2a: Samurott|80/100\n|-damage|p2a: Samurott|70/100\n|-damage|p2a: Samurott|61/100\n|-damage|p2a: Samurott|51/100\n|-hitcount|p2a: Samurott|5\n|-unboost|p1a: Milotic|def|1\n|-boost|p1a: Milotic|spe|1\n|move|p2a: Samurott|Sacred Sword|p1a: Milotic\n|-damage|p1a: Milotic|0 fnt\n|faint|p1a: Milotic\n|\n|win|AardvarkMaster\n|raw|dipperjedster16's rating: 1108 &rarr; <strong>1088</strong><br />(-20 for losing)\n|raw|AardvarkMaster's rating: 1180 &rarr; <strong>1200</strong><br />(+20 for winning)\n|c|\u2606AardvarkMaster|gg\n|l|\u2606dipperjedster16\n", "uploadtime": 1695167393, "views": 1, "p1id": "dipperjedster16", "p2id": "aardvarkmaster", "formatid": "gen9ou", "rating": 1088, "private": 0, "password": ""}