{"id": "gen9ou-1947546705", "p1": "CNT JuanS13", "p2": "jbk8", "format": "gen9ou", "log": "|j|\u2606CNT JuanS13\n|j|\u2606jbk8\n|t:|1695171293\n|gametype|singles\n|player|p1|CNT JuanS13|iono|1300\n|player|p2|jbk8|hiker-gen4|1290\n|teamsize|p1|6\n|teamsize|p2|6\n|gen|9\n|tier|[Gen 9] OU\n|rated|\n|rule|Sleep Clause Mod: Limit one foe put to sleep\n|rule|Species Clause: Limit one of each Pok\u00e9mon\n|rule|OHKO Clause: OHKO moves are banned\n|rule|Evasion Items Clause: Evasion items are banned\n|rule|Evasion Moves Clause: Evasion moves are banned\n|rule|Endless Battle Clause: Forcing endless battles is banned\n|rule|HP Percentage Mod: HP is shown in percentages\n|clearpoke\n|poke|p1|Ursaluna-Bloodmoon, M|\n|poke|p1|Ninetales-Alola, M|\n|poke|p1|Dondozo, M|\n|poke|p1|Kingambit, F|\n|poke|p1|Great Tusk|\n|poke|p1|Munkidori, M|\n|poke|p2|Walking Wake|\n|poke|p2|Azumarill, M|\n|poke|p2|Kingambit, M|\n|poke|p2|Dragonite, M|\n|poke|p2|Zapdos|\n|poke|p2|Sneasler, M|\n|teampreview\n|inactive|Battle timer is ON: inactive players will automatically lose when time's up. (requested by jbk8)\n|inactive|CNT JuanS13 has 120 seconds left.\n|c|\u2606jbk8|hurry up simple bot\n|\n|t:|1695171341\n|start\n|switch|p1a: Ninetales|Ninetales-Alola, M|100/100\n|switch|p2a: Kingambit|Kingambit, M|100/100\n|-weather|Snow|[from] ability: Snow Warning|[of] p1a: Ninetales\n|turn|1\n|\n|t:|1695171348\n|switch|p1a: Great Tusk|Great Tusk|100/100\n|move|p2a: Kingambit|Iron Head|p1a: Great Tusk\n|-damage|p1a: Great Tusk|80/100\n|\n|-weather|Snow|[upkeep]\n|-heal|p1a: Great Tusk|86/100|[from] item: Leftovers\n|upkeep\n|turn|2\n|\n|t:|1695171353\n|-end|p2a: Kingambit|fallenundefined|[silent]\n|switch|p2a: Zapdos|Zapdos|100/100\n|move|p1a: Great Tusk|Stealth Rock|p2a: Zapdos\n|-sidestart|p2: jbk8|move: Stealth Rock\n|\n|-weather|Snow|[upkeep]\n|-heal|p1a: Great Tusk|93/100|[from] item: Leftovers\n|upkeep\n|turn|3\n|\n|t:|1695171356\n|-end|p1a: Great Tusk|Protosynthesis|[silent]\n|switch|p1a: Ninetales|Ninetales-Alola, M|100/100\n|move|p2a: Zapdos|Hurricane|p1a: Ninetales\n|-damage|p1a: Ninetales|29/100\n|\n|-weather|Snow|[upkeep]\n|upkeep\n|turn|4\n|\n|t:|1695171368\n|move|p1a: Ninetales|Aurora Veil|p1a: Ninetales\n|-sidestart|p1: CNT JuanS13|move: Aurora Veil\n|move|p2a: Zapdos|Heat Wave|p1a: Ninetales\n|-supereffective|p1a: Ninetales\n|-damage|p1a: Ninetales|0 fnt\n|faint|p1a: Ninetales\n|\n|-weather|Snow|[upkeep]\n|upkeep\n|\n|t:|1695171375\n|switch|p1a: Ursaluna|Ursaluna-Bloodmoon, M|100/100\n|turn|5\n|\n|t:|1695171378\n|move|p2a: Zapdos|Hurricane|p1a: Ursaluna\n|-damage|p1a: Ursaluna|67/100\n|move|p1a: Ursaluna|Calm Mind|p1a: Ursaluna\n|-boost|p1a: Ursaluna|spa|1\n|-boost|p1a: Ursaluna|spd|1\n|\n|-weather|none\n|-heal|p1a: Ursaluna|73/100|[from] item: Leftovers\n|upkeep\n|turn|6\n|\n|t:|1695171385\n|move|p2a: Zapdos|Hurricane|p1a: Ursaluna\n|-damage|p1a: Ursaluna|50/100\n|move|p1a: Ursaluna|Moonlight|p1a: Ursaluna\n|-heal|p1a: Ursaluna|99/100\n|\n|-heal|p1a: Ursaluna|100/100|[from] item: Leftovers\n|upkeep\n|turn|7\n|\n|t:|1695171389\n|move|p2a: Zapdos|Hurricane|p1a: Ursaluna|[miss]\n|-miss|p2a: Zapdos|p1a: Ursaluna\n|move|p1a: Ursaluna|Blood Moon|p2a: Zapdos\n|-damage|p2a: Zapdos|0 fnt\n|faint|p2a: Zapdos\n|\n|upkeep\n|\n|t:|1695171394\n|switch|p2a: Sneasler|Sneasler, M|100/100\n|-damage|p2a: Sneasler|95/100|[from] Stealth Rock\n|turn|8\n|\n|t:|1695171398\n|move|p2a: Sneasler|Close Combat|p1a: Ursaluna\n|-supereffective|p1a: Ursaluna\n|-crit|p1a: Ursaluna\n|-damage|p1a: Ursaluna|0 fnt\n|-unboost|p2a: Sneasler|def|1\n|-unboost|p2a: Sneasler|spd|1\n|-enditem|p2a: Sneasler|White Herb\n|-clearnegativeboost|p2a: Sneasler|[silent]\n|faint|p1a: Ursaluna\n|\n|upkeep\n|\n|t:|1695171407\n|switch|p1a: Munkidori|Munkidori, M|100/100\n|turn|9\n|\n|t:|1695171412\n|move|p2a: Sneasler|Swords Dance|p2a: Sneasler\n|-boost|p2a: Sneasler|atk|2\n|move|p1a: Munkidori|Psyshock|p2a: Sneasler\n|-supereffective|p2a: Sneasler\n|-damage|p2a: Sneasler|0 fnt\n|faint|p2a: Sneasler\n|\n|upkeep\n|\n|t:|1695171424\n|switch|p2a: Kingambit|Kingambit, M|100/100\n|-damage|p2a: Kingambit|94/100|[from] Stealth Rock\n|-activate|p2a: Kingambit|ability: Supreme Overlord\n|-start|p2a: Kingambit|fallen2|[silent]\n|turn|10\n|\n|t:|1695171445\n|-terastallize|p1a: Munkidori|Fire\n|move|p1a: Munkidori|Tera Blast|p2a: Kingambit\n|-supereffective|p2a: Kingambit\n|-damage|p2a: Kingambit|18/100\n|move|p2a: Kingambit|Iron Head|p1a: Munkidori\n|-resisted|p1a: Munkidori\n|-damage|p1a: Munkidori|78/100\n|\n|-heal|p2a: Kingambit|24/100|[from] item: Leftovers\n|upkeep\n|turn|11\n|\n|t:|1695171449\n|move|p2a: Kingambit|Sucker Punch|p1a: Munkidori\n|-damage|p1a: Munkidori|39/100\n|move|p1a: Munkidori|Tera Blast|p2a: Kingambit\n|-supereffective|p2a: Kingambit\n|-damage|p2a: Kingambit|0 fnt\n|faint|p2a: Kingambit\n|-end|p2a: Kingambit|fallen2|[silent]\n|\n|-sideend|p1: CNT JuanS13|move: Aurora Veil\n|upkeep\n|\n|t:|1695171463\n|switch|p2a: Walking Wake|Walking Wake|100/100\n|-damage|p2a: Walking Wake|88/100|[from] Stealth Rock\n|-enditem|p2a: Walking Wake|Booster Energy\n|-activate|p2a: Walking Wake|ability: Protosynthesis|[fromitem]\n|-start|p2a: Walking Wake|protosynthesisspa\n|turn|12\n|\n|t:|1695171474\n|move|p1a: Munkidori|Sludge Wave|p2a: Walking Wake\n|-damage|p2a: Walking Wake|25/100\n|move|p2a: Walking Wake|Hydro Steam|p1a: Munkidori\n|-supereffective|p1a: Munkidori\n|-damage|p1a: Munkidori|0 fnt\n|faint|p1a: Munkidori\n|\n|upkeep\n|\n|t:|1695171478\n|switch|p1a: Kingambit|Kingambit, F|100/100\n|-activate|p1a: Kingambit|ability: Supreme Overlord\n|-start|p1a: Kingambit|fallen3|[silent]\n|turn|13\n|\n|t:|1695171483\n|move|p2a: Walking Wake|Agility|p2a: Walking Wake\n|-boost|p2a: Walking Wake|spe|2\n|move|p1a: Kingambit|Kowtow Cleave|p2a: Walking Wake\n|-damage|p2a: Walking Wake|0 fnt\n|faint|p2a: Walking Wake\n|-end|p2a: Walking Wake|Protosynthesis|[silent]\n|\n|upkeep\n|\n|t:|1695171487\n|switch|p2a: Dragonite|Dragonite, M|100/100\n|turn|14\n|\n|t:|1695171493\n|move|p2a: Dragonite|Earthquake|p1a: Kingambit\n|-supereffective|p1a: Kingambit\n|-damage|p1a: Kingambit|43/100\n|move|p1a: Kingambit|Kowtow Cleave|p2a: Dragonite\n|-damage|p2a: Dragonite|64/100\n|\n|-heal|p1a: Kingambit|49/100|[from] item: Leftovers\n|upkeep\n|turn|15\n|\n|t:|1695171501\n|move|p1a: Kingambit|Sucker Punch|p2a: Dragonite\n|-damage|p2a: Dragonite|2/100\n|move|p2a: Dragonite|Earthquake|p1a: Kingambit\n|-supereffective|p1a: Kingambit\n|-damage|p1a: Kingambit|0 fnt\n|faint|p1a: Kingambit\n|-end|p1a: Kingambit|fallen3|[silent]\n|\n|upkeep\n|\n|t:|1695171504\n|switch|p1a: Dondozo|Dondozo, M|100/100\n|turn|16\n|\n|t:|1695171507\n|move|p2a: Dragonite|Roost|p2a: Dragonite\n|-heal|p2a: Dragonite|53/100\n|-singleturn|p2a: Dragonite|move: Roost\n|move|p1a: Dondozo|Curse|p1a: Dondozo\n|-unboost|p1a: Dondozo|spe|1\n|-boost|p1a: Dondozo|atk|1\n|-boost|p1a: Dondozo|def|1\n|\n|upkeep\n|turn|17\n|\n|t:|1695171510\n|move|p2a: Dragonite|Roost|p2a: Dragonite\n|-heal|p2a: Dragonite|100/100\n|-singleturn|p2a: Dragonite|move: Roost\n|move|p1a: Dondozo|Curse|p1a: Dondozo\n|-unboost|p1a: Dondozo|spe|1\n|-boost|p1a: Dondozo|atk|1\n|-boost|p1a: Dondozo|def|1\n|\n|upkeep\n|turn|18\n|\n|t:|1695171513\n|move|p2a: Dragonite|Dragon Dance|p2a: Dragonite\n|-boost|p2a: Dragonite|atk|1\n|-boost|p2a: Dragonite|spe|1\n|move|p1a: Dondozo|Curse|p1a: Dondozo\n|-unboost|p1a: Dondozo|spe|1\n|-boost|p1a: Dondozo|atk|1\n|-boost|p1a: Dondozo|def|1\n|\n|upkeep\n|turn|19\n|\n|t:|1695171516\n|move|p2a: Dragonite|Earthquake|p1a: Dondozo\n|-damage|p1a: Dondozo|93/100\n|move|p1a: Dondozo|Curse|p1a: Dondozo\n|-unboost|p1a: Dondozo|spe|1\n|-boost|p1a: Dondozo|atk|1\n|-boost|p1a: Dondozo|def|1\n|\n|-heal|p1a: Dondozo|99/100|[from] item: Leftovers\n|upkeep\n|turn|20\n|-message|jbk8 forfeited.\n|\n|win|CNT JuanS13\n|raw|CNT JuanS13's rating: 1300 &rarr; <strong>1324</strong><br />(+24 for winning)\n|raw|jbk8's rating: 1290 &rarr; <strong>1266</strong><br />(-24 for losing)\n|l|\u2606jbk8\n", "uploadtime": 1695171524, "views": 7, "p1id": "cntjuans13", "p2id": "jbk8", "formatid": "gen9ou", "rating": 1266, "private": 0, "password": ""}