{"id": "gen9ou-1947532655", "p1": "Epic_Big_C", "p2": "CNT JesusGP0000", "format": "gen9ou", "log": "|j|\u2606Epic_Big_C\n|j|\u2606CNT JesusGP0000\n|t:|1695169942\n|gametype|singles\n|player|p1|Epic_Big_C|cynthia-gen4|1028\n|player|p2|CNT JesusGP0000|miriam|1083\n|teamsize|p1|6\n|teamsize|p2|6\n|gen|9\n|tier|[Gen 9] OU\n|rated|\n|rule|Sleep Clause Mod: Limit one foe put to sleep\n|rule|Species Clause: Limit one of each Pok\u00e9mon\n|rule|OHKO Clause: OHKO moves are banned\n|rule|Evasion Items Clause: Evasion items are banned\n|rule|Evasion Moves Clause: Evasion moves are banned\n|rule|Endless Battle Clause: Forcing endless battles is banned\n|rule|HP Percentage Mod: HP is shown in percentages\n|clearpoke\n|poke|p1|Gastrodon-East, F|\n|poke|p1|Iron Hands|\n|poke|p1|Armarouge, F|\n|poke|p1|Cresselia, F|\n|poke|p1|Ursaluna, M|\n|poke|p1|Bronzong|\n|poke|p2|Ursaluna-Bloodmoon, M|\n|poke|p2|Dragapult, F|\n|poke|p2|Clefable, F|\n|poke|p2|Dondozo, F|\n|poke|p2|Moltres|\n|poke|p2|Kingambit, M|\n|teampreview\n|inactive|Battle timer is ON: inactive players will automatically lose when time's up. (requested by Epic_Big_C)\n|\n|t:|1695169968\n|start\n|switch|p1a: Bronzong|Bronzong|100/100\n|switch|p2a: Ursaluna|Ursaluna-Bloodmoon, M|100/100\n|turn|1\n|\n|t:|1695169977\n|move|p2a: Ursaluna|Calm Mind|p2a: Ursaluna\n|-boost|p2a: Ursaluna|spa|1\n|-boost|p2a: Ursaluna|spd|1\n|move|p1a: Bronzong|Trick Room|p1a: Bronzong\n|-fieldstart|move: Trick Room|[of] p1a: Bronzong\n|\n|upkeep\n|turn|2\n|\n|t:|1695170002\n|move|p1a: Bronzong|Gyro Ball|p2a: Ursaluna\n|-damage|p2a: Ursaluna|88/100\n|move|p2a: Ursaluna|Calm Mind|p2a: Ursaluna\n|-boost|p2a: Ursaluna|spa|1\n|-boost|p2a: Ursaluna|spd|1\n|\n|-heal|p2a: Ursaluna|94/100|[from] item: Leftovers\n|upkeep\n|turn|3\n|\n|t:|1695170014\n|move|p1a: Bronzong|Gyro Ball|p2a: Ursaluna\n|-damage|p2a: Ursaluna|82/100\n|move|p2a: Ursaluna|Calm Mind|p2a: Ursaluna\n|-boost|p2a: Ursaluna|spa|1\n|-boost|p2a: Ursaluna|spd|1\n|\n|-heal|p2a: Ursaluna|88/100|[from] item: Leftovers\n|upkeep\n|turn|4\n|inactive|Epic_Big_C has 120 seconds left.\n|\n|t:|1695170038\n|switch|p1a: Iron Hands|Iron Hands|100/100\n|move|p2a: Ursaluna|Calm Mind|p2a: Ursaluna\n|-boost|p2a: Ursaluna|spa|1\n|-boost|p2a: Ursaluna|spd|1\n|\n|-heal|p2a: Ursaluna|94/100|[from] item: Leftovers\n|upkeep\n|turn|5\n|inactive|Epic_Big_C has 120 seconds left.\n|\n|t:|1695170052\n|move|p1a: Iron Hands|Drain Punch|p2a: Ursaluna\n|-supereffective|p2a: Ursaluna\n|-damage|p2a: Ursaluna|35/100\n|move|p2a: Ursaluna|Earth Power|p1a: Iron Hands\n|-supereffective|p1a: Iron Hands\n|-damage|p1a: Iron Hands|0 fnt\n|faint|p1a: Iron Hands\n|-end|p1a: Iron Hands|Quark Drive|[silent]\n|\n|-heal|p2a: Ursaluna|41/100|[from] item: Leftovers\n|-fieldend|move: Trick Room\n|upkeep\n|inactive|Epic_Big_C has 120 seconds left.\n|\n|t:|1695170062\n|switch|p1a: Cresselia|Cresselia, F|100/100\n|turn|6\n|\n|t:|1695170065\n|move|p2a: Ursaluna|Blood Moon|p1a: Cresselia\n|-damage|p1a: Cresselia|0 fnt\n|faint|p1a: Cresselia\n|\n|-heal|p2a: Ursaluna|47/100|[from] item: Leftovers\n|upkeep\n|\n|t:|1695170068\n|switch|p1a: Bronzong|Bronzong|100/100\n|turn|7\n|\n|t:|1695170074\n|move|p2a: Ursaluna|Vacuum Wave|p1a: Bronzong\n|-damage|p1a: Bronzong|60/100\n|move|p1a: Bronzong|Trick Room|p1a: Bronzong\n|-fieldstart|move: Trick Room|[of] p1a: Bronzong\n|\n|-heal|p2a: Ursaluna|54/100|[from] item: Leftovers\n|upkeep\n|turn|8\n|\n|t:|1695170088\n|move|p1a: Bronzong|Gyro Ball|p2a: Ursaluna\n|-damage|p2a: Ursaluna|42/100\n|move|p2a: Ursaluna|Calm Mind|p2a: Ursaluna\n|-boost|p2a: Ursaluna|spa|1\n|-boost|p2a: Ursaluna|spd|1\n|\n|-heal|p2a: Ursaluna|48/100|[from] item: Leftovers\n|upkeep\n|turn|9\n|\n|t:|1695170097\n|switch|p1a: Gastrodon|Gastrodon-East, F|100/100\n|move|p2a: Ursaluna|Blood Moon|p1a: Gastrodon\n|-damage|p1a: Gastrodon|0 fnt\n|faint|p1a: Gastrodon\n|\n|-heal|p2a: Ursaluna|54/100|[from] item: Leftovers\n|upkeep\n|\n|t:|1695170103\n|switch|p1a: Ursaluna|Ursaluna, M|100/100\n|turn|10\n|\n|t:|1695170112\n|move|p2a: Ursaluna|Vacuum Wave|p1a: Ursaluna\n|-supereffective|p1a: Ursaluna\n|-damage|p1a: Ursaluna|0 fnt\n|faint|p1a: Ursaluna\n|\n|-heal|p2a: Ursaluna|60/100|[from] item: Leftovers\n|upkeep\n|\n|t:|1695170118\n|switch|p1a: Armarouge|Armarouge, F|100/100\n|turn|11\n|\n|t:|1695170121\n|move|p2a: Ursaluna|Earth Power|p1a: Armarouge\n|-supereffective|p1a: Armarouge\n|-damage|p1a: Armarouge|0 fnt\n|faint|p1a: Armarouge\n|\n|-heal|p2a: Ursaluna|67/100|[from] item: Leftovers\n|-fieldend|move: Trick Room\n|upkeep\n|-message|Epic_Big_C forfeited.\n|\n|win|CNT JesusGP0000\n|raw|Epic_Big_C's rating: 1028 &rarr; <strong>1016</strong><br />(-12 for losing)\n|raw|CNT JesusGP0000's rating: 1083 &rarr; <strong>1106</strong><br />(+23 for winning)\n|l|\u2606Epic_Big_C\n", "uploadtime": 1695170135, "views": 2, "p1id": "epicbigc", "p2id": "cntjesusgp0000", "formatid": "gen9ou", "rating": 1016, "private": 0, "password": ""}