{"id": "gen9ou-1947526470", "p1": "Thaniel4", "p2": "Sol Itanita", "format": "gen9ou", "log": "|j|\u2606Thaniel4\n|j|\u2606Sol Itanita\n|t:|1695169332\n|gametype|singles\n|player|p1|Thaniel4|palmer|1249\n|player|p2|Sol Itanita|rocketgrunt|1185\n|teamsize|p1|6\n|teamsize|p2|6\n|gen|9\n|tier|[Gen 9] OU\n|rated|\n|rule|Sleep Clause Mod: Limit one foe put to sleep\n|rule|Species Clause: Limit one of each Pok\u00e9mon\n|rule|OHKO Clause: OHKO moves are banned\n|rule|Evasion Items Clause: Evasion items are banned\n|rule|Evasion Moves Clause: Evasion moves are banned\n|rule|Endless Battle Clause: Forcing endless battles is banned\n|rule|HP Percentage Mod: HP is shown in percentages\n|clearpoke\n|poke|p1|Ogerpon-Wellspring, F|\n|poke|p1|Gholdengo|\n|poke|p1|Kingambit, F|\n|poke|p1|Glimmora, F|\n|poke|p1|Iron Moth|\n|poke|p1|Iron Valiant|\n|poke|p2|Tyranitar, M|\n|poke|p2|Gastrodon, M|\n|poke|p2|Great Tusk|\n|poke|p2|Heatran, F|\n|poke|p2|Garchomp, M|\n|poke|p2|Ursaluna, M|\n|teampreview\n|inactive|Battle timer is ON: inactive players will automatically lose when time's up. (requested by Sol Itanita)\n|inactive|Thaniel4 has 120 seconds left.\n|\n|t:|1695169364\n|start\n|switch|p1a: Kingambit|Kingambit, F|100/100\n|switch|p2a: Tyranitar|Tyranitar, M|100/100\n|-weather|Sandstorm|[from] ability: Sand Stream|[of] p2a: Tyranitar\n|turn|1\n|\n|t:|1695169375\n|move|p1a: Kingambit|Iron Head|p2a: Tyranitar\n|-supereffective|p2a: Tyranitar\n|-damage|p2a: Tyranitar|28/100\n|move|p2a: Tyranitar|Knock Off|p1a: Kingambit\n|-resisted|p1a: Kingambit\n|-damage|p1a: Kingambit|76/100\n|-enditem|p1a: Kingambit|Black Glasses|[from] move: Knock Off|[of] p2a: Tyranitar\n|\n|-weather|Sandstorm|[upkeep]\n|upkeep\n|turn|2\n|\n|t:|1695169392\n|switch|p2a: Great Tusk|Great Tusk|100/100\n|move|p1a: Kingambit|Iron Head|p2a: Great Tusk\n|-damage|p2a: Great Tusk|76/100\n|\n|-weather|Sandstorm|[upkeep]\n|upkeep\n|turn|3\n|\n|t:|1695169400\n|-end|p1a: Kingambit|fallenundefined|[silent]\n|switch|p1a: Ogerpon|Ogerpon-Wellspring, F|100/100\n|move|p2a: Great Tusk|Earthquake|p1a: Ogerpon\n|-resisted|p1a: Ogerpon\n|-damage|p1a: Ogerpon|71/100\n|\n|-weather|Sandstorm|[upkeep]\n|-damage|p1a: Ogerpon|65/100|[from] Sandstorm\n|upkeep\n|turn|4\n|\n|t:|1695169421\n|-end|p2a: Great Tusk|Protosynthesis|[silent]\n|switch|p2a: Heatran|Heatran, F|100/100\n|move|p1a: Ogerpon|Power Whip|p2a: Heatran\n|-resisted|p2a: Heatran\n|-damage|p2a: Heatran|85/100\n|\n|-weather|Sandstorm|[upkeep]\n|-damage|p1a: Ogerpon|59/100|[from] Sandstorm\n|upkeep\n|turn|5\n|\n|t:|1695169439\n|-terastallize|p2a: Heatran|Steel\n|move|p1a: Ogerpon|Ivy Cudgel|p2a: Heatran\n|-damage|p2a: Heatran|31/100\n|move|p2a: Heatran|Magma Storm|p1a: Ogerpon\n|-damage|p1a: Ogerpon|0 fnt\n|faint|p1a: Ogerpon\n|\n|-weather|Sandstorm|[upkeep]\n|upkeep\n|\n|t:|1695169445\n|switch|p1a: Glimmora|Glimmora, F|100/100\n|turn|6\n|\n|t:|1695169459\n|switch|p2a: Ursaluna|Ursaluna, M|100/100\n|move|p1a: Glimmora|Stealth Rock|p2a: Ursaluna\n|-sidestart|p2: Sol Itanita|move: Stealth Rock\n|\n|-weather|Sandstorm|[upkeep]\n|upkeep\n|turn|7\n|\n|t:|1695169469\n|move|p1a: Glimmora|Energy Ball|p2a: Ursaluna\n|-supereffective|p2a: Ursaluna\n|-damage|p2a: Ursaluna|72/100\n|move|p2a: Ursaluna|Earthquake|p1a: Glimmora\n|-supereffective|p1a: Glimmora\n|-enditem|p1a: Glimmora|Focus Sash\n|-damage|p1a: Glimmora|1/100\n|-activate|p1a: Glimmora|ability: Toxic Debris\n|-sidestart|p2: Sol Itanita|move: Toxic Spikes\n|\n|-weather|Sandstorm|[upkeep]\n|upkeep\n|turn|8\n|\n|t:|1695169476\n|move|p1a: Glimmora|Energy Ball|p2a: Ursaluna\n|-supereffective|p2a: Ursaluna\n|-damage|p2a: Ursaluna|48/100\n|move|p2a: Ursaluna|Earthquake|p1a: Glimmora\n|-supereffective|p1a: Glimmora\n|-damage|p1a: Glimmora|0 fnt\n|-activate|p1a: Glimmora|ability: Toxic Debris\n|-sidestart|p2: Sol Itanita|move: Toxic Spikes\n|faint|p1a: Glimmora\n|\n|-weather|none\n|upkeep\n|\n|t:|1695169482\n|switch|p1a: Kingambit|Kingambit, F|76/100\n|-activate|p1a: Kingambit|ability: Supreme Overlord\n|-start|p1a: Kingambit|fallen2|[silent]\n|turn|9\n|\n|t:|1695169487\n|move|p1a: Kingambit|Kowtow Cleave|p2a: Ursaluna\n|-damage|p2a: Ursaluna|7/100\n|move|p2a: Ursaluna|Drain Punch|p1a: Kingambit\n|-supereffective|p1a: Kingambit\n|-damage|p1a: Kingambit|0 fnt\n|-heal|p2a: Ursaluna|35/100|[from] drain|[of] p1a: Kingambit\n|faint|p1a: Kingambit\n|-end|p1a: Kingambit|fallen2|[silent]\n|\n|upkeep\n|\n|t:|1695169489\n|switch|p1a: Iron Moth|Iron Moth|100/100\n|-enditem|p1a: Iron Moth|Booster Energy\n|-activate|p1a: Iron Moth|ability: Quark Drive|[fromitem]\n|-start|p1a: Iron Moth|quarkdrivespe\n|turn|10\n|\n|t:|1695169496\n|move|p1a: Iron Moth|Fiery Dance|p2a: Ursaluna\n|-damage|p2a: Ursaluna|16/100\n|-boost|p1a: Iron Moth|spa|1\n|move|p2a: Ursaluna|Earthquake|p1a: Iron Moth\n|-supereffective|p1a: Iron Moth\n|-damage|p1a: Iron Moth|0 fnt\n|faint|p1a: Iron Moth\n|-end|p1a: Iron Moth|Quark Drive|[silent]\n|\n|upkeep\n|\n|t:|1695169500\n|switch|p1a: Iron Valiant|Iron Valiant|100/100\n|-enditem|p1a: Iron Valiant|Booster Energy\n|-activate|p1a: Iron Valiant|ability: Quark Drive|[fromitem]\n|-start|p1a: Iron Valiant|quarkdrivespe\n|turn|11\n|\n|t:|1695169507\n|move|p1a: Iron Valiant|Moonblast|p2a: Ursaluna\n|-damage|p2a: Ursaluna|0 fnt\n|faint|p2a: Ursaluna\n|\n|upkeep\n|\n|t:|1695169515\n|switch|p2a: Tyranitar|Tyranitar, M|28/100\n|-damage|p2a: Tyranitar|15/100|[from] Stealth Rock\n|-status|p2a: Tyranitar|tox\n|-weather|Sandstorm|[from] ability: Sand Stream|[of] p2a: Tyranitar\n|turn|12\n|\n|t:|1695169519\n|move|p1a: Iron Valiant|Moonblast|p2a: Tyranitar\n|-supereffective|p2a: Tyranitar\n|-damage|p2a: Tyranitar|0 fnt\n|faint|p2a: Tyranitar\n|\n|-weather|Sandstorm|[upkeep]\n|-damage|p1a: Iron Valiant|94/100|[from] Sandstorm\n|upkeep\n|\n|t:|1695169523\n|switch|p2a: Heatran|Heatran, F, tera:Steel|31/100\n|-damage|p2a: Heatran|25/100|[from] Stealth Rock\n|turn|13\n|\n|t:|1695169527\n|move|p1a: Iron Valiant|Thunderbolt|p2a: Heatran\n|-damage|p2a: Heatran|0 fnt\n|faint|p2a: Heatran\n|\n|-weather|Sandstorm|[upkeep]\n|-damage|p1a: Iron Valiant|88/100|[from] Sandstorm\n|upkeep\n|\n|t:|1695169532\n|switch|p2a: Gastrodon|Gastrodon, M|100/100\n|-damage|p2a: Gastrodon|94/100|[from] Stealth Rock\n|-status|p2a: Gastrodon|tox\n|turn|14\n|\n|t:|1695169537\n|move|p1a: Iron Valiant|Moonblast|p2a: Gastrodon\n|-damage|p2a: Gastrodon|66/100 tox\n|move|p2a: Gastrodon|Surf|p1a: Iron Valiant\n|-damage|p1a: Iron Valiant|34/100\n|\n|-weather|Sandstorm|[upkeep]\n|-damage|p1a: Iron Valiant|28/100|[from] Sandstorm\n|-heal|p2a: Gastrodon|72/100 tox|[from] item: Leftovers\n|-damage|p2a: Gastrodon|66/100 tox|[from] psn\n|upkeep\n|turn|15\n|\n|t:|1695169545\n|-end|p1a: Iron Valiant|Quark Drive|[silent]\n|switch|p1a: Gholdengo|Gholdengo|100/100\n|-item|p1a: Gholdengo|Air Balloon\n|move|p2a: Gastrodon|Earth Power|p1a: Gholdengo\n|-immune|p1a: Gholdengo\n|\n|-weather|Sandstorm|[upkeep]\n|-heal|p2a: Gastrodon|72/100 tox|[from] item: Leftovers\n|-damage|p2a: Gastrodon|60/100 tox|[from] psn\n|upkeep\n|turn|16\n|\n|t:|1695169551\n|move|p1a: Gholdengo|Shadow Ball|p2a: Gastrodon\n|-damage|p2a: Gastrodon|28/100 tox\n|-unboost|p2a: Gastrodon|spd|1\n|move|p2a: Gastrodon|Surf|p1a: Gholdengo\n|-damage|p1a: Gholdengo|73/100\n|-enditem|p1a: Gholdengo|Air Balloon\n|\n|-weather|Sandstorm|[upkeep]\n|-heal|p2a: Gastrodon|35/100 tox|[from] item: Leftovers\n|-damage|p2a: Gastrodon|16/100 tox|[from] psn\n|upkeep\n|turn|17\n|\n|t:|1695169562\n|move|p1a: Gholdengo|Shadow Ball|p2a: Gastrodon\n|-damage|p2a: Gastrodon|0 fnt\n|faint|p2a: Gastrodon\n|\n|-weather|Sandstorm|[upkeep]\n|upkeep\n|\n|t:|1695169567\n|switch|p2a: Great Tusk|Great Tusk|76/100\n|turn|18\n|\n|t:|1695169574\n|-terastallize|p1a: Gholdengo|Fairy\n|move|p2a: Great Tusk|Earthquake|p1a: Gholdengo\n|-damage|p1a: Gholdengo|34/100\n|move|p1a: Gholdengo|Make It Rain|p2a: Great Tusk\n|-damage|p2a: Great Tusk|0 fnt\n|-unboost|p1a: Gholdengo|spa|1\n|faint|p2a: Great Tusk\n|-end|p2a: Great Tusk|Protosynthesis|[silent]\n|\n|-weather|Sandstorm|[upkeep]\n|-damage|p1a: Gholdengo|28/100|[from] Sandstorm\n|upkeep\n|\n|t:|1695169580\n|switch|p2a: Garchomp|Garchomp, M|100/100\n|-damage|p2a: Garchomp|94/100|[from] Stealth Rock\n|-status|p2a: Garchomp|tox\n|turn|19\n|c|\u2606Thaniel4|gg\n|\n|t:|1695169589\n|move|p2a: Garchomp|Substitute|p2a: Garchomp\n|-start|p2a: Garchomp|Substitute\n|-damage|p2a: Garchomp|69/100 tox\n|move|p1a: Gholdengo|Shadow Ball|p2a: Garchomp\n|-end|p2a: Garchomp|Substitute\n|\n|-weather|none\n|-damage|p2a: Garchomp|63/100 tox|[from] psn\n|upkeep\n|turn|20\n|\n|t:|1695169598\n|move|p2a: Garchomp|Iron Head|p1a: Gholdengo\n|-supereffective|p1a: Gholdengo\n|-damage|p1a: Gholdengo|0 fnt\n|faint|p1a: Gholdengo\n|\n|-damage|p2a: Garchomp|51/100 tox|[from] psn\n|upkeep\n|\n|t:|1695169601\n|switch|p1a: Iron Valiant|Iron Valiant|28/100\n|turn|21\n|\n|t:|1695169604\n|move|p1a: Iron Valiant|Moonblast|p2a: Garchomp\n|-supereffective|p2a: Garchomp\n|-damage|p2a: Garchomp|0 fnt\n|faint|p2a: Garchomp\n|\n|win|Thaniel4\n|raw|Thaniel4's rating: 1249 &rarr; <strong>1269</strong><br />(+20 for winning)\n|raw|Sol Itanita's rating: 1185 &rarr; <strong>1165</strong><br />(-20 for losing)\n|l|\u2606Sol Itanita\n", "uploadtime": 1695169614, "views": 2, "p1id": "thaniel4", "p2id": "solitanita", "formatid": "gen9ou", "rating": 1165, "private": 0, "password": ""}