{"id": "gen9ou-1947496385", "p1": "SnackWasTaken", "p2": "pantalonescondidos", "format": "gen9ou", "log": "|j|\u2606SnackWasTaken\n|j|\u2606pantalonescondidos\n|t:|1695166351\n|gametype|singles\n|player|p1|SnackWasTaken|emmet|1389\n|player|p2|pantalonescondidos|101|1437\n|teamsize|p1|6\n|teamsize|p2|6\n|gen|9\n|tier|[Gen 9] OU\n|rated|\n|rule|Sleep Clause Mod: Limit one foe put to sleep\n|rule|Species Clause: Limit one of each Pok\u00e9mon\n|rule|OHKO Clause: OHKO moves are banned\n|rule|Evasion Items Clause: Evasion items are banned\n|rule|Evasion Moves Clause: Evasion moves are banned\n|rule|Endless Battle Clause: Forcing endless battles is banned\n|rule|HP Percentage Mod: HP is shown in percentages\n|clearpoke\n|poke|p1|Alomomola, M|\n|poke|p1|Pawmot, F|\n|poke|p1|Iron Valiant|\n|poke|p1|Cinderace, M|\n|poke|p1|Thundurus-Therian, M|\n|poke|p1|Dragapult, M|\n|poke|p2|Sylveon, F|\n|poke|p2|Slowking-Galar, M|\n|poke|p2|Toxapex, M|\n|poke|p2|Great Tusk|\n|poke|p2|Kingambit, M|\n|poke|p2|Rotom-Heat|\n|teampreview\n|inactive|Battle timer is ON: inactive players will automatically lose when time's up. (requested by SnackWasTaken)\n|\n|t:|1695166404\n|start\n|switch|p1a: Thundurus|Thundurus-Therian, M|100/100\n|switch|p2a: Rotom|Rotom-Heat, shiny|100/100\n|turn|1\n|\n|t:|1695166410\n|switch|p2a: Slowking|Slowking-Galar, M, shiny|100/100\n|move|p1a: Thundurus|Knock Off|p2a: Slowking\n|-supereffective|p2a: Slowking\n|-damage|p2a: Slowking|54/100\n|-enditem|p2a: Slowking|Assault Vest|[from] move: Knock Off|[of] p1a: Thundurus\n|\n|upkeep\n|turn|2\n|\n|t:|1695166416\n|move|p1a: Thundurus|Volt Switch|p2a: Slowking\n|-damage|p2a: Slowking|29/100\n|\n|t:|1695166429\n|switch|p1a: Dragapult|Dragapult, M|100/100|[from] Volt Switch\n|move|p2a: Slowking|Future Sight|p1a: Dragapult\n|-start|p2a: Slowking|move: Future Sight\n|\n|upkeep\n|turn|3\n|\n|t:|1695166458\n|switch|p2a: Sylveon|Sylveon, F, shiny|100/100\n|move|p1a: Dragapult|Dragon Darts|p2a: Sylveon\n|-immune|p2a: Sylveon\n|\n|upkeep\n|turn|4\n|\n|t:|1695166464\n|move|p1a: Dragapult|Phantom Force||[still]\n|-prepare|p1a: Dragapult|Phantom Force\n|move|p2a: Sylveon|Hyper Voice|p1a: Dragapult|[miss]|[miss]\n|-miss|p2a: Sylveon|p1a: Dragapult\n|\n|-end|p1a: Dragapult|move: Future Sight\n|-miss|p2: Slowking|p1a: Dragapult\n|upkeep\n|turn|5\n|inactive|pantalonescondidos has 120 seconds left.\n|\n|t:|1695166505\n|switch|p2a: Kingambit|Kingambit, M|100/100\n|move|p1a: Dragapult|Phantom Force|p2a: Kingambit|[from]lockedmove\n|-resisted|p2a: Kingambit\n|-damage|p2a: Kingambit|87/100\n|\n|upkeep\n|turn|6\n|\n|t:|1695166511\n|move|p2a: Kingambit|Sucker Punch||[still]\n|-fail|p2a: Kingambit\n|move|p1a: Dragapult|Will-O-Wisp|p2a: Kingambit\n|-status|p2a: Kingambit|brn\n|\n|-damage|p2a: Kingambit|81/100 brn|[from] brn\n|upkeep\n|turn|7\n|\n|t:|1695166515\n|move|p1a: Dragapult|U-turn|p2a: Kingambit\n|-damage|p2a: Kingambit|67/100 brn\n|\n|t:|1695166521\n|switch|p1a: Iron Valiant|Iron Valiant|100/100|[from] U-turn\n|-enditem|p1a: Iron Valiant|Booster Energy\n|-activate|p1a: Iron Valiant|ability: Quark Drive|[fromitem]\n|-start|p1a: Iron Valiant|quarkdrivespe\n|move|p2a: Kingambit|Kowtow Cleave|p1a: Iron Valiant\n|-resisted|p1a: Iron Valiant\n|-damage|p1a: Iron Valiant|91/100\n|\n|-damage|p2a: Kingambit|61/100 brn|[from] brn\n|upkeep\n|turn|8\n|\n|t:|1695166530\n|-end|p2a: Kingambit|fallenundefined|[silent]\n|switch|p2a: Sylveon|Sylveon, F, shiny|100/100\n|move|p1a: Iron Valiant|Moonblast|p2a: Sylveon\n|-damage|p2a: Sylveon|75/100\n|\n|-heal|p2a: Sylveon|81/100|[from] item: Leftovers\n|upkeep\n|turn|9\n|\n|t:|1695166536\n|move|p1a: Iron Valiant|Moonblast|p2a: Sylveon\n|-damage|p2a: Sylveon|56/100\n|-unboost|p2a: Sylveon|spa|1\n|move|p2a: Sylveon|Hyper Voice|p1a: Iron Valiant\n|-supereffective|p1a: Iron Valiant\n|-damage|p1a: Iron Valiant|2/100\n|\n|-heal|p2a: Sylveon|62/100|[from] item: Leftovers\n|upkeep\n|turn|10\n|\n|t:|1695166543\n|move|p1a: Iron Valiant|Psyshock|p2a: Sylveon\n|-damage|p2a: Sylveon|28/100\n|move|p2a: Sylveon|Wish|p2a: Sylveon\n|\n|-heal|p2a: Sylveon|35/100|[from] item: Leftovers\n|upkeep\n|turn|11\n|\n|t:|1695166548\n|move|p2a: Sylveon|Protect|p2a: Sylveon\n|-singleturn|p2a: Sylveon|Protect\n|move|p1a: Iron Valiant|Psyshock|p2a: Sylveon\n|-activate|p2a: Sylveon|move: Protect\n|\n|-heal|p2a: Sylveon|85/100|[from] move: Wish|[wisher] Sylveon\n|-heal|p2a: Sylveon|91/100|[from] item: Leftovers\n|upkeep\n|turn|12\n|\n|t:|1695166551\n|move|p1a: Iron Valiant|Psyshock|p2a: Sylveon\n|-damage|p2a: Sylveon|60/100\n|move|p2a: Sylveon|Hyper Voice|p1a: Iron Valiant\n|-supereffective|p1a: Iron Valiant\n|-damage|p1a: Iron Valiant|0 fnt\n|faint|p1a: Iron Valiant\n|-end|p1a: Iron Valiant|Quark Drive|[silent]\n|\n|-heal|p2a: Sylveon|66/100|[from] item: Leftovers\n|upkeep\n|\n|t:|1695166559\n|switch|p1a: Thundurus|Thundurus-Therian, M|100/100\n|turn|13\n|\n|t:|1695166564\n|move|p2a: Sylveon|Protect|p2a: Sylveon\n|-singleturn|p2a: Sylveon|Protect\n|move|p1a: Thundurus|Sludge Bomb|p2a: Sylveon\n|-activate|p2a: Sylveon|move: Protect\n|\n|-heal|p2a: Sylveon|72/100|[from] item: Leftovers\n|upkeep\n|turn|14\n|\n|t:|1695166572\n|switch|p2a: Slowking|Slowking-Galar, M, shiny|62/100\n|move|p1a: Thundurus|Knock Off|p2a: Slowking\n|-supereffective|p2a: Slowking\n|-damage|p2a: Slowking|36/100\n|\n|upkeep\n|turn|15\n|\n|t:|1695166577\n|move|p1a: Thundurus|Volt Switch|p2a: Slowking\n|-damage|p2a: Slowking|12/100\n|\n|t:|1695166582\n|switch|p1a: Cinderace|Cinderace, M|100/100|[from] Volt Switch\n|move|p2a: Slowking|Future Sight|p1a: Cinderace\n|-start|p2a: Slowking|move: Future Sight\n|\n|upkeep\n|turn|16\n|\n|t:|1695166598\n|switch|p2a: Toxapex|Toxapex, M|100/100\n|move|p1a: Cinderace|Pyro Ball|p2a: Toxapex\n|-resisted|p2a: Toxapex\n|-damage|p2a: Toxapex|82/100\n|\n|upkeep\n|turn|17\n|\n|t:|1695166603\n|move|p1a: Cinderace|U-turn|p2a: Toxapex\n|-start|p1a: Cinderace|typechange|Bug|[from] ability: Libero\n|-resisted|p2a: Toxapex\n|-damage|p2a: Toxapex|72/100\n|-damage|p1a: Cinderace|84/100|[from] item: Rocky Helmet|[of] p2a: Toxapex\n|\n|t:|1695166608\n|switch|p1a: Thundurus|Thundurus-Therian, M|100/100|[from] U-turn\n|move|p2a: Toxapex|Toxic|p1a: Thundurus\n|-status|p1a: Thundurus|tox\n|\n|-end|p1a: Thundurus|move: Future Sight\n|-damage|p1a: Thundurus|56/100 tox\n|-damage|p1a: Thundurus|50/100 tox|[from] psn\n|upkeep\n|turn|18\n|\n|t:|1695166616\n|move|p2a: Toxapex|Baneful Bunker|p2a: Toxapex\n|-singleturn|p2a: Toxapex|move: Protect\n|move|p1a: Thundurus|Volt Switch|p2a: Toxapex\n|-activate|p2a: Toxapex|move: Protect\n|\n|-damage|p1a: Thundurus|38/100 tox|[from] psn\n|upkeep\n|turn|19\n|\n|t:|1695166622\n|switch|p2a: Slowking|Slowking-Galar, M, shiny|45/100\n|move|p1a: Thundurus|Volt Switch|p2a: Slowking\n|-damage|p2a: Slowking|18/100\n|\n|t:|1695166628\n|switch|p1a: Dragapult|Dragapult, M|100/100|[from] Volt Switch\n|\n|upkeep\n|turn|20\n|\n|t:|1695166645\n|switch|p2a: Toxapex|Toxapex, M|100/100\n|move|p1a: Dragapult|Phantom Force||[still]\n|-prepare|p1a: Dragapult|Phantom Force\n|\n|upkeep\n|turn|21\n|\n|t:|1695166649\n|move|p1a: Dragapult|Phantom Force|p2a: Toxapex|[from]lockedmove\n|-damage|p2a: Toxapex|78/100\n|-damage|p1a: Dragapult|84/100|[from] item: Rocky Helmet|[of] p2a: Toxapex\n|move|p2a: Toxapex|Toxic|p1a: Dragapult\n|-status|p1a: Dragapult|tox\n|\n|-heal|p1a: Dragapult|90/100 tox|[from] item: Leftovers\n|-damage|p1a: Dragapult|84/100 tox|[from] psn\n|upkeep\n|turn|22\n|\n|t:|1695166656\n|move|p2a: Toxapex|Baneful Bunker|p2a: Toxapex\n|-singleturn|p2a: Toxapex|move: Protect\n|move|p1a: Dragapult|Dragon Darts|p2a: Toxapex\n|-activate|p2a: Toxapex|move: Protect\n|\n|-heal|p1a: Dragapult|90/100 tox|[from] item: Leftovers\n|-damage|p1a: Dragapult|78/100 tox|[from] psn\n|upkeep\n|turn|23\n|\n|t:|1695166662\n|move|p1a: Dragapult|Dragon Darts|p2a: Toxapex\n|-damage|p2a: Toxapex|65/100\n|-anim|p1a: Dragapult|Dragon Darts|p2a: Toxapex\n|-damage|p2a: Toxapex|51/100\n|move|p2a: Toxapex|Toxic|p1a: Dragapult\n|-fail|p1a: Dragapult|tox\n|\n|-heal|p1a: Dragapult|84/100 tox|[from] item: Leftovers\n|-damage|p1a: Dragapult|66/100 tox|[from] psn\n|upkeep\n|turn|24\n|\n|t:|1695166672\n|move|p1a: Dragapult|U-turn|p2a: Toxapex\n|-resisted|p2a: Toxapex\n|-damage|p2a: Toxapex|46/100\n|-damage|p1a: Dragapult|49/100 tox|[from] item: Rocky Helmet|[of] p2a: Toxapex\n|\n|t:|1695166683\n|switch|p1a: Thundurus|Thundurus-Therian, M|38/100 tox|[from] U-turn\n|move|p2a: Toxapex|Recover|p2a: Toxapex\n|-heal|p2a: Toxapex|96/100\n|\n|-damage|p1a: Thundurus|32/100 tox|[from] psn\n|upkeep\n|turn|25\n|\n|t:|1695166687\n|move|p2a: Toxapex|Baneful Bunker|p2a: Toxapex\n|-singleturn|p2a: Toxapex|move: Protect\n|move|p1a: Thundurus|Volt Switch|p2a: Toxapex\n|-activate|p2a: Toxapex|move: Protect\n|\n|-damage|p1a: Thundurus|20/100 tox|[from] psn\n|upkeep\n|turn|26\n|\n|t:|1695166690\n|switch|p2a: Great Tusk|Great Tusk|100/100\n|move|p1a: Thundurus|Volt Switch|p2a: Great Tusk\n|-immune|p2a: Great Tusk\n|\n|-damage|p1a: Thundurus|2/100 tox|[from] psn\n|upkeep\n|turn|27\n|\n|t:|1695166695\n|-end|p2a: Great Tusk|Protosynthesis|[silent]\n|switch|p2a: Slowking|Slowking-Galar, M, shiny|52/100\n|move|p1a: Thundurus|Grass Knot|p2a: Slowking\n|-resisted|p2a: Slowking\n|-damage|p2a: Slowking|43/100\n|\n|-damage|p1a: Thundurus|0 fnt|[from] psn\n|faint|p1a: Thundurus\n|upkeep\n|\n|t:|1695166701\n|switch|p1a: Pickachu|Pawmot, F|100/100\n|turn|28\n|\n|t:|1695166704\n|move|p1a: Pickachu|Knock Off|p2a: Slowking\n|-supereffective|p2a: Slowking\n|-damage|p2a: Slowking|0 fnt\n|faint|p2a: Slowking\n|-damage|p1a: Pickachu|91/100|[from] item: Life Orb\n|\n|upkeep\n|\n|t:|1695166708\n|switch|p2a: Great Tusk|Great Tusk|100/100\n|turn|29\n|\n|t:|1695166737\n|-terastallize|p1a: Pickachu|Flying\n|move|p1a: Pickachu|Revival Blessing|p1a: Pickachu\n|\n|t:|1695166741\n|-heal|p1: Thundurus|50/100|[from] move: Revival Blessing\n|move|p2a: Great Tusk|Earthquake|p1a: Pickachu\n|-immune|p1a: Pickachu\n|\n|upkeep\n|turn|30\n|\n|t:|1695166747\n|move|p1a: Pickachu|Knock Off|p2a: Great Tusk\n|-resisted|p2a: Great Tusk\n|-damage|p2a: Great Tusk|87/100\n|-enditem|p2a: Great Tusk|Heavy-Duty Boots|[from] move: Knock Off|[of] p1a: Pickachu\n|-damage|p1a: Pickachu|81/100|[from] item: Life Orb\n|move|p2a: Great Tusk|Knock Off|p1a: Pickachu\n|-damage|p1a: Pickachu|23/100\n|-enditem|p1a: Pickachu|Life Orb|[from] move: Knock Off|[of] p2a: Great Tusk\n|\n|upkeep\n|turn|31\n|\n|t:|1695166770\n|switch|p1a: Dragapult|Dragapult, M|49/100 tox\n|move|p2a: Great Tusk|Rapid Spin|p1a: Dragapult\n|-immune|p1a: Dragapult\n|\n|-heal|p1a: Dragapult|55/100 tox|[from] item: Leftovers\n|-damage|p1a: Dragapult|49/100 tox|[from] psn\n|upkeep\n|turn|32\n|\n|t:|1695166778\n|-end|p2a: Great Tusk|Protosynthesis|[silent]\n|switch|p2a: Toxapex|Toxapex, M|100/100\n|move|p1a: Dragapult|Will-O-Wisp|p2a: Toxapex|[miss]\n|-miss|p1a: Dragapult|p2a: Toxapex\n|\n|-heal|p1a: Dragapult|55/100 tox|[from] item: Leftovers\n|-damage|p1a: Dragapult|43/100 tox|[from] psn\n|upkeep\n|turn|33\n|\n|t:|1695166787\n|move|p1a: Dragapult|Dragon Darts|p2a: Toxapex\n|-damage|p2a: Toxapex|88/100\n|-anim|p1a: Dragapult|Dragon Darts|p2a: Toxapex\n|-damage|p2a: Toxapex|75/100\n|move|p2a: Toxapex|Toxic|p1a: Dragapult\n|-fail|p1a: Dragapult|tox\n|\n|-heal|p1a: Dragapult|49/100 tox|[from] item: Leftovers\n|-damage|p1a: Dragapult|31/100 tox|[from] psn\n|upkeep\n|turn|34\n|\n|t:|1695166795\n|switch|p1a: Thundurus|Thundurus-Therian, M|50/100\n|move|p2a: Toxapex|Toxic|p1a: Thundurus\n|-status|p1a: Thundurus|tox\n|\n|-damage|p1a: Thundurus|44/100 tox|[from] psn\n|upkeep\n|turn|35\n|\n|t:|1695166799\n|move|p2a: Toxapex|Baneful Bunker|p2a: Toxapex\n|-singleturn|p2a: Toxapex|move: Protect\n|move|p1a: Thundurus|Volt Switch|p2a: Toxapex\n|-activate|p2a: Toxapex|move: Protect\n|\n|-damage|p1a: Thundurus|32/100 tox|[from] psn\n|upkeep\n|turn|36\n|\n|t:|1695166806\n|move|p1a: Thundurus|Volt Switch|p2a: Toxapex\n|-supereffective|p2a: Toxapex\n|-damage|p2a: Toxapex|10/100\n|\n|t:|1695166819\n|switch|p1a: Pickachu|Pawmot, F, tera:Flying|23/100|[from] Volt Switch\n|move|p2a: Toxapex|Recover|p2a: Toxapex\n|-heal|p2a: Toxapex|60/100\n|\n|upkeep\n|turn|37\n|\n|t:|1695166825\n|move|p2a: Toxapex|Baneful Bunker|p2a: Toxapex\n|-singleturn|p2a: Toxapex|move: Protect\n|move|p1a: Pickachu|Double Shock||[still]\n|-fail|p1a: Pickachu|move: Double Shock\n|\n|upkeep\n|turn|38\n|\n|t:|1695166835\n|switch|p2a: Great Tusk|Great Tusk|87/100\n|move|p1a: Pickachu|Double Shock||[still]\n|-fail|p1a: Pickachu|move: Double Shock\n|\n|upkeep\n|turn|39\n|c|\u2606pantalonescondidos|Dude\n|inactive|pantalonescondidos has 120 seconds left.\n|c|\u2606pantalonescondidos|You must be electric\n|\n|t:|1695166870\n|switch|p1a: Alomomola|Alomomola, M|100/100\n|move|p2a: Great Tusk|Rapid Spin|p1a: Alomomola\n|-damage|p1a: Alomomola|89/100\n|-boost|p2a: Great Tusk|spe|1\n|-damage|p2a: Great Tusk|70/100|[from] item: Rocky Helmet|[of] p1a: Alomomola\n|\n|upkeep\n|turn|40\n|inactive|pantalonescondidos has 120 seconds left.\n|c|\u2606SnackWasTaken|Yeah?\n|c|\u2606pantalonescondidos|Yup\n|c|\u2606SnackWasTaken|pawmots electric\n|inactive|SnackWasTaken has 120 seconds left.\n|\n|t:|1695166905\n|-end|p2a: Great Tusk|Protosynthesis|[silent]\n|switch|p2a: Sylveon|Sylveon, F, shiny|72/100\n|move|p1a: Alomomola|Scald|p2a: Sylveon\n|-damage|p2a: Sylveon|65/100\n|\n|-heal|p2a: Sylveon|71/100|[from] item: Leftovers\n|upkeep\n|turn|41\n|inactive|SnackWasTaken has 120 seconds left.\n|inactive|pantalonescondidos has 120 seconds left.\n|c|\u2606SnackWasTaken|Did you mean something else\n|inactive|pantalonescondidos has 90 seconds left.\n|c|\u2606pantalonescondidos|See in the teambuilder\n|\n|t:|1695166948\n|move|p2a: Sylveon|Wish|p2a: Sylveon\n|move|p1a: Alomomola|Wish|p1a: Alomomola\n|\n|-heal|p2a: Sylveon|77/100|[from] item: Leftovers\n|upkeep\n|turn|42\n|inactive|SnackWasTaken has 120 seconds left.\n|inactive|pantalonescondidos has 90 seconds left.\n|\n|t:|1695166956\n|move|p2a: Sylveon|Hyper Voice|p1a: Alomomola\n|-damage|p1a: Alomomola|54/100\n|move|p1a: Alomomola|Flip Turn|p2a: Sylveon\n|-damage|p2a: Sylveon|58/100\n|inactive|SnackWasTaken has 120 seconds left.\n|\n|t:|1695166965\n|switch|p1a: Thundurus|Thundurus-Therian, M|32/100 tox|[from] Flip Turn\n|\n|-heal|p2a: Sylveon|100/100|[from] move: Wish|[wisher] Sylveon\n|-heal|p1a: Thundurus|100/100 tox|[from] move: Wish|[wisher] Alomomola\n|-damage|p1a: Thundurus|94/100 tox|[from] psn\n|upkeep\n|turn|43\n|\n|t:|1695166969\n|move|p1a: Thundurus|Sludge Bomb|p2a: Sylveon\n|-supereffective|p2a: Sylveon\n|-damage|p2a: Sylveon|62/100\n|move|p2a: Sylveon|Hyper Voice|p1a: Thundurus\n|-damage|p1a: Thundurus|54/100 tox\n|\n|-heal|p2a: Sylveon|68/100|[from] item: Leftovers\n|-damage|p1a: Thundurus|42/100 tox|[from] psn\n|upkeep\n|turn|44\n|\n|t:|1695166978\n|move|p2a: Sylveon|Protect|p2a: Sylveon\n|-singleturn|p2a: Sylveon|Protect\n|move|p1a: Thundurus|Knock Off|p2a: Sylveon\n|-activate|p2a: Sylveon|move: Protect\n|\n|-heal|p2a: Sylveon|74/100|[from] item: Leftovers\n|-damage|p1a: Thundurus|24/100 tox|[from] psn\n|upkeep\n|turn|45\n|\n|t:|1695166989\n|move|p1a: Thundurus|Grass Knot|p2a: Sylveon\n|-crit|p2a: Sylveon\n|-damage|p2a: Sylveon|62/100\n|move|p2a: Sylveon|Wish|p2a: Sylveon\n|\n|-heal|p2a: Sylveon|68/100|[from] item: Leftovers\n|-damage|p1a: Thundurus|0 fnt|[from] psn\n|faint|p1a: Thundurus\n|upkeep\n|c|\u2606SnackWasTaken|What in the teambuilder\n|\n|t:|1695167010\n|switch|p1a: Pickachu|Pawmot, F, tera:Flying|23/100\n|turn|46\n|c|\u2606pantalonescondidos|The move\n|inactive|pantalonescondidos has 120 seconds left.\n|c|\u2606pantalonescondidos|Double shock\n|c|\u2606pantalonescondidos|In pawmot\n|c|\u2606SnackWasTaken|O yeah\n|\n|t:|1695167031\n|switch|p2a: Toxapex|Toxapex, M|93/100\n|move|p1a: Pickachu|Double Shock||[still]\n|-fail|p1a: Pickachu|move: Double Shock\n|\n|-heal|p2a: Toxapex|100/100|[from] move: Wish|[wisher] Sylveon\n|upkeep\n|turn|47\n|c|\u2606SnackWasTaken|OH WAIT\n|c|\u2606SnackWasTaken|XD\n|c|\u2606pantalonescondidos|Yup\n|inactive|SnackWasTaken has 120 seconds left.\n|c|\u2606SnackWasTaken|I thought Tera didn\u2019t affect it\n|\n|t:|1695167067\n|move|p2a: Toxapex|Baneful Bunker|p2a: Toxapex\n|-singleturn|p2a: Toxapex|move: Protect\n|move|p1a: Pickachu|Knock Off|p2a: Toxapex\n|-activate|p2a: Toxapex|move: Protect\n|-status|p1a: Pickachu|psn\n|\n|-damage|p1a: Pickachu|10/100 psn|[from] psn\n|upkeep\n|turn|48\n|\n|t:|1695167071\n|switch|p2a: Great Tusk|Great Tusk|70/100\n|move|p1a: Pickachu|Knock Off|p2a: Great Tusk\n|-resisted|p2a: Great Tusk\n|-damage|p2a: Great Tusk|62/100\n|\n|-damage|p1a: Pickachu|0 fnt|[from] psn\n|faint|p1a: Pickachu\n|upkeep\n|inactive|SnackWasTaken has 120 seconds left.\n|\n|t:|1695167080\n|switch|p1a: Dragapult|Dragapult, M|31/100 tox\n|turn|49\n|\n|t:|1695167085\n|move|p1a: Dragapult|Will-O-Wisp|p2a: Great Tusk|[miss]\n|-miss|p1a: Dragapult|p2a: Great Tusk\n|move|p2a: Great Tusk|Knock Off|p1a: Dragapult\n|-supereffective|p1a: Dragapult\n|-damage|p1a: Dragapult|0 fnt\n|-start|p2a: Great Tusk|Disable|Knock Off|[from] ability: Cursed Body|[of] p1a: Dragapult\n|-enditem|p1a: Dragapult|Leftovers|[from] move: Knock Off|[of] p2a: Great Tusk\n|faint|p1a: Dragapult\n|\n|upkeep\n|\n|t:|1695167097\n|switch|p1a: Alomomola|Alomomola, M|88/100\n|turn|50\n|\n|t:|1695167103\n|-end|p2a: Great Tusk|Protosynthesis|[silent]\n|switch|p2a: Rotom|Rotom-Heat, shiny|100/100\n|move|p1a: Alomomola|Flip Turn|p2a: Rotom\n|-supereffective|p2a: Rotom\n|-damage|p2a: Rotom|56/100\n|\n|t:|1695167109\n|switch|p1a: Cinderace|Cinderace, M|84/100|[from] Flip Turn\n|\n|upkeep\n|turn|51\n|\n|t:|1695167113\n|move|p1a: Cinderace|Sucker Punch|p2a: Rotom\n|-start|p1a: Cinderace|typechange|Dark|[from] ability: Libero\n|-damage|p2a: Rotom|15/100\n|move|p2a: Rotom|Volt Switch|p1a: Cinderace\n|-damage|p1a: Cinderace|46/100\n|\n|t:|1695167116\n|switch|p2a: Toxapex|Toxapex, M|100/100|[from] Volt Switch\n|\n|upkeep\n|turn|52\n|\n|t:|1695167121\n|move|p1a: Cinderace|U-turn|p2a: Toxapex\n|-resisted|p2a: Toxapex\n|-damage|p2a: Toxapex|94/100\n|-damage|p1a: Cinderace|29/100|[from] item: Rocky Helmet|[of] p2a: Toxapex\n|\n|t:|1695167122\n|switch|p1a: Alomomola|Alomomola, M|100/100|[from] U-turn\n|move|p2a: Toxapex|Toxic|p1a: Alomomola\n|-status|p1a: Alomomola|tox\n|\n|-damage|p1a: Alomomola|94/100 tox|[from] psn\n|upkeep\n|turn|53\n|\n|t:|1695167130\n|switch|p2a: Sylveon|Sylveon, F, shiny|68/100\n|move|p1a: Alomomola|Wish|p1a: Alomomola\n|\n|-heal|p2a: Sylveon|74/100|[from] item: Leftovers\n|-damage|p1a: Alomomola|82/100 tox|[from] psn\n|upkeep\n|turn|54\n|\n|t:|1695167133\n|move|p2a: Sylveon|Protect|p2a: Sylveon\n|-singleturn|p2a: Sylveon|Protect\n|move|p1a: Alomomola|Flip Turn|p2a: Sylveon\n|-activate|p2a: Sylveon|move: Protect\n|\n|-heal|p1a: Alomomola|100/100 tox|[from] move: Wish|[wisher] Alomomola\n|-heal|p2a: Sylveon|80/100|[from] item: Leftovers\n|-damage|p1a: Alomomola|82/100 tox|[from] psn\n|upkeep\n|turn|55\n|\n|t:|1695167139\n|move|p2a: Sylveon|Wish|p2a: Sylveon\n|move|p1a: Alomomola|Wish|p1a: Alomomola\n|\n|-heal|p2a: Sylveon|86/100|[from] item: Leftovers\n|-damage|p1a: Alomomola|57/100 tox|[from] psn\n|upkeep\n|turn|56\n|\n|t:|1695167146\n|switch|p2a: Toxapex|Toxapex, M|100/100\n|switch|p1a: Cinderace|Cinderace, M|29/100\n|\n|-heal|p1a: Cinderace|100/100|[from] move: Wish|[wisher] Alomomola\n|upkeep\n|turn|57\n|\n|t:|1695167152\n|switch|p1a: Alomomola|Alomomola, M|91/100 tox\n|move|p2a: Toxapex|Toxic|p1a: Alomomola\n|-fail|p1a: Alomomola|tox\n|\n|-damage|p1a: Alomomola|84/100 tox|[from] psn\n|upkeep\n|turn|58\n|\n|t:|1695167159\n|switch|p2a: Rotom|Rotom-Heat, shiny|15/100\n|move|p1a: Alomomola|Scald|p2a: Rotom\n|-supereffective|p2a: Rotom\n|-damage|p2a: Rotom|0 fnt\n|faint|p2a: Rotom\n|\n|-damage|p1a: Alomomola|72/100 tox|[from] psn\n|upkeep\n|\n|t:|1695167167\n|switch|p2a: Sylveon|Sylveon, F, shiny|86/100\n|turn|59\n|\n|t:|1695167169\n|switch|p1a: Cinderace|Cinderace, M|100/100\n|move|p2a: Sylveon|Wish|p2a: Sylveon\n|\n|-heal|p2a: Sylveon|92/100|[from] item: Leftovers\n|upkeep\n|turn|60\n|\n|t:|1695167175\n|switch|p2a: Great Tusk|Great Tusk|62/100\n|move|p1a: Cinderace|Pyro Ball|p2a: Great Tusk\n|-damage|p2a: Great Tusk|19/100\n|\n|-heal|p2a: Great Tusk|72/100|[from] move: Wish|[wisher] Sylveon\n|upkeep\n|turn|61\n|\n|t:|1695167182\n|move|p1a: Cinderace|U-turn|p2a: Great Tusk\n|-start|p1a: Cinderace|typechange|Bug|[from] ability: Libero\n|-resisted|p2a: Great Tusk\n|-damage|p2a: Great Tusk|61/100\n|\n|t:|1695167185\n|switch|p1a: Alomomola|Alomomola, M|100/100 tox|[from] U-turn\n|move|p2a: Great Tusk|Earthquake|p1a: Alomomola\n|-damage|p1a: Alomomola|64/100 tox\n|\n|-damage|p1a: Alomomola|58/100 tox|[from] psn\n|upkeep\n|turn|62\n|\n|t:|1695167191\n|move|p2a: Great Tusk|Earthquake|p1a: Alomomola\n|-damage|p1a: Alomomola|24/100 tox\n|move|p1a: Alomomola|Flip Turn|p2a: Great Tusk\n|-supereffective|p2a: Great Tusk\n|-damage|p2a: Great Tusk|36/100\n|\n|t:|1695167196\n|switch|p1a: Cinderace|Cinderace, M|100/100|[from] Flip Turn\n|\n|upkeep\n|turn|63\n|\n|t:|1695167203\n|-end|p2a: Great Tusk|Protosynthesis|[silent]\n|switch|p2a: Toxapex|Toxapex, M|100/100\n|move|p1a: Cinderace|Pyro Ball|p2a: Toxapex\n|-resisted|p2a: Toxapex\n|-damage|p2a: Toxapex|83/100\n|-status|p2a: Toxapex|brn\n|\n|-damage|p2a: Toxapex|77/100 brn|[from] brn\n|upkeep\n|turn|64\n|\n|t:|1695167212\n|move|p2a: Toxapex|Baneful Bunker|p2a: Toxapex\n|-singleturn|p2a: Toxapex|move: Protect\n|move|p1a: Cinderace|Pyro Ball|p2a: Toxapex\n|-activate|p2a: Toxapex|move: Protect\n|\n|-damage|p2a: Toxapex|71/100 brn|[from] brn\n|upkeep\n|turn|65\n|\n|t:|1695167222\n|switch|p1a: Alomomola|Alomomola, M|57/100 tox\n|move|p2a: Toxapex|Toxic|p1a: Alomomola\n|-fail|p1a: Alomomola|tox\n|\n|-damage|p1a: Alomomola|51/100 tox|[from] psn\n|-damage|p2a: Toxapex|65/100 brn|[from] brn\n|upkeep\n|turn|66\n|\n|t:|1695167232\n|switch|p2a: Sylveon|Sylveon, F, shiny|92/100\n|move|p1a: Alomomola|Wish|p1a: Alomomola\n|\n|-heal|p2a: Sylveon|98/100|[from] item: Leftovers\n|-damage|p1a: Alomomola|38/100 tox|[from] psn\n|upkeep\n|turn|67\n|\n|t:|1695167236\n|move|p2a: Sylveon|Yawn||[still]\n|-fail|p2a: Sylveon\n|move|p1a: Alomomola|Light Screen|p1a: Alomomola\n|-sidestart|p1: SnackWasTaken|move: Light Screen\n|\n|-heal|p1a: Alomomola|88/100 tox|[from] move: Wish|[wisher] Alomomola\n|-heal|p2a: Sylveon|100/100|[from] item: Leftovers\n|-damage|p1a: Alomomola|70/100 tox|[from] psn\n|upkeep\n|turn|68\n|\n|t:|1695167244\n|move|p2a: Sylveon|Wish|p2a: Sylveon\n|move|p1a: Alomomola|Flip Turn|p2a: Sylveon\n|-damage|p2a: Sylveon|79/100\n|\n|t:|1695167246\n|switch|p1a: Cinderace|Cinderace, M|100/100|[from] Flip Turn\n|\n|-heal|p2a: Sylveon|85/100|[from] item: Leftovers\n|upkeep\n|turn|69\n|\n|t:|1695167253\n|move|p1a: Cinderace|Pyro Ball|p2a: Sylveon|[miss]\n|-miss|p1a: Cinderace|p2a: Sylveon\n|move|p2a: Sylveon|Yawn|p1a: Cinderace\n|-start|p1a: Cinderace|move: Yawn|[of] p2a: Sylveon\n|\n|-heal|p2a: Sylveon|100/100|[from] move: Wish|[wisher] Sylveon\n|upkeep\n|turn|70\n|\n|t:|1695167256\n|move|p1a: Cinderace|U-turn|p2a: Sylveon\n|-start|p1a: Cinderace|typechange|Bug|[from] ability: Libero\n|-resisted|p2a: Sylveon\n|-damage|p2a: Sylveon|80/100\n|\n|t:|1695167259\n|switch|p1a: Alomomola|Alomomola, M|100/100 tox|[from] U-turn\n|move|p2a: Sylveon|Hyper Voice|p1a: Alomomola\n|-damage|p1a: Alomomola|85/100 tox\n|\n|-heal|p2a: Sylveon|86/100|[from] item: Leftovers\n|-damage|p1a: Alomomola|79/100 tox|[from] psn\n|upkeep\n|turn|71\n|\n|t:|1695167268\n|switch|p2a: Toxapex|Toxapex, M|98/100 brn\n|move|p1a: Alomomola|Wish|p1a: Alomomola\n|\n|-damage|p1a: Alomomola|67/100 tox|[from] psn\n|-damage|p2a: Toxapex|92/100 brn|[from] brn\n|-sideend|p1: SnackWasTaken|move: Light Screen\n|upkeep\n|turn|72\n|\n|t:|1695167274\n|move|p1a: Alomomola|Scald|p2a: Toxapex\n|-resisted|p2a: Toxapex\n|-damage|p2a: Toxapex|86/100 brn\n|move|p2a: Toxapex|Toxic|p1a: Alomomola\n|-fail|p1a: Alomomola|tox\n|\n|-heal|p1a: Alomomola|100/100 tox|[from] move: Wish|[wisher] Alomomola\n|-damage|p1a: Alomomola|82/100 tox|[from] psn\n|-damage|p2a: Toxapex|79/100 brn|[from] brn\n|upkeep\n|turn|73\n|\n|t:|1695167282\n|switch|p2a: Kingambit|Kingambit, M|61/100 brn\n|-activate|p2a: Kingambit|ability: Supreme Overlord\n|-start|p2a: Kingambit|fallen2|[silent]\n|move|p1a: Alomomola|Flip Turn|p2a: Kingambit\n|-damage|p2a: Kingambit|49/100 brn\n|\n|t:|1695167288\n|switch|p1a: Cinderace|Cinderace, M|100/100|[from] Flip Turn\n|\n|-damage|p2a: Kingambit|43/100 brn|[from] brn\n|upkeep\n|turn|74\n|\n|t:|1695167308\n|-end|p2a: Kingambit|fallen2|[silent]\n|switch|p2a: Toxapex|Toxapex, M|100/100 brn\n|move|p1a: Cinderace|Pyro Ball|p2a: Toxapex\n|-resisted|p2a: Toxapex\n|-damage|p2a: Toxapex|83/100 brn\n|\n|-damage|p2a: Toxapex|76/100 brn|[from] brn\n|upkeep\n|turn|75\n|\n|t:|1695167316\n|switch|p1a: Alomomola|Alomomola, M|100/100 tox\n|move|p2a: Toxapex|Surf|p1a: Alomomola\n|-resisted|p1a: Alomomola\n|-crit|p1a: Alomomola\n|-damage|p1a: Alomomola|90/100 tox\n|\n|-damage|p1a: Alomomola|84/100 tox|[from] psn\n|-damage|p2a: Toxapex|70/100 brn|[from] brn\n|upkeep\n|turn|76\n|\n|t:|1695167323\n|switch|p1a: Cinderace|Cinderace, M|100/100\n|switch|p2a: Sylveon|Sylveon, F, shiny|86/100\n|\n|-heal|p2a: Sylveon|92/100|[from] item: Leftovers\n|upkeep\n|turn|77\n|inactive|pantalonescondidos has 120 seconds left.\n|\n|t:|1695167360\n|move|p2a: Sylveon|Protect|p2a: Sylveon\n|-singleturn|p2a: Sylveon|Protect\n|move|p1a: Cinderace|U-turn|p2a: Sylveon\n|-start|p1a: Cinderace|typechange|Bug|[from] ability: Libero\n|-activate|p2a: Sylveon|move: Protect\n|\n|-heal|p2a: Sylveon|98/100|[from] item: Leftovers\n|upkeep\n|turn|78\n|\n|t:|1695167366\n|move|p1a: Cinderace|Pyro Ball|p2a: Sylveon\n|-damage|p2a: Sylveon|48/100\n|move|p2a: Sylveon|Wish|p2a: Sylveon\n|\n|-heal|p2a: Sylveon|54/100|[from] item: Leftovers\n|upkeep\n|turn|79\n|inactive|pantalonescondidos has 120 seconds left.\n|\n|t:|1695167375\n|move|p2a: Sylveon|Protect|p2a: Sylveon\n|-singleturn|p2a: Sylveon|Protect\n|move|p1a: Cinderace|U-turn|p2a: Sylveon\n|-activate|p2a: Sylveon|move: Protect\n|\n|-heal|p2a: Sylveon|100/100|[from] move: Wish|[wisher] Sylveon\n|upkeep\n|turn|80\n|\n|t:|1695167380\n|move|p1a: Cinderace|U-turn|p2a: Sylveon\n|-resisted|p2a: Sylveon\n|-damage|p2a: Sylveon|80/100\n|\n|t:|1695167382\n|switch|p1a: Alomomola|Alomomola, M|100/100 tox|[from] U-turn\n|move|p2a: Sylveon|Wish|p2a: Sylveon\n|\n|-heal|p2a: Sylveon|86/100|[from] item: Leftovers\n|-damage|p1a: Alomomola|94/100 tox|[from] psn\n|upkeep\n|turn|81\n|\n|t:|1695167394\n|move|p2a: Sylveon|Hyper Voice|p1a: Alomomola\n|-damage|p1a: Alomomola|64/100 tox\n|move|p1a: Alomomola|Scald|p2a: Sylveon\n|-damage|p2a: Sylveon|79/100\n|\n|-heal|p2a: Sylveon|100/100|[from] move: Wish|[wisher] Sylveon\n|-damage|p1a: Alomomola|51/100 tox|[from] psn\n|upkeep\n|turn|82\n|\n|t:|1695167403\n|switch|p1a: Cinderace|Cinderace, M|100/100\n|move|p2a: Sylveon|Hyper Voice|p1a: Cinderace\n|-resisted|p1a: Cinderace\n|-damage|p1a: Cinderace|71/100\n|\n|upkeep\n|turn|83\n|\n|t:|1695167407\n|switch|p1a: Alomomola|Alomomola, M|85/100 tox\n|switch|p2a: Toxapex|Toxapex, M|100/100 brn\n|\n|-damage|p1a: Alomomola|79/100 tox|[from] psn\n|-damage|p2a: Toxapex|94/100 brn|[from] brn\n|upkeep\n|turn|84\n|\n|t:|1695167414\n|switch|p2a: Sylveon|Sylveon, F, shiny|100/100\n|move|p1a: Alomomola|Wish|p1a: Alomomola\n|\n|-damage|p1a: Alomomola|66/100 tox|[from] psn\n|upkeep\n|turn|85\n|\n|t:|1695167422\n|move|p2a: Sylveon|Yawn||[still]\n|-fail|p2a: Sylveon\n|move|p1a: Alomomola|Flip Turn|p2a: Sylveon\n|-damage|p2a: Sylveon|82/100\n|\n|t:|1695167427\n|switch|p1a: Cinderace|Cinderace, M|71/100|[from] Flip Turn\n|\n|-heal|p1a: Cinderace|100/100|[from] move: Wish|[wisher] Alomomola\n|-heal|p2a: Sylveon|88/100|[from] item: Leftovers\n|upkeep\n|turn|86\n|\n|t:|1695167433\n|switch|p2a: Toxapex|Toxapex, M|100/100 brn\n|move|p1a: Cinderace|U-turn|p2a: Toxapex\n|-start|p1a: Cinderace|typechange|Bug|[from] ability: Libero\n|-resisted|p2a: Toxapex\n|-damage|p2a: Toxapex|91/100 brn\n|-damage|p1a: Cinderace|84/100|[from] item: Rocky Helmet|[of] p2a: Toxapex\n|\n|t:|1695167437\n|switch|p1a: Alomomola|Alomomola, M|99/100 tox|[from] U-turn\n|\n|-damage|p1a: Alomomola|93/100 tox|[from] psn\n|-damage|p2a: Toxapex|84/100 brn|[from] brn\n|upkeep\n|turn|87\n|\n|t:|1695167448\n|switch|p2a: Sylveon|Sylveon, F, shiny|88/100\n|move|p1a: Alomomola|Light Screen|p1a: Alomomola\n|-sidestart|p1: SnackWasTaken|move: Light Screen\n|\n|-heal|p2a: Sylveon|94/100|[from] item: Leftovers\n|-damage|p1a: Alomomola|81/100 tox|[from] psn\n|upkeep\n|turn|88\n|inactive|pantalonescondidos has 120 seconds left.\n|\n|t:|1695167500\n|switch|p2a: Toxapex|Toxapex, M|100/100 brn\n|move|p1a: Alomomola|Wish|p1a: Alomomola\n|\n|-damage|p1a: Alomomola|62/100 tox|[from] psn\n|-damage|p2a: Toxapex|94/100 brn|[from] brn\n|upkeep\n|turn|89\n|l|\u2606SnackWasTaken\n|inactive|SnackWasTaken disconnected and has a minute to reconnect!\n|player|p1|\n|inactive|SnackWasTaken has 30 seconds to reconnect!\n|inactive|SnackWasTaken has 20 seconds to reconnect!\n|j|\u2606SnackWasTaken\n|inactive|SnackWasTaken reconnected and has 100 seconds left.\n|player|p1|SnackWasTaken|emmet\n|n|\u2606SnackWasTaken|snackwastaken\n|\n|t:|1695167557\n|move|p1a: Alomomola|Scald|p2a: Toxapex\n|-resisted|p2a: Toxapex\n|-crit|p2a: Toxapex\n|-damage|p2a: Toxapex|85/100 brn\n|move|p2a: Toxapex|Surf|p1a: Alomomola\n|-resisted|p1a: Alomomola\n|-damage|p1a: Alomomola|59/100 tox\n|\n|-heal|p1a: Alomomola|100/100 tox|[from] move: Wish|[wisher] Alomomola\n|-damage|p1a: Alomomola|76/100 tox|[from] psn\n|-damage|p2a: Toxapex|79/100 brn|[from] brn\n|upkeep\n|turn|90\n|inactive|SnackWasTaken has 90 seconds left.\n|inactive|pantalonescondidos has 90 seconds left.\n|\n|t:|1695167574\n|switch|p1a: Cinderace|Cinderace, M|84/100\n|switch|p2a: Sylveon|Sylveon, F, shiny|94/100\n|\n|-heal|p2a: Sylveon|99/100|[from] item: Leftovers\n|upkeep\n|turn|91\n|\n|t:|1695167577\n|switch|p2a: Toxapex|Toxapex, M|100/100 brn\n|move|p1a: Cinderace|Pyro Ball|p2a: Toxapex\n|-resisted|p2a: Toxapex\n|-damage|p2a: Toxapex|84/100 brn\n|\n|-damage|p2a: Toxapex|77/100 brn|[from] brn\n|-sideend|p1: SnackWasTaken|move: Light Screen\n|upkeep\n|turn|92\n|inactive|pantalonescondidos has 90 seconds left.\n|\n|t:|1695167598\n|move|p1a: Cinderace|U-turn|p2a: Toxapex\n|-start|p1a: Cinderace|typechange|Bug|[from] ability: Libero\n|-resisted|p2a: Toxapex\n|-damage|p2a: Toxapex|67/100 brn\n|-damage|p1a: Cinderace|67/100|[from] item: Rocky Helmet|[of] p2a: Toxapex\n|\n|t:|1695167600\n|switch|p1a: Alomomola|Alomomola, M|100/100 tox|[from] U-turn\n|move|p2a: Toxapex|Surf|p1a: Alomomola\n|-resisted|p1a: Alomomola\n|-damage|p1a: Alomomola|92/100 tox\n|\n|-damage|p1a: Alomomola|86/100 tox|[from] psn\n|-damage|p2a: Toxapex|61/100 brn|[from] brn\n|upkeep\n|turn|93\n|\n|t:|1695167625\n|switch|p2a: Sylveon|Sylveon, F, shiny|99/100\n|move|p1a: Alomomola|Scald|p2a: Sylveon\n|-crit|p2a: Sylveon\n|-damage|p2a: Sylveon|89/100\n|\n|-heal|p2a: Sylveon|95/100|[from] item: Leftovers\n|-damage|p1a: Alomomola|74/100 tox|[from] psn\n|upkeep\n|turn|94\n|\n|t:|1695167640\n|switch|p1a: Cinderace|Cinderace, M|67/100\n|move|p2a: Sylveon|Wish|p2a: Sylveon\n|\n|-heal|p2a: Sylveon|100/100|[from] item: Leftovers\n|upkeep\n|turn|95\n|\n|t:|1695167649\n|switch|p1a: Alomomola|Alomomola, M|100/100 tox\n|switch|p2a: Great Tusk|Great Tusk|36/100\n|\n|-heal|p2a: Great Tusk|89/100|[from] move: Wish|[wisher] Sylveon\n|-damage|p1a: Alomomola|94/100 tox|[from] psn\n|upkeep\n|turn|96\n|inactive|SnackWasTaken has 90 seconds left.\n|\n|t:|1695167660\n|-end|p2a: Great Tusk|Protosynthesis|[silent]\n|switch|p2a: Sylveon|Sylveon, F, shiny|100/100\n|move|p1a: Alomomola|Scald|p2a: Sylveon\n|-damage|p2a: Sylveon|93/100\n|\n|-heal|p2a: Sylveon|99/100|[from] item: Leftovers\n|-damage|p1a: Alomomola|82/100 tox|[from] psn\n|upkeep\n|turn|97\n|inactive|SnackWasTaken has 90 seconds left.\n|inactive|pantalonescondidos has 60 seconds left.\n|\n|t:|1695167678\n|move|p2a: Sylveon|Wish|p2a: Sylveon\n|move|p1a: Alomomola|Scald|p2a: Sylveon\n|-damage|p2a: Sylveon|92/100\n|\n|-heal|p2a: Sylveon|98/100|[from] item: Leftovers\n|-damage|p1a: Alomomola|63/100 tox|[from] psn\n|upkeep\n|turn|98\n|c|\u2606SnackWasTaken|How am I not getting the burn\n|\n|t:|1695167701\n|switch|p2a: Kingambit|Kingambit, M|43/100 brn\n|-activate|p2a: Kingambit|ability: Supreme Overlord\n|-start|p2a: Kingambit|fallen2|[silent]\n|move|p1a: Alomomola|Flip Turn|p2a: Kingambit\n|-damage|p2a: Kingambit|30/100 brn\n|\n|t:|1695167703\n|switch|p1a: Cinderace|Cinderace, M|67/100|[from] Flip Turn\n|\n|-heal|p2a: Kingambit|79/100 brn|[from] move: Wish|[wisher] Sylveon\n|-damage|p2a: Kingambit|73/100 brn|[from] brn\n|upkeep\n|turn|99\n|\n|t:|1695167713\n|-end|p2a: Kingambit|fallen2|[silent]\n|switch|p2a: Toxapex|Toxapex, M|94/100 brn\n|move|p1a: Cinderace|U-turn|p2a: Toxapex\n|-start|p1a: Cinderace|typechange|Bug|[from] ability: Libero\n|-resisted|p2a: Toxapex\n|-damage|p2a: Toxapex|84/100 brn\n|-damage|p1a: Cinderace|51/100|[from] item: Rocky Helmet|[of] p2a: Toxapex\n|\n|t:|1695167717\n|switch|p1a: Alomomola|Alomomola, M|97/100 tox|[from] U-turn\n|\n|-damage|p1a: Alomomola|91/100 tox|[from] psn\n|-damage|p2a: Toxapex|78/100 brn|[from] brn\n|upkeep\n|turn|100\n|\n|t:|1695167731\n|switch|p1a: Cinderace|Cinderace, M|51/100\n|switch|p2a: Sylveon|Sylveon, F, shiny|98/100\n|\n|-heal|p2a: Sylveon|100/100|[from] item: Leftovers\n|upkeep\n|turn|101\n|inactive|SnackWasTaken has 90 seconds left.\n|\n|t:|1695167736\n|switch|p1a: Alomomola|Alomomola, M|100/100 tox\n|switch|p2a: Toxapex|Toxapex, M|100/100 brn\n|\n|-damage|p1a: Alomomola|94/100 tox|[from] psn\n|-damage|p2a: Toxapex|94/100 brn|[from] brn\n|upkeep\n|turn|102\n|inactive|SnackWasTaken has 90 seconds left.\n|c|\u2606pantalonescondidos|Whats the 4 move of cindi?\n|inactive|pantalonescondidos has 60 seconds left.\n|\n|t:|1695167753\n|switch|p2a: Sylveon|Sylveon, F, shiny|100/100\n|move|p1a: Alomomola|Scald|p2a: Sylveon\n|-damage|p2a: Sylveon|93/100\n|\n|-heal|p2a: Sylveon|99/100|[from] item: Leftovers\n|-damage|p1a: Alomomola|82/100 tox|[from] psn\n|upkeep\n|turn|103\n|inactive|SnackWasTaken has 90 seconds left.\n|inactive|pantalonescondidos has 60 seconds left.\n|c|\u2606SnackWasTaken|Not telling >:)\n|\n|t:|1695167782\n|switch|p2a: Toxapex|Toxapex, M|100/100 brn\n|move|p1a: Alomomola|Wish|p1a: Alomomola\n|\n|-damage|p1a: Alomomola|63/100 tox|[from] psn\n|-damage|p2a: Toxapex|94/100 brn|[from] brn\n|upkeep\n|turn|104\n|inactive|pantalonescondidos has 60 seconds left.\n|c|\u2606pantalonescondidos|Court change isnt it?\n|\n|t:|1695167797\n|switch|p1a: Cinderace|Cinderace, M|51/100\n|switch|p2a: Sylveon|Sylveon, F, shiny|99/100\n|\n|-heal|p1a: Cinderace|100/100|[from] move: Wish|[wisher] Alomomola\n|-heal|p2a: Sylveon|100/100|[from] item: Leftovers\n|upkeep\n|turn|105\n|\n|t:|1695167801\n|switch|p2a: Toxapex|Toxapex, M|100/100 brn\n|move|p1a: Cinderace|U-turn|p2a: Toxapex\n|-start|p1a: Cinderace|typechange|Bug|[from] ability: Libero\n|-resisted|p2a: Toxapex\n|-crit|p2a: Toxapex\n|-damage|p2a: Toxapex|86/100 brn\n|-damage|p1a: Cinderace|84/100|[from] item: Rocky Helmet|[of] p2a: Toxapex\n|\n|t:|1695167803\n|switch|p1a: Alomomola|Alomomola, M|97/100 tox|[from] U-turn\n|\n|-damage|p1a: Alomomola|91/100 tox|[from] psn\n|-damage|p2a: Toxapex|80/100 brn|[from] brn\n|upkeep\n|turn|106\n|inactive|pantalonescondidos has 60 seconds left.\n|c|\u2606SnackWasTaken|Yeah\n|\n|t:|1695167820\n|switch|p1a: Cinderace|Cinderace, M|84/100\n|switch|p2a: Sylveon|Sylveon, F, shiny|100/100\n|\n|upkeep\n|turn|107\n|\n|t:|1695167828\n|switch|p1a: Alomomola|Alomomola, M|100/100 tox\n|switch|p2a: Toxapex|Toxapex, M|100/100 brn\n|\n|-damage|p1a: Alomomola|94/100 tox|[from] psn\n|-damage|p2a: Toxapex|94/100 brn|[from] brn\n|upkeep\n|turn|108\n|\n|t:|1695167837\n|switch|p1a: Cinderace|Cinderace, M|84/100\n|switch|p2a: Kingambit|Kingambit, M|73/100 brn\n|-activate|p2a: Kingambit|ability: Supreme Overlord\n|-start|p2a: Kingambit|fallen2|[silent]\n|\n|-damage|p2a: Kingambit|67/100 brn|[from] brn\n|upkeep\n|turn|109\n|\n|t:|1695167850\n|move|p1a: Cinderace|U-turn|p2a: Kingambit\n|-start|p1a: Cinderace|typechange|Bug|[from] ability: Libero\n|-damage|p2a: Kingambit|42/100 brn\n|\n|t:|1695167854\n|switch|p1a: Alomomola|Alomomola, M|100/100 tox|[from] U-turn\n|move|p2a: Kingambit|Kowtow Cleave|p1a: Alomomola\n|-damage|p1a: Alomomola|75/100 tox\n|-damage|p2a: Kingambit|26/100 brn|[from] item: Rocky Helmet|[of] p1a: Alomomola\n|\n|-damage|p1a: Alomomola|68/100 tox|[from] psn\n|-damage|p2a: Kingambit|20/100 brn|[from] brn\n|upkeep\n|turn|110\n|inactive|pantalonescondidos has 30 seconds left.\n|inactive|pantalonescondidos has 20 seconds left.\n|inactive|pantalonescondidos has 15 seconds left.\n|inactive|pantalonescondidos has 10 seconds left.\n|inactive|pantalonescondidos has 5 seconds left.\n|-message|pantalonescondidos lost due to inactivity.\n|\n|win|SnackWasTaken\n|raw|SnackWasTaken's rating: 1389 &rarr; <strong>1412</strong><br />(+23 for winning)\n|raw|pantalonescondidos's rating: 1437 &rarr; <strong>1414</strong><br />(-23 for losing)\n|c|\u2606SnackWasTaken|Gg mate\n|c|\u2606SnackWasTaken|You would\u2019ve won\n|l|\u2606SnackWasTaken\n|j|\u2606SnackWasTaken\n|player|p1|SnackWasTaken|emmet\n", "uploadtime": 1695167965, "views": 3, "p1id": "snackwastaken", "p2id": "pantalonescondidos", "formatid": "gen9ou", "rating": 1412, "private": 0, "password": ""}