{"id": "gen9ou-1947480208", "p1": "JeanC17", "p2": "Cpt Shenanigans", "format": "gen9ou", "log": "|j|\u2606JeanC17\n|j|\u2606Cpt Shenanigans\n|t:|1695164742\n|gametype|singles\n|player|p1|JeanC17|1|1317\n|player|p2|Cpt Shenanigans|rocketgruntf|1419\n|teamsize|p1|6\n|teamsize|p2|6\n|gen|9\n|tier|[Gen 9] OU\n|rated|\n|rule|Sleep Clause Mod: Limit one foe put to sleep\n|rule|Species Clause: Limit one of each Pok\u00e9mon\n|rule|OHKO Clause: OHKO moves are banned\n|rule|Evasion Items Clause: Evasion items are banned\n|rule|Evasion Moves Clause: Evasion moves are banned\n|rule|Endless Battle Clause: Forcing endless battles is banned\n|rule|HP Percentage Mod: HP is shown in percentages\n|clearpoke\n|poke|p1|Azumarill, M|\n|poke|p1|Staraptor, F|\n|poke|p1|Toedscruel, M|\n|poke|p1|Skeledirge, M|\n|poke|p1|Ninetales-Alola, M|\n|poke|p1|Iron Valiant|\n|poke|p2|Okidogi, M|\n|poke|p2|Zapdos|\n|poke|p2|Scizor, F|\n|poke|p2|Garchomp, M|\n|poke|p2|Greninja-*, M|\n|poke|p2|Iron Treads|\n|teampreview\n|inactive|Battle timer is ON: inactive players will automatically lose when time's up. (requested by Cpt Shenanigans)\n|\n|t:|1695164761\n|start\n|switch|p1a: Staraptor|Staraptor, F|100/100\n|switch|p2a: Scizor|Scizor, F|100/100\n|-ability|p1a: Staraptor|Intimidate|boost\n|-unboost|p2a: Scizor|atk|1\n|turn|1\n|\n|t:|1695164770\n|move|p1a: Staraptor|Final Gambit|p2a: Scizor\n|-damage|p2a: Scizor|0 fnt\n|faint|p1a: Staraptor\n|faint|p2a: Scizor\n|\n|upkeep\n|\n|t:|1695164778\n|switch|p1a: Toedscruel|Toedscruel, M|100/100\n|switch|p2a: Iron Treads|Iron Treads|100/100\n|-enditem|p2a: Iron Treads|Booster Energy\n|-activate|p2a: Iron Treads|ability: Quark Drive|[fromitem]\n|-start|p2a: Iron Treads|quarkdrivespe\n|turn|2\n|\n|t:|1695164787\n|move|p2a: Iron Treads|Iron Head|p1a: Toedscruel\n|-damage|p1a: Toedscruel|52/100\n|move|p1a: Toedscruel|Spore|p2a: Iron Treads\n|-status|p2a: Iron Treads|slp|[from] move: Spore\n|\n|-heal|p1a: Toedscruel|58/100|[from] item: Leftovers\n|upkeep\n|turn|3\n|\n|t:|1695164798\n|switch|p1a: Ninetales|Ninetales-Alola, M|100/100\n|-weather|Snow|[from] ability: Snow Warning|[of] p1a: Ninetales\n|cant|p2a: Iron Treads|slp\n|\n|-weather|Snow|[upkeep]\n|upkeep\n|turn|4\n|\n|t:|1695164802\n|cant|p2a: Iron Treads|slp\n|move|p1a: Ninetales|Aurora Veil|p1a: Ninetales\n|-sidestart|p1: JeanC17|move: Aurora Veil\n|\n|-weather|Snow|[upkeep]\n|upkeep\n|turn|5\n|\n|t:|1695164807\n|switch|p1a: Skeledirge|Skeledirge, M|100/100\n|cant|p2a: Iron Treads|slp\n|\n|-weather|Snow|[upkeep]\n|upkeep\n|turn|6\n|\n|t:|1695164818\n|-curestatus|p2a: Iron Treads|slp|[msg]\n|move|p2a: Iron Treads|Earthquake|p1a: Skeledirge\n|-supereffective|p1a: Skeledirge\n|-damage|p1a: Skeledirge|62/100\n|move|p1a: Skeledirge|Will-O-Wisp|p2a: Iron Treads|[miss]\n|-miss|p1a: Skeledirge|p2a: Iron Treads\n|\n|-weather|Snow|[upkeep]\n|-heal|p1a: Skeledirge|68/100|[from] item: Leftovers\n|upkeep\n|turn|7\n|\n|t:|1695164826\n|move|p2a: Iron Treads|Earthquake|p1a: Skeledirge\n|-supereffective|p1a: Skeledirge\n|-damage|p1a: Skeledirge|31/100\n|move|p1a: Skeledirge|Will-O-Wisp|p2a: Iron Treads|[miss]\n|-miss|p1a: Skeledirge|p2a: Iron Treads\n|\n|-weather|none\n|-heal|p1a: Skeledirge|37/100|[from] item: Leftovers\n|upkeep\n|turn|8\n|\n|t:|1695164837\n|-terastallize|p1a: Skeledirge|Dragon\n|move|p2a: Iron Treads|Stealth Rock|p1a: Skeledirge\n|-sidestart|p1: JeanC17|move: Stealth Rock\n|move|p1a: Skeledirge|Slack Off|p1a: Skeledirge\n|-heal|p1a: Skeledirge|87/100\n|\n|-heal|p1a: Skeledirge|93/100|[from] item: Leftovers\n|upkeep\n|turn|9\n|\n|t:|1695164847\n|-end|p2a: Iron Treads|Quark Drive|[silent]\n|switch|p2a: Zapdos|Zapdos|100/100\n|move|p1a: Skeledirge|Will-O-Wisp|p2a: Zapdos\n|-status|p2a: Zapdos|brn\n|\n|-heal|p1a: Skeledirge|99/100|[from] item: Leftovers\n|-damage|p2a: Zapdos|94/100 brn|[from] brn\n|upkeep\n|turn|10\n|\n|t:|1695164861\n|move|p2a: Zapdos|Discharge|p1a: Skeledirge\n|-resisted|p1a: Skeledirge\n|-damage|p1a: Skeledirge|92/100\n|move|p1a: Skeledirge|Torch Song|p2a: Zapdos\n|-damage|p2a: Zapdos|68/100 brn\n|-boost|p1a: Skeledirge|spa|1\n|\n|-heal|p1a: Skeledirge|98/100|[from] item: Leftovers\n|-damage|p2a: Zapdos|62/100 brn|[from] brn\n|upkeep\n|turn|11\n|\n|t:|1695164866\n|move|p2a: Zapdos|Discharge|p1a: Skeledirge\n|-resisted|p1a: Skeledirge\n|-damage|p1a: Skeledirge|90/100\n|-status|p1a: Skeledirge|par\n|move|p1a: Skeledirge|Torch Song|p2a: Zapdos\n|-damage|p2a: Zapdos|22/100 brn\n|-boost|p1a: Skeledirge|spa|1\n|\n|-heal|p1a: Skeledirge|96/100 par|[from] item: Leftovers\n|-damage|p2a: Zapdos|16/100 brn|[from] brn\n|-sideend|p1: JeanC17|move: Aurora Veil\n|upkeep\n|turn|12\n|\n|t:|1695164877\n|move|p2a: Zapdos|Hurricane|p1a: Skeledirge|[miss]\n|-miss|p2a: Zapdos|p1a: Skeledirge\n|move|p1a: Skeledirge|Torch Song|p2a: Zapdos\n|-damage|p2a: Zapdos|0 fnt\n|-boost|p1a: Skeledirge|spa|1\n|faint|p2a: Zapdos\n|\n|-heal|p1a: Skeledirge|100/100 par|[from] item: Leftovers\n|upkeep\n|\n|t:|1695164892\n|switch|p2a: Garchomp|Garchomp, M|100/100\n|turn|13\n|\n|t:|1695164901\n|move|p2a: Garchomp|Iron Head|p1a: Skeledirge\n|-damage|p1a: Skeledirge|77/100 par\n|move|p1a: Skeledirge|Will-O-Wisp|p2a: Garchomp\n|-status|p2a: Garchomp|brn\n|\n|-heal|p1a: Skeledirge|83/100 par|[from] item: Leftovers\n|-damage|p2a: Garchomp|94/100 brn|[from] brn\n|upkeep\n|turn|14\n|\n|t:|1695164909\n|move|p2a: Garchomp|Scale Shot|p1a: Skeledirge\n|-supereffective|p1a: Skeledirge\n|-damage|p1a: Skeledirge|71/100 par\n|-supereffective|p1a: Skeledirge\n|-damage|p1a: Skeledirge|61/100 par\n|-supereffective|p1a: Skeledirge\n|-damage|p1a: Skeledirge|50/100 par\n|-supereffective|p1a: Skeledirge\n|-damage|p1a: Skeledirge|39/100 par\n|-hitcount|p1a: Skeledirge|4\n|-unboost|p2a: Garchomp|def|1\n|-boost|p2a: Garchomp|spe|1\n|cant|p1a: Skeledirge|par\n|\n|-heal|p1a: Skeledirge|45/100 par|[from] item: Leftovers\n|-damage|p2a: Garchomp|88/100 brn|[from] brn\n|upkeep\n|turn|15\n|\n|t:|1695164933\n|switch|p1a: Azumarill|Azumarill, M|100/100\n|-damage|p1a: Azumarill|88/100|[from] Stealth Rock\n|move|p2a: Garchomp|Scale Shot|p1a: Azumarill\n|-immune|p1a: Azumarill\n|\n|-damage|p2a: Garchomp|82/100 brn|[from] brn\n|upkeep\n|turn|16\n|\n|t:|1695164943\n|move|p2a: Garchomp|Earthquake|p1a: Azumarill\n|-crit|p1a: Azumarill\n|-damage|p1a: Azumarill|52/100\n|move|p1a: Azumarill|Belly Drum|p1a: Azumarill\n|-damage|p1a: Azumarill|2/100\n|-setboost|p1a: Azumarill|atk|6|[from] move: Belly Drum\n|-enditem|p1a: Azumarill|Sitrus Berry|[eat]\n|-heal|p1a: Azumarill|27/100|[from] item: Sitrus Berry\n|\n|-damage|p2a: Garchomp|76/100 brn|[from] brn\n|upkeep\n|turn|17\n|\n|t:|1695164954\n|move|p1a: Azumarill|Aqua Jet|p2a: Garchomp\n|-damage|p2a: Garchomp|0 fnt\n|-damage|p1a: Azumarill|14/100|[from] ability: Rough Skin|[of] p2a: Garchomp\n|faint|p2a: Garchomp\n|\n|upkeep\n|\n|t:|1695164966\n|switch|p2a: Greninja|Greninja, M|100/100\n|turn|18\n|\n|t:|1695164971\n|move|p1a: Azumarill|Aqua Jet|p2a: Greninja\n|-resisted|p2a: Greninja\n|-damage|p2a: Greninja|11/100\n|move|p2a: Greninja|Dark Pulse|p1a: Azumarill\n|-resisted|p1a: Azumarill\n|-damage|p1a: Azumarill|0 fnt\n|faint|p1a: Azumarill\n|-ability|p2a: Greninja|Battle Bond|boost\n|-boost|p2a: Greninja|atk|1\n|-boost|p2a: Greninja|spa|1\n|-boost|p2a: Greninja|spe|1\n|-activate|p2a: Greninja|ability: Battle Bond\n|\n|upkeep\n|\n|t:|1695164983\n|switch|p1a: Ninetales|Ninetales-Alola, M|100/100\n|-damage|p1a: Ninetales|76/100|[from] Stealth Rock\n|-weather|Snow|[from] ability: Snow Warning|[of] p1a: Ninetales\n|turn|19\n|\n|t:|1695164996\n|move|p1a: Ninetales|Ice Shard|p2a: Greninja\n|-resisted|p2a: Greninja\n|-damage|p2a: Greninja|2/100\n|move|p2a: Greninja|Gunk Shot|p1a: Ninetales\n|-supereffective|p1a: Ninetales\n|-damage|p1a: Ninetales|22/100\n|\n|-weather|Snow|[upkeep]\n|upkeep\n|turn|20\n|\n|t:|1695165003\n|move|p2a: Greninja|Hydro Pump|p1a: Ninetales|[miss]\n|-miss|p2a: Greninja|p1a: Ninetales\n|move|p1a: Ninetales|Aurora Veil|p1a: Ninetales\n|-sidestart|p1: JeanC17|move: Aurora Veil\n|\n|-weather|Snow|[upkeep]\n|upkeep\n|turn|21\n|\n|t:|1695165006\n|move|p1a: Ninetales|Ice Shard|p2a: Greninja\n|-resisted|p2a: Greninja\n|-damage|p2a: Greninja|0 fnt\n|faint|p2a: Greninja\n|\n|-weather|Snow|[upkeep]\n|upkeep\n|\n|t:|1695165015\n|switch|p2a: Iron Treads|Iron Treads|100/100\n|turn|22\n|\n|t:|1695165022\n|move|p2a: Iron Treads|Rapid Spin|p1a: Ninetales\n|-damage|p1a: Ninetales|18/100\n|-boost|p2a: Iron Treads|spe|1\n|move|p1a: Ninetales|Blizzard|p2a: Iron Treads\n|-damage|p2a: Iron Treads|55/100\n|\n|-weather|Snow|[upkeep]\n|upkeep\n|turn|23\n|\n|t:|1695165031\n|move|p2a: Iron Treads|Iron Head|p1a: Ninetales\n|-supereffective|p1a: Ninetales\n|-damage|p1a: Ninetales|0 fnt\n|faint|p1a: Ninetales\n|\n|-weather|none\n|upkeep\n|inactive|JeanC17 has 120 seconds left.\n|\n|t:|1695165065\n|switch|p1a: Toedscruel|Toedscruel, M|58/100\n|-damage|p1a: Toedscruel|52/100|[from] Stealth Rock\n|turn|24\n|\n|t:|1695165072\n|move|p2a: Iron Treads|Iron Head|p1a: Toedscruel\n|-damage|p1a: Toedscruel|27/100\n|move|p1a: Toedscruel|Spore|p2a: Iron Treads\n|-status|p2a: Iron Treads|slp|[from] move: Spore\n|\n|-heal|p1a: Toedscruel|33/100|[from] item: Leftovers\n|upkeep\n|turn|25\n|\n|t:|1695165078\n|cant|p2a: Iron Treads|slp\n|move|p1a: Toedscruel|Rapid Spin|p2a: Iron Treads\n|-resisted|p2a: Iron Treads\n|-damage|p2a: Iron Treads|52/100 slp\n|-boost|p1a: Toedscruel|spe|1\n|-sideend|p1: JeanC17|Stealth Rock|[from] move: Rapid Spin|[of] p1a: Toedscruel\n|\n|-heal|p1a: Toedscruel|39/100|[from] item: Leftovers\n|upkeep\n|turn|26\n|\n|t:|1695165086\n|switch|p1a: Skeledirge|Skeledirge, M, tera:Dragon|45/100 par\n|cant|p2a: Iron Treads|slp\n|\n|-heal|p1a: Skeledirge|51/100 par|[from] item: Leftovers\n|upkeep\n|turn|27\n|\n|t:|1695165094\n|cant|p2a: Iron Treads|slp\n|move|p1a: Skeledirge|Slack Off|p1a: Skeledirge\n|-heal|p1a: Skeledirge|100/100 par\n|\n|-sideend|p1: JeanC17|move: Aurora Veil\n|upkeep\n|turn|28\n|\n|t:|1695165098\n|-curestatus|p2a: Iron Treads|slp|[msg]\n|move|p2a: Iron Treads|Iron Head|p1a: Skeledirge\n|-damage|p1a: Skeledirge|72/100 par\n|cant|p1a: Skeledirge|flinch\n|\n|-heal|p1a: Skeledirge|78/100 par|[from] item: Leftovers\n|upkeep\n|turn|29\n|\n|t:|1695165106\n|move|p2a: Iron Treads|Iron Head|p1a: Skeledirge\n|-damage|p1a: Skeledirge|44/100 par\n|move|p1a: Skeledirge|Will-O-Wisp|p2a: Iron Treads\n|-status|p2a: Iron Treads|brn\n|\n|-heal|p1a: Skeledirge|50/100 par|[from] item: Leftovers\n|-damage|p2a: Iron Treads|45/100 brn|[from] brn\n|upkeep\n|turn|30\n|\n|t:|1695165112\n|move|p2a: Iron Treads|Iron Head|p1a: Skeledirge\n|-damage|p1a: Skeledirge|35/100 par\n|move|p1a: Skeledirge|Slack Off|p1a: Skeledirge\n|-heal|p1a: Skeledirge|85/100 par\n|\n|-heal|p1a: Skeledirge|92/100 par|[from] item: Leftovers\n|-damage|p2a: Iron Treads|39/100 brn|[from] brn\n|upkeep\n|turn|31\n|\n|t:|1695165123\n|move|p2a: Iron Treads|Iron Head|p1a: Skeledirge\n|-damage|p1a: Skeledirge|75/100 par\n|move|p1a: Skeledirge|Torch Song|p2a: Iron Treads\n|-supereffective|p2a: Iron Treads\n|-damage|p2a: Iron Treads|0 fnt\n|-boost|p1a: Skeledirge|spa|1\n|faint|p2a: Iron Treads\n|-end|p2a: Iron Treads|Quark Drive|[silent]\n|\n|-heal|p1a: Skeledirge|81/100 par|[from] item: Leftovers\n|upkeep\n|\n|t:|1695165127\n|switch|p2a: Okidogi|Okidogi, M|100/100\n|turn|32\n|\n|t:|1695165133\n|move|p2a: Okidogi|Knock Off|p1a: Skeledirge\n|-damage|p1a: Skeledirge|55/100 par\n|-enditem|p1a: Skeledirge|Leftovers|[from] move: Knock Off|[of] p2a: Okidogi\n|move|p1a: Skeledirge|Will-O-Wisp|p2a: Okidogi\n|-status|p2a: Okidogi|brn\n|\n|-damage|p2a: Okidogi|94/100 brn|[from] brn\n|upkeep\n|turn|33\n|\n|t:|1695165145\n|move|p2a: Okidogi|Drain Punch|p1a: Skeledirge\n|-damage|p1a: Skeledirge|40/100 par\n|-heal|p2a: Okidogi|100/100 brn|[from] drain|[of] p1a: Skeledirge\n|move|p1a: Skeledirge|Slack Off|p1a: Skeledirge\n|-heal|p1a: Skeledirge|90/100 par\n|\n|-damage|p2a: Okidogi|94/100 brn|[from] brn\n|upkeep\n|turn|34\n|-message|Cpt Shenanigans forfeited.\n|\n|win|JeanC17\n|raw|JeanC17's rating: 1317 &rarr; <strong>1343</strong><br />(+26 for winning)\n|raw|Cpt Shenanigans's rating: 1419 &rarr; <strong>1393</strong><br />(-26 for losing)\n|l|\u2606Cpt Shenanigans\n", "uploadtime": 1695165153, "views": 5, "p1id": "jeanc17", "p2id": "cptshenanigans", "formatid": "gen9ou", "rating": 1343, "private": 0, "password": ""}