{"id": "gen9ou-1947480716", "p1": "hayagreev123", "p2": "ToRocky4u", "format": "gen9ou", "log": "|j|\u2606hayagreev123\n|j|\u2606ToRocky4u\n|t:|1695164792\n|gametype|singles\n|player|p1|hayagreev123|266|1358\n|player|p2|ToRocky4u|delinquent|1398\n|teamsize|p1|6\n|teamsize|p2|6\n|gen|9\n|tier|[Gen 9] OU\n|rated|\n|rule|Sleep Clause Mod: Limit one foe put to sleep\n|rule|Species Clause: Limit one of each Pok\u00e9mon\n|rule|OHKO Clause: OHKO moves are banned\n|rule|Evasion Items Clause: Evasion items are banned\n|rule|Evasion Moves Clause: Evasion moves are banned\n|rule|Endless Battle Clause: Forcing endless battles is banned\n|rule|HP Percentage Mod: HP is shown in percentages\n|clearpoke\n|poke|p1|Ursaluna-Bloodmoon, M|\n|poke|p1|Okidogi, M|\n|poke|p1|Empoleon, F|\n|poke|p1|Weezing-Galar, F|\n|poke|p1|Roaring Moon|\n|poke|p1|Thundurus-Therian, M|\n|poke|p2|Sneasler, F|\n|poke|p2|Corviknight, F|\n|poke|p2|Mamoswine, F|\n|poke|p2|Kingambit, F|\n|poke|p2|Rotom-Wash|\n|poke|p2|Skeledirge, M|\n|teampreview\n|inactive|Battle timer is ON: inactive players will automatically lose when time's up. (requested by ToRocky4u)\n|\n|t:|1695164863\n|start\n|switch|p1a: Thundurus|Thundurus-Therian, M|100/100\n|switch|p2a: Sneasler|Sneasler, F|100/100\n|-item|p2a: Sneasler|Air Balloon\n|turn|1\n|\n|t:|1695164886\n|move|p1a: Thundurus|Volt Switch|p2a: Sneasler\n|-damage|p2a: Sneasler|44/100\n|-enditem|p2a: Sneasler|Air Balloon\n|\n|t:|1695164890\n|switch|p1a: Weezing|Weezing-Galar, F, shiny|100/100|[from] Volt Switch\n|move|p2a: Sneasler|U-turn|p1a: Weezing\n|-resisted|p1a: Weezing\n|-damage|p1a: Weezing|97/100\n|-damage|p2a: Sneasler|27/100|[from] item: Rocky Helmet|[of] p1a: Weezing\n|\n|t:|1695164910\n|switch|p2a: Kingambit|Kingambit, F|100/100|[from] U-turn\n|\n|upkeep\n|turn|2\n|\n|t:|1695164914\n|move|p2a: Kingambit|Iron Head|p1a: Weezing\n|-supereffective|p1a: Weezing\n|-damage|p1a: Weezing|37/100\n|-damage|p2a: Kingambit|84/100|[from] item: Rocky Helmet|[of] p1a: Weezing\n|move|p1a: Weezing|Will-O-Wisp|p2a: Kingambit|[miss]\n|-miss|p1a: Weezing|p2a: Kingambit\n|\n|upkeep\n|turn|3\n|\n|t:|1695164921\n|switch|p1a: Okidogi|Okidogi, M|100/100\n|move|p2a: Kingambit|Iron Head|p1a: Okidogi\n|-damage|p1a: Okidogi|57/100\n|\n|upkeep\n|turn|4\n|\n|t:|1695164936\n|switch|p1a: Weezing|Weezing-Galar, F, shiny|37/100\n|-end|p2a: Kingambit|fallenundefined|[silent]\n|switch|p2a: Corviknight|Corviknight, F|100/100\n|\n|upkeep\n|turn|5\n|\n|t:|1695164941\n|move|p2a: Corviknight|Brave Bird|p1a: Weezing\n|-damage|p1a: Weezing|11/100\n|-damage|p2a: Corviknight|84/100|[from] item: Rocky Helmet|[of] p1a: Weezing\n|-damage|p2a: Corviknight|77/100|[from] Recoil\n|move|p1a: Weezing|Pain Split|p2a: Corviknight\n|-sethp|p2a: Corviknight|43/100|[from] move: Pain Split|[silent]\n|-sethp|p1a: Weezing|52/100|[from] move: Pain Split\n|\n|upkeep\n|turn|6\n|\n|t:|1695164953\n|switch|p1a: Thundurus|Thundurus-Therian, M|100/100\n|move|p2a: Corviknight|Roost|p2a: Corviknight\n|-heal|p2a: Corviknight|93/100\n|-singleturn|p2a: Corviknight|move: Roost\n|\n|upkeep\n|turn|7\n|\n|t:|1695164966\n|switch|p2a: Mamoswine|Mamoswine, F|100/100\n|move|p1a: Thundurus|Focus Blast|p2a: Mamoswine\n|-supereffective|p2a: Mamoswine\n|-damage|p2a: Mamoswine|11/100\n|\n|upkeep\n|turn|8\n|\n|t:|1695164984\n|switch|p1a: Empoleon|Empoleon, F|100/100\n|switch|p2a: Skeledirge|Skeledirge, M|100/100\n|\n|upkeep\n|turn|9\n|\n|t:|1695164996\n|move|p2a: Skeledirge|Will-O-Wisp|p1a: Empoleon\n|-status|p1a: Empoleon|brn\n|move|p1a: Empoleon|Stealth Rock|p2a: Skeledirge\n|-sidestart|p2: ToRocky4u|move: Stealth Rock\n|\n|-damage|p1a: Empoleon|94/100 brn|[from] brn\n|upkeep\n|turn|10\n|\n|t:|1695165001\n|move|p2a: Skeledirge|Torch Song|p1a: Empoleon\n|-damage|p1a: Empoleon|75/100 brn\n|-boost|p2a: Skeledirge|spa|1\n|move|p1a: Empoleon|Flip Turn|p2a: Skeledirge\n|-supereffective|p2a: Skeledirge\n|-damage|p2a: Skeledirge|85/100\n|inactive|hayagreev123 has 120 seconds left.\n|\n|t:|1695165042\n|switch|p1a: Okidogi|Okidogi, M|57/100|[from] Flip Turn\n|\n|upkeep\n|turn|11\n|\n|t:|1695165049\n|move|p1a: Okidogi|Knock Off|p2a: Skeledirge\n|-supereffective|p2a: Skeledirge\n|-damage|p2a: Skeledirge|28/100\n|-enditem|p2a: Skeledirge|Heavy-Duty Boots|[from] move: Knock Off|[of] p1a: Okidogi\n|move|p2a: Skeledirge|Will-O-Wisp|p1a: Okidogi\n|-status|p1a: Okidogi|brn\n|\n|-damage|p1a: Okidogi|50/100 brn|[from] brn\n|upkeep\n|turn|12\n|j| HokageNarudo\n|inactive|hayagreev123 has 120 seconds left.\n|\n|t:|1695165063\n|move|p1a: Okidogi|High Horsepower|p2a: Skeledirge\n|-supereffective|p2a: Skeledirge\n|-damage|p2a: Skeledirge|0 fnt\n|faint|p2a: Skeledirge\n|\n|-damage|p1a: Okidogi|44/100 brn|[from] brn\n|upkeep\n|\n|t:|1695165068\n|switch|p2a: Corviknight|Corviknight, F|93/100\n|-damage|p2a: Corviknight|81/100|[from] Stealth Rock\n|turn|13\n|\n|t:|1695165072\n|move|p1a: Okidogi|Knock Off|p2a: Corviknight\n|-damage|p2a: Corviknight|70/100\n|-damage|p1a: Okidogi|28/100 brn|[from] item: Rocky Helmet|[of] p2a: Corviknight\n|-enditem|p2a: Corviknight|Rocky Helmet|[from] move: Knock Off|[of] p1a: Okidogi\n|move|p2a: Corviknight|Defog|p1a: Okidogi\n|-unboost|p1a: Okidogi|evasion|1\n|-sideend|p2: ToRocky4u|Stealth Rock|[from] move: Defog|[of] p2a: Corviknight\n|\n|-damage|p1a: Okidogi|21/100 brn|[from] brn\n|upkeep\n|turn|14\n|c| HokageNarudo|what it is hoe\n|c| HokageNarudo|crazy shawty fr\n|inactive|hayagreev123 has 120 seconds left.\n|\n|t:|1695165097\n|switch|p1a: Thundurus|Thundurus-Therian, M|100/100\n|move|p2a: Corviknight|Brave Bird|p1a: Thundurus\n|-resisted|p1a: Thundurus\n|-damage|p1a: Thundurus|71/100\n|-damage|p2a: Corviknight|63/100|[from] Recoil\n|\n|upkeep\n|turn|15\n|c| HokageNarudo|aura sphere him\n|inactive|hayagreev123 has 120 seconds left.\n|\n|t:|1695165114\n|move|p1a: Thundurus|Volt Switch|p2a: Corviknight\n|-supereffective|p2a: Corviknight\n|-damage|p2a: Corviknight|0 fnt\n|faint|p2a: Corviknight\n|c| HokageNarudo|Goodjob\n|\n|t:|1695165141\n|switch|p1a: Ursaluna|Ursaluna-Bloodmoon, M, shiny|100/100|[from] Volt Switch\n|\n|upkeep\n|\n|t:|1695165146\n|switch|p2a: Rotom|Rotom-Wash|100/100\n|turn|16\n|\n|t:|1695165155\n|switch|p1a: Okidogi|Okidogi, M|21/100 brn\n|move|p2a: Rotom|Hydro Pump|p1a: Okidogi\n|-damage|p1a: Okidogi|0 fnt\n|faint|p1a: Okidogi\n|\n|upkeep\n|inactive|hayagreev123 has 90 seconds left.\n|l|\u2606hayagreev123\n|inactive|hayagreev123 disconnected and has a minute to reconnect!\n|player|p1|\n|c|\u2606ToRocky4u|i might come back\n|j|\u2606hayagreev123\n|inactive|hayagreev123 reconnected and has 50 seconds left.\n|player|p1|hayagreev123|266\n|\n|t:|1695165228\n|switch|p1a: Thundurus|Thundurus-Therian, M|71/100\n|turn|17\n|\n|t:|1695165244\n|move|p1a: Thundurus|Thunderbolt|p2a: Rotom\n|-damage|p2a: Rotom|44/100\n|move|p2a: Rotom|Hydro Pump|p1a: Thundurus|[miss]\n|-miss|p2a: Rotom|p1a: Thundurus\n|\n|-heal|p2a: Rotom|50/100|[from] item: Leftovers\n|upkeep\n|turn|18\n|c| HokageNarudo|giidhob\n|c| HokageNarudo|goodjob\n|\n|t:|1695165257\n|switch|p1a: Empoleon|Empoleon, F|75/100 brn\n|switch|p2a: Mamoswine|Mamoswine, F|11/100\n|\n|-heal|p1a: Empoleon|81/100 brn|[from] item: Leftovers\n|-damage|p1a: Empoleon|75/100 brn|[from] brn\n|upkeep\n|turn|19\n|\n|t:|1695165266\n|switch|p1a: Weezing|Weezing-Galar, F, shiny|52/100\n|move|p2a: Mamoswine|Earthquake|p1a: Weezing\n|-immune|p1a: Weezing|[from] ability: Levitate\n|\n|upkeep\n|turn|20\n|\n|t:|1695165283\n|move|p2a: Mamoswine|Icicle Crash|p1a: Weezing\n|-crit|p1a: Weezing\n|-damage|p1a: Weezing|9/100\n|cant|p1a: Weezing|flinch\n|\n|upkeep\n|turn|21\n|\n|t:|1695165294\n|move|p2a: Mamoswine|Ice Shard|p1a: Weezing\n|-damage|p1a: Weezing|0 fnt\n|faint|p1a: Weezing\n|\n|upkeep\n|c| HokageNarudo|lucky bastard\n|c|\u2606ToRocky4u|PEEP GAME AND LOCK IN\n|inactive|hayagreev123 has 30 seconds left.\n|\n|t:|1695165310\n|switch|p1a: Roaring Moon|Roaring Moon|100/100\n|-enditem|p1a: Roaring Moon|Booster Energy\n|-activate|p1a: Roaring Moon|ability: Protosynthesis|[fromitem]\n|-start|p1a: Roaring Moon|protosynthesisatk\n|turn|22\n|\n|t:|1695165321\n|move|p2a: Mamoswine|Ice Shard|p1a: Roaring Moon\n|-supereffective|p1a: Roaring Moon\n|-damage|p1a: Roaring Moon|49/100\n|move|p1a: Roaring Moon|Scale Shot|p2a: Mamoswine\n|-damage|p2a: Mamoswine|0 fnt\n|faint|p2a: Mamoswine\n|-hitcount|p2: Mamoswine|1\n|-unboost|p1a: Roaring Moon|def|1\n|-boost|p1a: Roaring Moon|spe|1\n|\n|upkeep\n|\n|t:|1695165329\n|switch|p2a: Kingambit|Kingambit, F|84/100\n|-activate|p2a: Kingambit|ability: Supreme Overlord\n|-start|p2a: Kingambit|fallen3|[silent]\n|turn|23\n|\n|t:|1695165332\n|-terastallize|p2a: Kingambit|Dark\n|move|p2a: Kingambit|Sucker Punch|p1a: Roaring Moon\n|-resisted|p1a: Roaring Moon\n|-damage|p1a: Roaring Moon|0 fnt\n|faint|p1a: Roaring Moon\n|-end|p1a: Roaring Moon|Protosynthesis|[silent]\n|\n|upkeep\n|c|\u2606ToRocky4u|PEEP PEEP\n|\n|t:|1695165351\n|switch|p1a: Ursaluna|Ursaluna-Bloodmoon, M, shiny|100/100\n|turn|24\n|\n|t:|1695165362\n|-end|p2a: Kingambit|fallen3|[silent]\n|switch|p2a: Sneasler|Sneasler, F|27/100\n|move|p1a: Ursaluna|Blood Moon|p2a: Sneasler\n|-damage|p2a: Sneasler|0 fnt\n|faint|p2a: Sneasler\n|\n|upkeep\n|c| HokageNarudo|sucker punch is doing a calm 40%\n|\n|t:|1695165367\n|switch|p2a: Rotom|Rotom-Wash|50/100\n|turn|25\n|c| HokageNarudo|LOL\n|\n|t:|1695165372\n|switch|p1a: Empoleon|Empoleon, F|75/100 brn\n|move|p2a: Rotom|Hydro Pump|p1a: Empoleon\n|-resisted|p1a: Empoleon\n|-damage|p1a: Empoleon|63/100 brn\n|\n|-heal|p2a: Rotom|57/100|[from] item: Leftovers\n|-heal|p1a: Empoleon|69/100 brn|[from] item: Leftovers\n|-damage|p1a: Empoleon|63/100 brn|[from] brn\n|upkeep\n|turn|26\n|inactive|hayagreev123 has 60 seconds left.\n|\n|t:|1695165384\n|move|p2a: Rotom|Hydro Pump|p1a: Empoleon\n|-resisted|p1a: Empoleon\n|-damage|p1a: Empoleon|51/100 brn\n|move|p1a: Empoleon|Flip Turn|p2a: Rotom\n|-resisted|p2a: Rotom\n|-damage|p2a: Rotom|53/100\n|c|\u2606ToRocky4u|OML\n|inactive|hayagreev123 has 30 seconds left.\n|\n|t:|1695165421\n|switch|p1a: Thundurus|Thundurus-Therian, M|71/100|[from] Flip Turn\n|\n|-heal|p2a: Rotom|59/100|[from] item: Leftovers\n|upkeep\n|turn|27\n|inactive|hayagreev123 has 30 seconds left.\n|\n|t:|1695165427\n|move|p1a: Thundurus|Volt Switch|p2a: Rotom\n|-damage|p2a: Rotom|16/100\n|\n|t:|1695165429\n|switch|p1a: Empoleon|Empoleon, F|51/100 brn|[from] Volt Switch\n|move|p2a: Rotom|Hydro Pump|p1a: Empoleon\n|-resisted|p1a: Empoleon\n|-damage|p1a: Empoleon|37/100 brn\n|\n|-heal|p2a: Rotom|22/100|[from] item: Leftovers\n|-heal|p1a: Empoleon|43/100 brn|[from] item: Leftovers\n|-damage|p1a: Empoleon|37/100 brn|[from] brn\n|upkeep\n|turn|28\n|\n|t:|1695165433\n|move|p2a: Rotom|Discharge|p1a: Empoleon\n|-supereffective|p1a: Empoleon\n|-damage|p1a: Empoleon|0 fnt\n|faint|p1a: Empoleon\n|\n|-heal|p2a: Rotom|28/100|[from] item: Leftovers\n|upkeep\n|\n|t:|1695165437\n|switch|p1a: Thundurus|Thundurus-Therian, M|71/100\n|turn|29\n|\n|t:|1695165442\n|move|p1a: Thundurus|Thunderbolt|p2a: Rotom\n|-damage|p2a: Rotom|0 fnt\n|faint|p2a: Rotom\n|\n|upkeep\n|\n|t:|1695165444\n|switch|p2a: Kingambit|Kingambit, F, tera:Dark|84/100\n|-activate|p2a: Kingambit|ability: Supreme Overlord\n|-start|p2a: Kingambit|fallen5|[silent]\n|turn|30\n|\n|t:|1695165448\n|move|p2a: Kingambit|Sucker Punch|p1a: Thundurus\n|-damage|p1a: Thundurus|0 fnt\n|faint|p1a: Thundurus\n|\n|upkeep\n|\n|t:|1695165450\n|switch|p1a: Ursaluna|Ursaluna-Bloodmoon, M, shiny|100/100\n|turn|31\n|\n|t:|1695165457\n|move|p2a: Kingambit|Kowtow Cleave|p1a: Ursaluna\n|-damage|p1a: Ursaluna|48/100\n|move|p1a: Ursaluna|Moonlight|p1a: Ursaluna\n|-heal|p1a: Ursaluna|98/100\n|\n|-heal|p1a: Ursaluna|100/100|[from] item: Leftovers\n|upkeep\n|turn|32\n|\n|t:|1695165469\n|move|p2a: Kingambit|Kowtow Cleave|p1a: Ursaluna\n|-damage|p1a: Ursaluna|45/100\n|move|p1a: Ursaluna|Blood Moon|p2a: Kingambit\n|-damage|p2a: Kingambit|16/100\n|\n|-heal|p1a: Ursaluna|51/100|[from] item: Leftovers\n|upkeep\n|turn|33\n|c|\u2606ToRocky4u|gg\n|\n|t:|1695165477\n|move|p2a: Kingambit|Kowtow Cleave|p1a: Ursaluna\n|-damage|p1a: Ursaluna|0 fnt\n|faint|p1a: Ursaluna\n|\n|win|ToRocky4u\n|raw|hayagreev123's rating: 1358 &rarr; <strong>1340</strong><br />(-18 for losing)\n|raw|ToRocky4u's rating: 1398 &rarr; <strong>1416</strong><br />(+18 for winning)\n|c|\u2606ToRocky4u|GG\n|c|\u2606ToRocky4u|G\n|c|\u2606ToRocky4u|G\n|c|\u2606ToRocky4u|G\n|c|\u2606ToRocky4u|GG\n|c|\u2606ToRocky4u|G\n|c|\u2606ToRocky4u|G\n|c|\u2606ToRocky4u|GG\n|c|\u2606ToRocky4u|G\n|c|\u2606ToRocky4u|GG\n|c|\u2606ToRocky4u|G\n|c|\u2606ToRocky4u|G\n|c|\u2606ToRocky4u|G\n|l|\u2606hayagreev123\n|c|\u2606ToRocky4u|G\n", "uploadtime": 1695165496, "views": 2, "p1id": "hayagreev123", "p2id": "torocky4u", "formatid": "gen9ou", "rating": 1340, "private": 0, "password": ""}