{"id": "gen9ou-1947559491", "p1": "Jop let down again", "p2": "Neighborhood Crip", "format": "gen9ou", "log": "|j|\u2606Jop let down again\n|j|\u2606Neighborhood Crip\n|t:|1695172536\n|gametype|singles\n|player|p1|Jop let down again|lillie|1156\n|player|p2|Neighborhood Crip|266|1189\n|teamsize|p1|6\n|teamsize|p2|6\n|gen|9\n|tier|[Gen 9] OU\n|rated|\n|rule|Sleep Clause Mod: Limit one foe put to sleep\n|rule|Species Clause: Limit one of each Pok\u00e9mon\n|rule|OHKO Clause: OHKO moves are banned\n|rule|Evasion Items Clause: Evasion items are banned\n|rule|Evasion Moves Clause: Evasion moves are banned\n|rule|Endless Battle Clause: Forcing endless battles is banned\n|rule|HP Percentage Mod: HP is shown in percentages\n|clearpoke\n|poke|p1|Iron Moth|\n|poke|p1|Ursaluna-Bloodmoon, M|\n|poke|p1|Great Tusk|\n|poke|p1|Kingambit, M|\n|poke|p1|Dragonite, F|\n|poke|p1|Iron Valiant|\n|poke|p2|Ursaluna-Bloodmoon, M|\n|poke|p2|Clefable, F|\n|poke|p2|Corviknight, F|\n|poke|p2|Cinderace, M|\n|poke|p2|Munkidori, M|\n|poke|p2|Dragapult, F|\n|teampreview\n|inactive|Battle timer is ON: inactive players will automatically lose when time's up. (requested by Jop let down again)\n|inactive|Neighborhood Crip has 120 seconds left.\n|\n|t:|1695172587\n|start\n|switch|p1a: Iron Moth|Iron Moth|100/100\n|switch|p2a: Clefable|Clefable, F, shiny|100/100\n|-enditem|p1a: Iron Moth|Booster Energy\n|-activate|p1a: Iron Moth|ability: Quark Drive|[fromitem]\n|-start|p1a: Iron Moth|quarkdrivespe\n|turn|1\n|\n|t:|1695172598\n|-terastallize|p2a: Clefable|Water\n|move|p1a: Iron Moth|Fiery Dance|p2a: Clefable\n|-resisted|p2a: Clefable\n|-damage|p2a: Clefable|88/100\n|move|p2a: Clefable|Thunder Wave|p1a: Iron Moth\n|-status|p1a: Iron Moth|par\n|\n|-heal|p2a: Clefable|94/100|[from] item: Leftovers\n|upkeep\n|turn|2\n|\n|t:|1695172613\n|switch|p2a: Ursaluna|Ursaluna-Bloodmoon, M, shiny|100/100\n|move|p1a: Iron Moth|Toxic Spikes|p2a: Ursaluna\n|-sidestart|p2: Neighborhood Crip|move: Toxic Spikes\n|\n|upkeep\n|turn|3\n|\n|t:|1695172617\n|-end|p1a: Iron Moth|Quark Drive|[silent]\n|switch|p1a: Dragonite|Dragonite, F|100/100\n|move|p2a: Ursaluna|Calm Mind|p2a: Ursaluna\n|-boost|p2a: Ursaluna|spa|1\n|-boost|p2a: Ursaluna|spd|1\n|\n|upkeep\n|turn|4\n|\n|t:|1695172637\n|move|p1a: Dragonite|Encore|p2a: Ursaluna\n|-start|p2a: Ursaluna|Encore\n|move|p2a: Ursaluna|Calm Mind|p2a: Ursaluna\n|-boost|p2a: Ursaluna|spa|1\n|-boost|p2a: Ursaluna|spd|1\n|\n|upkeep\n|turn|5\n|\n|t:|1695172649\n|move|p1a: Dragonite|Dragon Dance|p1a: Dragonite\n|-boost|p1a: Dragonite|atk|1\n|-boost|p1a: Dragonite|spe|1\n|move|p2a: Ursaluna|Calm Mind|p2a: Ursaluna\n|-boost|p2a: Ursaluna|spa|1\n|-boost|p2a: Ursaluna|spd|1\n|\n|upkeep\n|turn|6\n|\n|t:|1695172654\n|move|p1a: Dragonite|Earthquake|p2a: Ursaluna\n|-damage|p2a: Ursaluna|60/100\n|move|p2a: Ursaluna|Calm Mind|p2a: Ursaluna\n|-boost|p2a: Ursaluna|spa|1\n|-boost|p2a: Ursaluna|spd|1\n|\n|-heal|p2a: Ursaluna|66/100|[from] item: Leftovers\n|-end|p2a: Ursaluna|Encore\n|upkeep\n|turn|7\n|\n|t:|1695172666\n|move|p2a: Ursaluna|Vacuum Wave|p1a: Dragonite\n|-resisted|p1a: Dragonite\n|-damage|p1a: Dragonite|88/100\n|move|p1a: Dragonite|Earthquake|p2a: Ursaluna\n|-damage|p2a: Ursaluna|25/100\n|\n|-heal|p2a: Ursaluna|31/100|[from] item: Leftovers\n|upkeep\n|turn|8\n|\n|t:|1695172673\n|move|p1a: Dragonite|Earthquake|p2a: Ursaluna\n|-damage|p2a: Ursaluna|0 fnt\n|faint|p2a: Ursaluna\n|\n|upkeep\n|\n|t:|1695172680\n|switch|p2a: Dragapult|Dragapult, F|100/100\n|turn|9\n|\n|t:|1695172693\n|switch|p1a: Iron Moth|Iron Moth|100/100 par\n|move|p2a: Dragapult|Dragon Darts|p1a: Iron Moth\n|-damage|p1a: Iron Moth|63/100 par\n|-anim|p2a: Dragapult|Dragon Darts|p1a: Iron Moth\n|-damage|p1a: Iron Moth|25/100 par\n|\n|upkeep\n|turn|10\n|\n|t:|1695172700\n|move|p2a: Dragapult|Dragon Darts|p1a: Iron Moth\n|-damage|p1a: Iron Moth|0 fnt\n|faint|p1a: Iron Moth\n|-end|p1a: Iron Moth|Quark Drive|[silent]\n|\n|upkeep\n|\n|t:|1695172714\n|switch|p1a: Iron Valiant|Iron Valiant|100/100\n|-enditem|p1a: Iron Valiant|Booster Energy\n|-activate|p1a: Iron Valiant|ability: Quark Drive|[fromitem]\n|-start|p1a: Iron Valiant|quarkdrivespe\n|turn|11\n|\n|t:|1695172722\n|switch|p2a: Clefable|Clefable, F, shiny, tera:Water|94/100\n|-status|p2a: Clefable|psn\n|move|p1a: Iron Valiant|Calm Mind|p1a: Iron Valiant\n|-boost|p1a: Iron Valiant|spa|1\n|-boost|p1a: Iron Valiant|spd|1\n|\n|-heal|p2a: Clefable|99/100 psn|[from] item: Leftovers\n|upkeep\n|turn|12\n|\n|t:|1695172731\n|-terastallize|p1a: Iron Valiant|Electric\n|move|p1a: Iron Valiant|Calm Mind|p1a: Iron Valiant\n|-boost|p1a: Iron Valiant|spa|1\n|-boost|p1a: Iron Valiant|spd|1\n|move|p2a: Clefable|Moonblast|p1a: Iron Valiant\n|-damage|p1a: Iron Valiant|71/100\n|\n|-heal|p2a: Clefable|100/100 psn|[from] item: Leftovers\n|upkeep\n|turn|13\n|\n|t:|1695172744\n|move|p1a: Iron Valiant|Thunderbolt|p2a: Clefable\n|-supereffective|p2a: Clefable\n|-damage|p2a: Clefable|0 fnt\n|faint|p2a: Clefable\n|\n|upkeep\n|\n|t:|1695172760\n|switch|p2a: Munkidori|Munkidori, M|100/100\n|-sideend|p2: Neighborhood Crip|move: Toxic Spikes|[of] p2a: Munkidori\n|turn|14\n|\n|t:|1695172765\n|move|p1a: Iron Valiant|Thunderbolt|p2a: Munkidori\n|-damage|p2a: Munkidori|0 fnt\n|faint|p2a: Munkidori\n|\n|upkeep\n|\n|t:|1695172771\n|switch|p2a: Cinderace|Cinderace, M, shiny|100/100\n|turn|15\n|\n|t:|1695172775\n|move|p2a: Cinderace|Sucker Punch|p1a: Iron Valiant\n|-start|p2a: Cinderace|typechange|Dark|[from] ability: Libero\n|-damage|p1a: Iron Valiant|25/100\n|move|p1a: Iron Valiant|Thunderbolt|p2a: Cinderace\n|-damage|p2a: Cinderace|0 fnt\n|faint|p2a: Cinderace\n|\n|upkeep\n|\n|t:|1695172780\n|switch|p2a: Corviknight|Corviknight, F, shiny|100/100\n|turn|16\n|\n|t:|1695172782\n|move|p1a: Iron Valiant|Thunderbolt|p2a: Corviknight\n|-supereffective|p2a: Corviknight\n|-damage|p2a: Corviknight|0 fnt\n|faint|p2a: Corviknight\n|\n|upkeep\n|\n|t:|1695172785\n|switch|p2a: Dragapult|Dragapult, F|100/100\n|turn|17\n|\n|t:|1695172786\n|move|p1a: Iron Valiant|Moonblast|p2a: Dragapult\n|-supereffective|p2a: Dragapult\n|-damage|p2a: Dragapult|0 fnt\n|faint|p2a: Dragapult\n|\n|win|Jop let down again\n|raw|Jop let down again's rating: 1156 &rarr; <strong>1183</strong><br />(+27 for winning)\n|raw|Neighborhood Crip's rating: 1189 &rarr; <strong>1162</strong><br />(-27 for losing)\n", "uploadtime": 1695172792, "views": 4, "p1id": "jopletdownagain", "p2id": "neighborhoodcrip", "formatid": "gen9ou", "rating": 1162, "private": 0, "password": ""}