{"id": "gen9ou-1947556277", "p1": "Invader ZlM", "p2": "chaperonrouge33", "format": "gen9ou", "log": "|j|\u2606Invader ZlM\n|j|\u2606chaperonrouge33\n|t:|1695172219\n|gametype|singles\n|player|p1|Invader ZlM|265|1066\n|player|p2|chaperonrouge33|picnicker|1051\n|teamsize|p1|6\n|teamsize|p2|6\n|gen|9\n|tier|[Gen 9] OU\n|rated|\n|rule|Sleep Clause Mod: Limit one foe put to sleep\n|rule|Species Clause: Limit one of each Pok\u00e9mon\n|rule|OHKO Clause: OHKO moves are banned\n|rule|Evasion Items Clause: Evasion items are banned\n|rule|Evasion Moves Clause: Evasion moves are banned\n|rule|Endless Battle Clause: Forcing endless battles is banned\n|rule|HP Percentage Mod: HP is shown in percentages\n|clearpoke\n|poke|p1|Great Tusk|\n|poke|p1|Dragonite, M|\n|poke|p1|Glimmora, M|\n|poke|p1|Gholdengo|\n|poke|p1|Breloom, M|\n|poke|p1|Dondozo, M|\n|poke|p2|Ogerpon, F|\n|poke|p2|Glimmora, M|\n|poke|p2|Dragapult, M|\n|poke|p2|Iron Valiant|\n|poke|p2|Roaring Moon|\n|poke|p2|Moltres|\n|teampreview\n|inactive|Battle timer is ON: inactive players will automatically lose when time's up. (requested by chaperonrouge33)\n|\n|t:|1695172229\n|start\n|switch|p1a: Dragonite|Dragonite, M, shiny|100/100\n|switch|p2a: Glimmora|Glimmora, M|100/100\n|turn|1\n|\n|t:|1695172239\n|move|p2a: Glimmora|Stealth Rock|p1a: Dragonite\n|-sidestart|p1: Invader ZlM|move: Stealth Rock\n|move|p1a: Dragonite|Dragon Dance|p1a: Dragonite\n|-boost|p1a: Dragonite|atk|1\n|-boost|p1a: Dragonite|spe|1\n|\n|upkeep\n|turn|2\n|\n|t:|1695172245\n|move|p1a: Dragonite|Dragon Dance|p1a: Dragonite\n|-boost|p1a: Dragonite|atk|1\n|-boost|p1a: Dragonite|spe|1\n|move|p2a: Glimmora|Mortal Spin|p1a: Dragonite\n|-damage|p1a: Dragonite|97/100\n|-status|p1a: Dragonite|psn\n|\n|-heal|p1a: Dragonite|100/100 psn|[from] item: Leftovers\n|-damage|p1a: Dragonite|88/100 psn|[from] psn\n|upkeep\n|turn|3\n|\n|t:|1695172257\n|move|p1a: Dragonite|Outrage|p2a: Glimmora\n|-enditem|p2a: Glimmora|Focus Sash\n|-damage|p2a: Glimmora|1/100\n|-activate|p2a: Glimmora|ability: Toxic Debris\n|-sidestart|p1: Invader ZlM|move: Toxic Spikes\n|move|p2a: Glimmora|Sludge Wave|p1a: Dragonite\n|-damage|p1a: Dragonite|35/100 psn\n|\n|-heal|p1a: Dragonite|42/100 psn|[from] item: Leftovers\n|-damage|p1a: Dragonite|29/100 psn|[from] psn\n|upkeep\n|turn|4\n|\n|t:|1695172271\n|switch|p2a: Iron Valiant|Iron Valiant|100/100\n|move|p1a: Dragonite|Outrage|p2a: Iron Valiant|[from]lockedmove\n|-immune|p2a: Iron Valiant\n|\n|-heal|p1a: Dragonite|35/100 psn|[from] item: Leftovers\n|-damage|p1a: Dragonite|23/100 psn|[from] psn\n|upkeep\n|turn|5\n|\n|t:|1695172290\n|move|p1a: Dragonite|Extreme Speed|p2a: Iron Valiant\n|-crit|p2a: Iron Valiant\n|-damage|p2a: Iron Valiant|0 fnt\n|faint|p2a: Iron Valiant\n|-end|p2a: Iron Valiant|Quark Drive|[silent]\n|\n|-heal|p1a: Dragonite|29/100 psn|[from] item: Leftovers\n|-damage|p1a: Dragonite|17/100 psn|[from] psn\n|upkeep\n|\n|t:|1695172305\n|switch|p2a: Dragapult|Dragapult, M|100/100\n|turn|6\n|\n|t:|1695172311\n|switch|p2a: Glimmora|Glimmora, M|1/100\n|move|p1a: Dragonite|Outrage|p2a: Glimmora\n|-damage|p2a: Glimmora|0 fnt\n|-activate|p2a: Glimmora|ability: Toxic Debris\n|-sidestart|p1: Invader ZlM|move: Toxic Spikes\n|faint|p2a: Glimmora\n|\n|-heal|p1a: Dragonite|23/100 psn|[from] item: Leftovers\n|-damage|p1a: Dragonite|11/100 psn|[from] psn\n|upkeep\n|inactive|chaperonrouge33 has 120 seconds left.\n|\n|t:|1695172337\n|switch|p2a: Moltres|Moltres|100/100\n|turn|7\n|inactive|chaperonrouge33 has 120 seconds left.\n|\n|t:|1695172342\n|move|p1a: Dragonite|Outrage|p2a: Moltres|[from]lockedmove\n|-damage|p2a: Moltres|0 fnt\n|faint|p2a: Moltres\n|\n|-heal|p1a: Dragonite|17/100 psn|[from] item: Leftovers\n|-damage|p1a: Dragonite|5/100 psn|[from] psn\n|upkeep\n|inactive|chaperonrouge33 has 120 seconds left.\n|\n|t:|1695172351\n|switch|p2a: Roaring Moon|Roaring Moon|100/100\n|-enditem|p2a: Roaring Moon|Booster Energy\n|-activate|p2a: Roaring Moon|ability: Protosynthesis|[fromitem]\n|-start|p2a: Roaring Moon|protosynthesisatk\n|turn|8\n|\n|t:|1695172357\n|move|p1a: Dragonite|Outrage|p2a: Roaring Moon|[from]lockedmove\n|-supereffective|p2a: Roaring Moon\n|-damage|p2a: Roaring Moon|0 fnt\n|faint|p2a: Roaring Moon\n|-end|p2a: Roaring Moon|Protosynthesis|[silent]\n|-start|p1a: Dragonite|confusion|[fatigue]\n|\n|-heal|p1a: Dragonite|11/100 psn|[from] item: Leftovers\n|-damage|p1a: Dragonite|0 fnt|[from] psn\n|faint|p1a: Dragonite\n|upkeep\n|\n|t:|1695172372\n|switch|p2a: Ogerpon|Ogerpon, F|100/100\n|switch|p1a: Great Tusk|Great Tusk|100/100\n|-damage|p1a: Great Tusk|98/100|[from] Stealth Rock\n|-status|p1a: Great Tusk|tox\n|turn|9\n|\n|t:|1695172382\n|move|p2a: Ogerpon|Swords Dance|p2a: Ogerpon\n|-boost|p2a: Ogerpon|atk|2\n|move|p1a: Great Tusk|Close Combat|p2a: Ogerpon\n|-damage|p2a: Ogerpon|0 fnt\n|-unboost|p1a: Great Tusk|def|1\n|-unboost|p1a: Great Tusk|spd|1\n|faint|p2a: Ogerpon\n|\n|-damage|p1a: Great Tusk|91/100 tox|[from] psn\n|upkeep\n|inactive|chaperonrouge33 has 120 seconds left.\n|\n|t:|1695172394\n|switch|p2a: Dragapult|Dragapult, M|100/100\n|turn|10\n|\n|t:|1695172400\n|-end|p1a: Great Tusk|Protosynthesis|[silent]\n|switch|p1a: Breloom|Breloom, M|100/100\n|-damage|p1a: Breloom|94/100|[from] Stealth Rock\n|-status|p1a: Breloom|tox\n|move|p2a: Dragapult|Dragon Dance|p2a: Dragapult\n|-boost|p2a: Dragapult|atk|1\n|-boost|p2a: Dragapult|spe|1\n|\n|-damage|p1a: Breloom|88/100 tox|[from] psn\n|upkeep\n|turn|11\n|\n|t:|1695172414\n|-terastallize|p2a: Dragapult|Dragon\n|move|p2a: Dragapult|Dragon Darts|p1a: Breloom\n|-damage|p1a: Breloom|6/100 tox\n|-anim|p2a: Dragapult|Dragon Darts|p1a: Breloom\n|-damage|p1a: Breloom|0 fnt\n|faint|p1a: Breloom\n|\n|upkeep\n|\n|t:|1695172427\n|switch|p1a: Glimmora|Glimmora, M|100/100\n|-damage|p1a: Glimmora|88/100|[from] Stealth Rock\n|-sideend|p1: Invader ZlM|move: Toxic Spikes|[of] p1a: Glimmora\n|turn|12\n|\n|t:|1695172432\n|move|p2a: Dragapult|Dragon Darts|p1a: Glimmora\n|-damage|p1a: Glimmora|35/100\n|-activate|p1a: Glimmora|ability: Toxic Debris\n|-sidestart|p2: chaperonrouge33|move: Toxic Spikes\n|-anim|p2a: Dragapult|Dragon Darts|p1a: Glimmora\n|-damage|p1a: Glimmora|0 fnt\n|-activate|p1a: Glimmora|ability: Toxic Debris\n|-sidestart|p2: chaperonrouge33|move: Toxic Spikes\n|faint|p1a: Glimmora\n|\n|upkeep\n|\n|t:|1695172444\n|switch|p1a: Great Tusk|Great Tusk|91/100 tox\n|-damage|p1a: Great Tusk|88/100 tox|[from] Stealth Rock\n|turn|13\n|\n|t:|1695172451\n|move|p2a: Dragapult|Dragon Darts|p1a: Great Tusk\n|-damage|p1a: Great Tusk|50/100 tox\n|-anim|p2a: Dragapult|Dragon Darts|p1a: Great Tusk\n|-damage|p1a: Great Tusk|12/100 tox\n|move|p1a: Great Tusk|Knock Off|p2a: Dragapult\n|-damage|p2a: Dragapult|36/100\n|-enditem|p2a: Dragapult|Heavy-Duty Boots|[from] move: Knock Off|[of] p1a: Great Tusk\n|\n|-damage|p1a: Great Tusk|6/100 tox|[from] psn\n|upkeep\n|turn|14\n|\n|t:|1695172464\n|move|p2a: Dragapult|Dragon Darts|p1a: Great Tusk\n|-damage|p1a: Great Tusk|0 fnt\n|faint|p1a: Great Tusk\n|-end|p1a: Great Tusk|Protosynthesis|[silent]\n|\n|upkeep\n|\n|t:|1695172466\n|switch|p1a: Dondozo|Dondozo, M|100/100\n|-damage|p1a: Dondozo|88/100|[from] Stealth Rock\n|turn|15\n|\n|t:|1695172476\n|move|p2a: Dragapult|Dragon Darts|p1a: Dondozo\n|-damage|p1a: Dondozo|69/100\n|-anim|p2a: Dragapult|Dragon Darts|p1a: Dondozo\n|-damage|p1a: Dondozo|48/100\n|move|p1a: Dondozo|Zen Headbutt|p2a: Dragapult\n|-crit|p2a: Dragapult\n|-damage|p2a: Dragapult|0 fnt\n|faint|p2a: Dragapult\n|\n|win|Invader ZlM\n|raw|Invader ZlM's rating: 1066 &rarr; <strong>1095</strong><br />(+29 for winning)\n|raw|chaperonrouge33's rating: 1051 &rarr; <strong>1034</strong><br />(-17 for losing)\n", "uploadtime": 1695172488, "views": 2, "p1id": "invaderzlm", "p2id": "chaperonrouge33", "formatid": "gen9ou", "rating": 1034, "private": 0, "password": ""}