{"id": "gen9ou-1947528510", "p1": "samsam du demon", "p2": "snurke", "format": "gen9ou", "log": "|j|\u2606samsam du demon\n|j|\u2606snurke\n|t:|1695169530\n|gametype|singles\n|player|p1|samsam du demon|102|1525\n|player|p2|snurke|sisandbro|1508\n|teamsize|p1|6\n|teamsize|p2|6\n|gen|9\n|tier|[Gen 9] OU\n|rated|\n|rule|Sleep Clause Mod: Limit one foe put to sleep\n|rule|Species Clause: Limit one of each Pok\u00e9mon\n|rule|OHKO Clause: OHKO moves are banned\n|rule|Evasion Items Clause: Evasion items are banned\n|rule|Evasion Moves Clause: Evasion moves are banned\n|rule|Endless Battle Clause: Forcing endless battles is banned\n|rule|HP Percentage Mod: HP is shown in percentages\n|clearpoke\n|poke|p1|Dragapult, M|\n|poke|p1|Landorus-Therian, M|\n|poke|p1|Volcanion|\n|poke|p1|Staraptor, F|\n|poke|p1|Ursaluna-Bloodmoon, M|\n|poke|p1|Gholdengo|\n|poke|p2|Torterra, F|\n|poke|p2|Ninetales-Alola, F|\n|poke|p2|Corviknight, F|\n|poke|p2|Manaphy|\n|poke|p2|Ursaluna-Bloodmoon, M|\n|poke|p2|Garganacl, F|\n|teampreview\n|\n|t:|1695169540\n|start\n|switch|p1a: Gholdengo|Gholdengo|100/100\n|switch|p2a: Ninetales|Ninetales-Alola, F, shiny|100/100\n|-weather|Snow|[from] ability: Snow Warning|[of] p2a: Ninetales\n|turn|1\n|inactive|Battle timer is ON: inactive players will automatically lose when time's up. (requested by snurke)\n|\n|t:|1695169547\n|move|p2a: Ninetales|Aurora Veil|p2a: Ninetales\n|-sidestart|p2: snurke|move: Aurora Veil\n|move|p1a: Gholdengo|Make It Rain|p2a: Ninetales\n|-supereffective|p2a: Ninetales\n|-damage|p2a: Ninetales|0 fnt\n|-unboost|p1a: Gholdengo|spa|1\n|faint|p2a: Ninetales\n|\n|-weather|Snow|[upkeep]\n|upkeep\n|\n|t:|1695169557\n|switch|p2a: Torterra|Torterra, F, shiny|100/100\n|turn|2\n|inactive|samsam du demon has 120 seconds left.\n|inactive|samsam du demon has 90 seconds left.\n|\n|t:|1695169625\n|switch|p1a: Landorus|Landorus-Therian, M|100/100\n|-ability|p1a: Landorus|Intimidate|boost\n|-unboost|p2a: Torterra|atk|1\n|move|p2a: Torterra|Shell Smash|p2a: Torterra\n|-unboost|p2a: Torterra|def|1\n|-unboost|p2a: Torterra|spd|1\n|-boost|p2a: Torterra|atk|2\n|-boost|p2a: Torterra|spa|2\n|-boost|p2a: Torterra|spe|2\n|\n|-weather|Snow|[upkeep]\n|upkeep\n|turn|3\n|inactive|samsam du demon has 90 seconds left.\n|inactive|snurke has 120 seconds left.\n|\n|t:|1695169668\n|-terastallize|p2a: Torterra|Ice\n|move|p2a: Torterra|Shell Smash|p2a: Torterra\n|-unboost|p2a: Torterra|def|1\n|-unboost|p2a: Torterra|spd|1\n|-boost|p2a: Torterra|atk|2\n|-boost|p2a: Torterra|spa|2\n|-boost|p2a: Torterra|spe|2\n|move|p1a: Landorus|U-turn|p2a: Torterra\n|-damage|p2a: Torterra|72/100\n|\n|t:|1695169695\n|switch|p1a: Staraptor|Staraptor, F|100/100|[from] U-turn\n|-ability|p1a: Staraptor|Intimidate|boost\n|-unboost|p2a: Torterra|atk|1\n|\n|-weather|Snow|[upkeep]\n|upkeep\n|turn|4\n|\n|t:|1695169701\n|move|p2a: Torterra|Tera Blast|p1a: Staraptor\n|-supereffective|p1a: Staraptor\n|-damage|p1a: Staraptor|0 fnt\n|faint|p1a: Staraptor\n|-damage|p2a: Torterra|62/100|[from] item: Life Orb\n|\n|-weather|Snow|[upkeep]\n|upkeep\n|inactive|samsam du demon has 60 seconds left.\n|\n|t:|1695169718\n|switch|p1a: Landorus|Landorus-Therian, M|100/100\n|-ability|p1a: Landorus|Intimidate|boost\n|-unboost|p2a: Torterra|atk|1\n|turn|5\n|\n|t:|1695169727\n|move|p2a: Torterra|Giga Drain|p1a: Landorus\n|-damage|p1a: Landorus|16/100\n|-heal|p2a: Torterra|100/100|[from] drain|[of] p1a: Landorus\n|-damage|p2a: Torterra|91/100|[from] item: Life Orb\n|move|p1a: Landorus|Hammer Arm|p2a: Torterra\n|-supereffective|p2a: Torterra\n|-damage|p2a: Torterra|12/100\n|-unboost|p1a: Landorus|spe|1\n|\n|-weather|none\n|upkeep\n|turn|6\n|inactive|samsam du demon has 60 seconds left.\n|\n|t:|1695169756\n|move|p2a: Torterra|Giga Drain|p1a: Landorus\n|-damage|p1a: Landorus|0 fnt\n|-heal|p2a: Torterra|21/100|[from] drain|[of] p1a: Landorus\n|faint|p1a: Landorus\n|-damage|p2a: Torterra|11/100|[from] item: Life Orb\n|\n|upkeep\n|\n|t:|1695169778\n|switch|p1a: Dragapult|Dragapult, M|100/100\n|turn|7\n|\n|t:|1695169781\n|move|p1a: Dragapult|Sucker Punch|p2a: Torterra\n|-damage|p2a: Torterra|0 fnt\n|faint|p2a: Torterra\n|\n|upkeep\n|\n|t:|1695169807\n|switch|p2a: Manaphy|Manaphy, shiny|100/100\n|turn|8\n|\n|t:|1695169814\n|switch|p1a: Gholdengo|Gholdengo|100/100\n|move|p2a: Manaphy|Acid Armor|p2a: Manaphy\n|-boost|p2a: Manaphy|def|2\n|\n|-sideend|p2: snurke|move: Aurora Veil\n|upkeep\n|turn|9\n|\n|t:|1695169820\n|move|p2a: Manaphy|Take Heart|p2a: Manaphy\n|-boost|p2a: Manaphy|spa|1\n|-boost|p2a: Manaphy|spd|1\n|move|p1a: Gholdengo|Trick|p2a: Manaphy\n|-activate|p1a: Gholdengo|move: Trick|[of] p2a: Manaphy\n|-item|p2a: Manaphy|Choice Scarf|[from] move: Trick\n|-item|p1a: Gholdengo|Leftovers|[from] move: Trick\n|\n|upkeep\n|turn|10\n|inactive|samsam du demon has 60 seconds left.\n|\n|t:|1695169838\n|move|p2a: Manaphy|Stored Power|p1a: Gholdengo\n|-resisted|p1a: Gholdengo\n|-damage|p1a: Gholdengo|83/100\n|move|p1a: Gholdengo|Thunderbolt|p2a: Manaphy\n|-supereffective|p2a: Manaphy\n|-damage|p2a: Manaphy|58/100\n|\n|-heal|p1a: Gholdengo|89/100|[from] item: Leftovers\n|upkeep\n|turn|11\n|j| victor.mma\n|inactive|samsam du demon has 60 seconds left.\n|\n|t:|1695169850\n|switch|p2a: Ursaluna|Ursaluna-Bloodmoon, M|100/100\n|move|p1a: Gholdengo|Shadow Ball|p2a: Ursaluna\n|-immune|p2a: Ursaluna\n|\n|-heal|p1a: Gholdengo|95/100|[from] item: Leftovers\n|upkeep\n|turn|12\n|inactive|samsam du demon has 60 seconds left.\n|\n|t:|1695169872\n|switch|p2a: Corviknight|Corviknight, F, shiny|100/100\n|-ability|p2a: Corviknight|Pressure\n|move|p1a: Gholdengo|Make It Rain|p2a: Corviknight\n|-resisted|p2a: Corviknight\n|-damage|p2a: Corviknight|76/100\n|-unboost|p1a: Gholdengo|spa|1\n|\n|-heal|p1a: Gholdengo|100/100|[from] item: Leftovers\n|-heal|p2a: Corviknight|82/100|[from] item: Leftovers\n|upkeep\n|turn|13\n|\n|t:|1695169891\n|switch|p1a: Dragapult|Dragapult, M|100/100\n|move|p2a: Corviknight|U-turn|p1a: Dragapult\n|-resisted|p1a: Dragapult\n|-damage|p1a: Dragapult|92/100\n|\n|t:|1695169899\n|switch|p2a: Garganacl|Garganacl, F, shiny|100/100|[from] U-turn\n|\n|upkeep\n|turn|14\n|\n|t:|1695169915\n|move|p1a: Dragapult|U-turn|p2a: Garganacl\n|-damage|p2a: Garganacl|80/100\n|\n|t:|1695169918\n|switch|p1a: Ursaluna|Ursaluna-Bloodmoon, M|100/100|[from] U-turn\n|move|p2a: Garganacl|Salt Cure|p1a: Ursaluna\n|-resisted|p1a: Ursaluna\n|-damage|p1a: Ursaluna|96/100\n|-start|p1a: Ursaluna|Salt Cure\n|\n|-heal|p2a: Garganacl|86/100|[from] item: Leftovers\n|-damage|p1a: Ursaluna|84/100|[from] Salt Cure\n|upkeep\n|turn|15\n|\n|t:|1695169929\n|switch|p2a: Corviknight|Corviknight, F, shiny|82/100\n|-ability|p2a: Corviknight|Pressure\n|-terastallize|p1a: Ursaluna|Fighting\n|move|p1a: Ursaluna|Tera Blast|p2a: Corviknight\n|-damage|p2a: Corviknight|38/100\n|\n|-heal|p2a: Corviknight|44/100|[from] item: Leftovers\n|-damage|p1a: Ursaluna|71/100|[from] Salt Cure\n|upkeep\n|turn|16\n|\n|t:|1695169943\n|switch|p1a: Gholdengo|Gholdengo|100/100\n|move|p2a: Corviknight|Brave Bird|p1a: Gholdengo\n|-resisted|p1a: Gholdengo\n|-damage|p1a: Gholdengo|84/100\n|-damage|p2a: Corviknight|39/100|[from] Recoil\n|\n|-heal|p1a: Gholdengo|90/100|[from] item: Leftovers\n|-heal|p2a: Corviknight|45/100|[from] item: Leftovers\n|upkeep\n|turn|17\n|\n|t:|1695169961\n|move|p1a: Gholdengo|Make It Rain|p2a: Corviknight\n|-resisted|p2a: Corviknight\n|-damage|p2a: Corviknight|21/100\n|-unboost|p1a: Gholdengo|spa|1\n|move|p2a: Corviknight|Roost|p2a: Corviknight\n|-heal|p2a: Corviknight|71/100\n|-singleturn|p2a: Corviknight|move: Roost\n|\n|-heal|p1a: Gholdengo|96/100|[from] item: Leftovers\n|-heal|p2a: Corviknight|77/100|[from] item: Leftovers\n|upkeep\n|turn|18\n|\n|t:|1695169981\n|move|p1a: Gholdengo|Thunderbolt|p2a: Corviknight\n|-supereffective|p2a: Corviknight\n|-damage|p2a: Corviknight|43/100\n|move|p2a: Corviknight|U-turn|p1a: Gholdengo\n|-resisted|p1a: Gholdengo\n|-damage|p1a: Gholdengo|93/100\n|\n|t:|1695169988\n|switch|p2a: Ursaluna|Ursaluna-Bloodmoon, M|100/100|[from] U-turn\n|\n|-heal|p1a: Gholdengo|99/100|[from] item: Leftovers\n|upkeep\n|turn|19\n|\n|t:|1695170003\n|move|p1a: Gholdengo|Make It Rain|p2a: Ursaluna\n|-damage|p2a: Ursaluna|52/100\n|-unboost|p1a: Gholdengo|spa|1\n|move|p2a: Ursaluna|Earth Power|p1a: Gholdengo\n|-supereffective|p1a: Gholdengo\n|-damage|p1a: Gholdengo|0 fnt\n|faint|p1a: Gholdengo\n|\n|-heal|p2a: Ursaluna|58/100|[from] item: Leftovers\n|upkeep\n|\n|t:|1695170013\n|switch|p1a: Dragapult|Dragapult, M|92/100\n|turn|20\n|\n|t:|1695170017\n|switch|p2a: Garganacl|Garganacl, F, shiny|86/100\n|move|p1a: Dragapult|Dragon Darts|p2a: Garganacl\n|-damage|p2a: Garganacl|65/100\n|-anim|p1a: Dragapult|Dragon Darts|p2a: Garganacl\n|-damage|p2a: Garganacl|47/100\n|\n|-heal|p2a: Garganacl|53/100|[from] item: Leftovers\n|upkeep\n|turn|21\n|\n|t:|1695170045\n|move|p1a: Dragapult|Dragon Darts|p2a: Garganacl\n|-damage|p2a: Garganacl|32/100\n|-anim|p1a: Dragapult|Dragon Darts|p2a: Garganacl\n|-damage|p2a: Garganacl|12/100\n|move|p2a: Garganacl|Salt Cure|p1a: Dragapult\n|-damage|p1a: Dragapult|75/100\n|-start|p1a: Dragapult|Salt Cure\n|\n|-heal|p2a: Garganacl|18/100|[from] item: Leftovers\n|-damage|p1a: Dragapult|63/100|[from] Salt Cure\n|upkeep\n|turn|22\n|inactive|snurke has 120 seconds left.\n|\n|t:|1695170075\n|switch|p1a: Volcanion|Volcanion|100/100\n|move|p2a: Garganacl|Salt Cure|p1a: Volcanion\n|-supereffective|p1a: Volcanion\n|-damage|p1a: Volcanion|79/100\n|-start|p1a: Volcanion|Salt Cure\n|\n|-heal|p2a: Garganacl|24/100|[from] item: Leftovers\n|-damage|p1a: Volcanion|54/100|[from] Salt Cure\n|upkeep\n|turn|23\n|inactive|snurke has 90 seconds left.\n|\n|t:|1695170120\n|move|p1a: Volcanion|Earth Power|p2a: Garganacl\n|-supereffective|p2a: Garganacl\n|-damage|p2a: Garganacl|0 fnt\n|faint|p2a: Garganacl\n|\n|-damage|p1a: Volcanion|29/100|[from] Salt Cure\n|upkeep\n|\n|t:|1695170130\n|switch|p2a: Manaphy|Manaphy, shiny|58/100\n|turn|24\n|l| victor.mma\n|\n|t:|1695170138\n|switch|p1a: Dragapult|Dragapult, M|63/100\n|move|p2a: Manaphy|Stored Power|p1a: Dragapult\n|-damage|p1a: Dragapult|58/100\n|\n|upkeep\n|turn|25\n|inactive|samsam du demon has 60 seconds left.\n|\n|t:|1695170153\n|move|p2a: Manaphy|Stored Power|p1a: Dragapult\n|-damage|p1a: Dragapult|52/100\n|move|p1a: Dragapult|Dragon Darts|p2a: Manaphy\n|-damage|p2a: Manaphy|25/100\n|-anim|p1a: Dragapult|Dragon Darts|p2a: Manaphy\n|-damage|p2a: Manaphy|0 fnt\n|faint|p2a: Manaphy\n|\n|upkeep\n|\n|t:|1695170157\n|switch|p2a: Corviknight|Corviknight, F, shiny|43/100\n|-ability|p2a: Corviknight|Pressure\n|turn|26\n|inactive|snurke has 90 seconds left.\n|\n|t:|1695170167\n|switch|p1a: Volcanion|Volcanion|29/100\n|move|p2a: Corviknight|Brave Bird|p1a: Volcanion\n|-damage|p1a: Volcanion|0 fnt\n|faint|p1a: Volcanion\n|-damage|p2a: Corviknight|35/100|[from] Recoil\n|\n|-heal|p2a: Corviknight|41/100|[from] item: Leftovers\n|upkeep\n|inactive|samsam du demon has 60 seconds left.\n|\n|t:|1695170183\n|switch|p1a: Ursaluna|Ursaluna-Bloodmoon, M, tera:Fighting|71/100\n|turn|27\n|inactive|samsam du demon has 60 seconds left.\n|inactive|snurke has 90 seconds left.\n|\n|t:|1695170212\n|move|p1a: Ursaluna|Tera Blast|p2a: Corviknight\n|-damage|p2a: Corviknight|0 fnt\n|faint|p2a: Corviknight\n|\n|upkeep\n|\n|t:|1695170215\n|switch|p2a: Ursaluna|Ursaluna-Bloodmoon, M|58/100\n|turn|28\n|inactive|snurke has 90 seconds left.\n|\n|t:|1695170222\n|move|p2a: Ursaluna|Blood Moon|p1a: Ursaluna\n|-crit|p1a: Ursaluna\n|-damage|p1a: Ursaluna|0 fnt\n|faint|p1a: Ursaluna\n|\n|-heal|p2a: Ursaluna|64/100|[from] item: Leftovers\n|upkeep\n|\n|t:|1695170227\n|switch|p1a: Dragapult|Dragapult, M|52/100\n|turn|29\n|inactive|snurke has 90 seconds left.\n|\n|t:|1695170247\n|move|p1a: Dragapult|Dragon Darts|p2a: Ursaluna\n|-damage|p2a: Ursaluna|35/100\n|-anim|p1a: Dragapult|Dragon Darts|p2a: Ursaluna\n|-damage|p2a: Ursaluna|5/100\n|move|p2a: Ursaluna|Earth Power|p1a: Dragapult\n|-damage|p1a: Dragapult|0 fnt\n|faint|p1a: Dragapult\n|\n|win|snurke\n|raw|samsam du demon's rating: 1525 &rarr; <strong>1504</strong><br />(-21 for losing)\n|raw|snurke's rating: 1508 &rarr; <strong>1529</strong><br />(+21 for winning)\n", "uploadtime": 1695170256, "views": 2, "p1id": "samsamdudemon", "p2id": "snurke", "formatid": "gen9ou", "rating": 1504, "private": 0, "password": ""}