{"id": "gen9ou-1947545907", "p1": "church of pawnaird", "p2": "Alexis0512", "format": "gen9ou", "log": "|j|\u2606church of pawnaird\n|j|\u2606Alexis0512\n|t:|1695171214\n|gametype|singles\n|player|p1|church of pawnaird|plasmagrunt-gen5bw|1241\n|player|p2|Alexis0512|cyclist|1321\n|teamsize|p1|6\n|teamsize|p2|6\n|gen|9\n|tier|[Gen 9] OU\n|rated|\n|rule|Sleep Clause Mod: Limit one foe put to sleep\n|rule|Species Clause: Limit one of each Pok\u00e9mon\n|rule|OHKO Clause: OHKO moves are banned\n|rule|Evasion Items Clause: Evasion items are banned\n|rule|Evasion Moves Clause: Evasion moves are banned\n|rule|Endless Battle Clause: Forcing endless battles is banned\n|rule|HP Percentage Mod: HP is shown in percentages\n|clearpoke\n|poke|p1|Alomomola, F|\n|poke|p1|Jirachi|\n|poke|p1|Weavile, F|\n|poke|p1|Great Tusk|\n|poke|p1|Enamorus, F|\n|poke|p1|Clefable, M|\n|poke|p2|Iron Valiant|\n|poke|p2|Ogerpon-Hearthflame, F|\n|poke|p2|Gholdengo|\n|poke|p2|Dragonite, F|\n|poke|p2|Greninja-*, M|\n|poke|p2|Iron Treads|\n|teampreview\n|\n|t:|1695171229\n|start\n|switch|p1a: lil bro|Jirachi, shiny|100/100\n|switch|p2a: Iron Treads|Iron Treads|100/100\n|-enditem|p2a: Iron Treads|Booster Energy\n|-activate|p2a: Iron Treads|ability: Quark Drive|[fromitem]\n|-start|p2a: Iron Treads|quarkdrivespe\n|turn|1\n|\n|t:|1695171239\n|switch|p1a: le fish de lava|Alomomola, F, shiny|100/100\n|move|p2a: Iron Treads|Earthquake|p1a: le fish de lava\n|-damage|p1a: le fish de lava|80/100\n|\n|upkeep\n|turn|2\n|\n|t:|1695171246\n|move|p2a: Iron Treads|Stealth Rock|p1a: le fish de lava\n|-sidestart|p1: church of pawnaird|move: Stealth Rock\n|move|p1a: le fish de lava|Scald|p2a: Iron Treads\n|-supereffective|p2a: Iron Treads\n|-damage|p2a: Iron Treads|70/100\n|-status|p2a: Iron Treads|brn\n|\n|-damage|p2a: Iron Treads|64/100 brn|[from] brn\n|upkeep\n|turn|3\n|\n|t:|1695171275\n|move|p2a: Iron Treads|Steel Beam|p1a: le fish de lava\n|-resisted|p1a: le fish de lava\n|-damage|p1a: le fish de lava|65/100\n|-damage|p2a: Iron Treads|14/100 brn|[from] steelbeam\n|move|p1a: le fish de lava|Flip Turn|p2a: Iron Treads\n|-supereffective|p2a: Iron Treads\n|-damage|p2a: Iron Treads|0 fnt\n|faint|p2a: Iron Treads\n|-end|p2a: Iron Treads|Quark Drive|[silent]\n|\n|t:|1695171298\n|switch|p1a: lil bro|Jirachi, shiny|100/100|[from] Flip Turn\n|-damage|p1a: lil bro|94/100|[from] Stealth Rock\n|\n|upkeep\n|\n|t:|1695171319\n|switch|p2a: Iron Valiant|Iron Valiant|100/100\n|-enditem|p2a: Iron Valiant|Booster Energy\n|-activate|p2a: Iron Valiant|ability: Quark Drive|[fromitem]\n|-start|p2a: Iron Valiant|quarkdrivespe\n|turn|4\n|\n|t:|1695171327\n|move|p2a: Iron Valiant|Knock Off|p1a: lil bro\n|-supereffective|p1a: lil bro\n|-damage|p1a: lil bro|23/100\n|-enditem|p1a: lil bro|Choice Scarf|[from] move: Knock Off|[of] p2a: Iron Valiant\n|move|p1a: lil bro|Iron Head|p2a: Iron Valiant\n|-supereffective|p2a: Iron Valiant\n|-damage|p2a: Iron Valiant|13/100\n|\n|upkeep\n|turn|5\n|\n|t:|1695171338\n|switch|p1a: le fish de lava|Alomomola, F, shiny|98/100\n|move|p2a: Iron Valiant|Knock Off|p1a: le fish de lava\n|-damage|p1a: le fish de lava|77/100\n|-enditem|p1a: le fish de lava|Heavy-Duty Boots|[from] move: Knock Off|[of] p2a: Iron Valiant\n|\n|upkeep\n|turn|6\n|\n|t:|1695171356\n|-end|p2a: Iron Valiant|Quark Drive|[silent]\n|switch|p2a: Gholdengo|Gholdengo|100/100\n|-item|p2a: Gholdengo|Air Balloon\n|move|p1a: le fish de lava|Scald|p2a: Gholdengo\n|-damage|p2a: Gholdengo|86/100\n|-enditem|p2a: Gholdengo|Air Balloon\n|\n|upkeep\n|turn|7\n|\n|t:|1695171370\n|move|p2a: Gholdengo|Nasty Plot|p2a: Gholdengo\n|-boost|p2a: Gholdengo|spa|2\n|move|p1a: le fish de lava|Wish|p1a: le fish de lava\n|\n|upkeep\n|turn|8\n|\n|t:|1695171376\n|move|p2a: Gholdengo|Shadow Ball|p1a: le fish de lava\n|-damage|p1a: le fish de lava|10/100\n|-unboost|p1a: le fish de lava|spd|1\n|move|p1a: le fish de lava|Flip Turn|p2a: Gholdengo\n|-damage|p2a: Gholdengo|75/100\n|\n|t:|1695171380\n|switch|p1a: kiyel|Weavile, F, shiny|100/100|[from] Flip Turn\n|-ability|p1a: kiyel|Pressure\n|\n|upkeep\n|turn|9\n|\n|t:|1695171396\n|switch|p2a: Iron Valiant|Iron Valiant|13/100\n|move|p1a: kiyel|Knock Off|p2a: Iron Valiant\n|-resisted|p2a: Iron Valiant\n|-crit|p2a: Iron Valiant\n|-damage|p2a: Iron Valiant|0 fnt\n|faint|p2a: Iron Valiant\n|-end|p2a: Iron Valiant|Quark Drive|[silent]\n|\n|upkeep\n|\n|t:|1695171407\n|switch|p2a: Ogerpon|Ogerpon-Hearthflame, F|100/100\n|-ability|p2a: Ogerpon|Mold Breaker\n|turn|10\n|\n|t:|1695171418\n|switch|p1a: snake :)|Enamorus, F, shiny|100/100\n|move|p2a: Ogerpon|Substitute|p2a: Ogerpon\n|-start|p2a: Ogerpon|Substitute\n|-damage|p2a: Ogerpon|76/100\n|\n|upkeep\n|turn|11\n|\n|t:|1695171431\n|-terastallize|p1a: snake :)|Fire\n|move|p2a: Ogerpon|Swords Dance|p2a: Ogerpon\n|-boost|p2a: Ogerpon|atk|2\n|move|p1a: snake :)|Earth Power|p2a: Ogerpon\n|-end|p2a: Ogerpon|Substitute\n|\n|upkeep\n|turn|12\n|\n|t:|1695171451\n|move|p2a: Ogerpon|Trailblaze|p1a: snake :)\n|-resisted|p1a: snake :)\n|-damage|p1a: snake :)|54/100\n|-boost|p2a: Ogerpon|spe|1\n|move|p1a: snake :)|Earth Power|p2a: Ogerpon\n|-damage|p2a: Ogerpon|34/100\n|\n|upkeep\n|turn|13\n|\n|t:|1695171464\n|move|p2a: Ogerpon|Ivy Cudgel|p1a: snake :)\n|-resisted|p1a: snake :)\n|-crit|p1a: snake :)\n|-damage|p1a: snake :)|0 fnt\n|faint|p1a: snake :)\n|\n|upkeep\n|\n|t:|1695171483\n|switch|p1a: clefunable|Clefable, M, shiny|100/100\n|turn|14\n|\n|t:|1695171503\n|-terastallize|p2a: Ogerpon|Fire\n|detailschange|p2a: Ogerpon|Ogerpon-Hearthflame-Tera, F, tera:Fire\n|-ability|p2a: Ogerpon|Embody Aspect (Hearthflame)|boost\n|-boost|p2a: Ogerpon|atk|1\n|move|p2a: Ogerpon|Ivy Cudgel|p1a: clefunable\n|-damage|p1a: clefunable|0 fnt\n|faint|p1a: clefunable\n|\n|upkeep\n|\n|t:|1695171510\n|switch|p1a: le fish de lava|Alomomola, F, shiny|43/100\n|-damage|p1a: le fish de lava|31/100|[from] Stealth Rock\n|turn|15\n|\n|t:|1695171524\n|switch|p1a: lil bro|Jirachi, shiny|23/100\n|-damage|p1a: lil bro|17/100|[from] Stealth Rock\n|move|p2a: Ogerpon|Trailblaze|p1a: lil bro\n|-resisted|p1a: lil bro\n|-damage|p1a: lil bro|0 fnt\n|-boost|p2a: Ogerpon|spe|1\n|faint|p1a: lil bro\n|\n|upkeep\n|c|\u2606church of pawnaird|this fucking mon\n|\n|t:|1695171543\n|switch|p1a: le fish de lava|Alomomola, F, shiny|64/100\n|-damage|p1a: le fish de lava|52/100|[from] Stealth Rock\n|turn|16\n|\n|t:|1695171549\n|switch|p1a: GOD BLESS AMERICA|Great Tusk, shiny|100/100\n|-damage|p1a: GOD BLESS AMERICA|97/100|[from] Stealth Rock\n|move|p2a: Ogerpon|Ivy Cudgel|p1a: GOD BLESS AMERICA\n|-damage|p1a: GOD BLESS AMERICA|0 fnt\n|faint|p1a: GOD BLESS AMERICA\n|-end|p1a: GOD BLESS AMERICA|Protosynthesis|[silent]\n|\n|upkeep\n|\n|t:|1695171551\n|switch|p1a: le fish de lava|Alomomola, F, shiny|85/100\n|-damage|p1a: le fish de lava|73/100|[from] Stealth Rock\n|turn|17\n|\n|t:|1695171559\n|move|p2a: Ogerpon|Ivy Cudgel|p1a: le fish de lava\n|-resisted|p1a: le fish de lava\n|-crit|p1a: le fish de lava\n|-damage|p1a: le fish de lava|0 fnt\n|faint|p1a: le fish de lava\n|\n|upkeep\n|\n|t:|1695171570\n|switch|p1a: kiyel|Weavile, F, shiny|100/100\n|-ability|p1a: kiyel|Pressure\n|turn|18\n|\n|t:|1695171576\n|move|p1a: kiyel|Ice Shard|p2a: Ogerpon\n|-resisted|p2a: Ogerpon\n|-damage|p2a: Ogerpon|19/100\n|move|p2a: Ogerpon|Ivy Cudgel|p1a: kiyel\n|-supereffective|p1a: kiyel\n|-damage|p1a: kiyel|0 fnt\n|faint|p1a: kiyel\n|\n|win|Alexis0512\n|raw|church of pawnaird's rating: 1241 &rarr; <strong>1222</strong><br />(-19 for losing)\n|raw|Alexis0512's rating: 1321 &rarr; <strong>1336</strong><br />(+15 for winning)\n|l|\u2606church of pawnaird\n", "uploadtime": 1695171589, "views": 2, "p1id": "churchofpawnaird", "p2id": "alexis0512", "formatid": "gen9ou", "rating": 1222, "private": 0, "password": ""}