{"id": "gen9ou-1947561632", "p1": "chaperonrouge33", "p2": "riles0rama", "format": "gen9ou", "log": "|j|\u2606chaperonrouge33\n|j|\u2606riles0rama\n|t:|1695172744\n|gametype|singles\n|player|p1|chaperonrouge33|picnicker|1072\n|player|p2|riles0rama|169|1090\n|teamsize|p1|6\n|teamsize|p2|6\n|gen|9\n|tier|[Gen 9] OU\n|rated|\n|rule|Sleep Clause Mod: Limit one foe put to sleep\n|rule|Species Clause: Limit one of each Pok\u00e9mon\n|rule|OHKO Clause: OHKO moves are banned\n|rule|Evasion Items Clause: Evasion items are banned\n|rule|Evasion Moves Clause: Evasion moves are banned\n|rule|Endless Battle Clause: Forcing endless battles is banned\n|rule|HP Percentage Mod: HP is shown in percentages\n|clearpoke\n|poke|p1|Ogerpon, F|\n|poke|p1|Glimmora, M|\n|poke|p1|Dragapult, M|\n|poke|p1|Iron Valiant|\n|poke|p1|Roaring Moon|\n|poke|p1|Moltres|\n|poke|p2|Florges, F|\n|poke|p2|Gholdengo|\n|poke|p2|Coalossal, F|\n|poke|p2|Ogerpon-Hearthflame, F|\n|poke|p2|Ursaluna-Bloodmoon, M|\n|poke|p2|Amoonguss, F|\n|teampreview\n|inactive|Battle timer is ON: inactive players will automatically lose when time's up. (requested by chaperonrouge33)\n|\n|t:|1695172754\n|start\n|switch|p1a: Glimmora|Glimmora, M|100/100\n|switch|p2a: Amoonguss|Amoonguss, F|100/100\n|turn|1\n|\n|t:|1695172764\n|move|p1a: Glimmora|Stealth Rock|p2a: Amoonguss\n|-sidestart|p2: riles0rama|move: Stealth Rock\n|move|p2a: Amoonguss|Spore|p1a: Glimmora\n|-status|p1a: Glimmora|slp|[from] move: Spore\n|\n|upkeep\n|turn|2\n|\n|t:|1695172777\n|switch|p1a: Moltres|Moltres|100/100\n|switch|p2a: Ursaluna|Ursaluna-Bloodmoon, M|100/100\n|-damage|p2a: Ursaluna|94/100|[from] Stealth Rock\n|\n|upkeep\n|turn|3\n|\n|t:|1695172785\n|move|p1a: Moltres|Hurricane|p2a: Ursaluna\n|-damage|p2a: Ursaluna|33/100\n|-start|p2a: Ursaluna|confusion\n|-activate|p2a: Ursaluna|confusion\n|move|p2a: Ursaluna|Blood Moon|p1a: Moltres\n|-damage|p1a: Moltres|0 fnt\n|faint|p1a: Moltres\n|\n|upkeep\n|\n|t:|1695172801\n|switch|p1a: Ogerpon|Ogerpon, F|100/100\n|turn|4\n|\n|t:|1695172811\n|switch|p2a: Florges|Florges, F|100/100\n|-damage|p2a: Florges|88/100|[from] Stealth Rock\n|move|p1a: Ogerpon|Ivy Cudgel|p2a: Florges\n|-crit|p2a: Florges\n|-damage|p2a: Florges|0 fnt\n|faint|p2a: Florges\n|\n|upkeep\n|\n|t:|1695172831\n|switch|p2a: Coalossal|Coalossal, F|100/100\n|-damage|p2a: Coalossal|76/100|[from] Stealth Rock\n|-item|p2a: Coalossal|Air Balloon\n|turn|5\n|\n|t:|1695172840\n|switch|p1a: Glimmora|Glimmora, M|100/100 slp\n|move|p2a: Coalossal|Fire Punch|p1a: Glimmora\n|-resisted|p1a: Glimmora\n|-damage|p1a: Glimmora|80/100 slp\n|-activate|p1a: Glimmora|ability: Toxic Debris\n|-sidestart|p2: riles0rama|move: Toxic Spikes\n|\n|upkeep\n|turn|6\n|\n|t:|1695172850\n|switch|p2a: Gholdengo|Gholdengo|100/100\n|-damage|p2a: Gholdengo|94/100|[from] Stealth Rock\n|cant|p1a: Glimmora|slp\n|\n|upkeep\n|turn|7\n|\n|t:|1695172868\n|-curestatus|p1a: Glimmora|slp|[msg]\n|move|p1a: Glimmora|Earth Power|p2a: Gholdengo\n|-supereffective|p2a: Gholdengo\n|-damage|p2a: Gholdengo|31/100\n|move|p2a: Gholdengo|Charge Beam|p1a: Glimmora\n|-damage|p1a: Glimmora|44/100\n|-damage|p2a: Gholdengo|21/100|[from] item: Life Orb\n|\n|upkeep\n|turn|8\n|\n|t:|1695172880\n|move|p1a: Glimmora|Earth Power|p2a: Gholdengo\n|-supereffective|p2a: Gholdengo\n|-damage|p2a: Gholdengo|0 fnt\n|faint|p2a: Gholdengo\n|\n|upkeep\n|\n|t:|1695172884\n|switch|p2a: Amoonguss|Amoonguss, F|100/100\n|-damage|p2a: Amoonguss|88/100|[from] Stealth Rock\n|-sideend|p2: riles0rama|move: Toxic Spikes|[of] p2a: Amoonguss\n|turn|9\n|\n|t:|1695172896\n|switch|p1a: Ogerpon|Ogerpon, F|100/100\n|move|p2a: Amoonguss|Protect||[still]\n|-fail|p2a: Amoonguss\n|\n|upkeep\n|turn|10\n|\n|t:|1695172908\n|switch|p1a: Glimmora|Glimmora, M|44/100\n|switch|p2a: Coalossal|Coalossal, F|76/100\n|-damage|p2a: Coalossal|51/100|[from] Stealth Rock\n|-item|p2a: Coalossal|Air Balloon\n|\n|upkeep\n|turn|11\n|\n|t:|1695172921\n|move|p1a: Glimmora|Sludge Wave|p2a: Coalossal\n|-resisted|p2a: Coalossal\n|-damage|p2a: Coalossal|30/100\n|-status|p2a: Coalossal|psn\n|-enditem|p2a: Coalossal|Air Balloon\n|move|p2a: Coalossal|Earthquake|p1a: Glimmora\n|-supereffective|p1a: Glimmora\n|-damage|p1a: Glimmora|0 fnt\n|-activate|p1a: Glimmora|ability: Toxic Debris\n|-sidestart|p2: riles0rama|move: Toxic Spikes\n|faint|p1a: Glimmora\n|\n|-damage|p2a: Coalossal|18/100 psn|[from] psn\n|upkeep\n|\n|t:|1695172936\n|switch|p1a: Roaring Moon|Roaring Moon|100/100\n|-enditem|p1a: Roaring Moon|Booster Energy\n|-activate|p1a: Roaring Moon|ability: Protosynthesis|[fromitem]\n|-start|p1a: Roaring Moon|protosynthesisatk\n|turn|12\n|\n|t:|1695172948\n|move|p1a: Roaring Moon|Dragon Dance|p1a: Roaring Moon\n|-boost|p1a: Roaring Moon|atk|1\n|-boost|p1a: Roaring Moon|spe|1\n|move|p2a: Coalossal|Explosion|p1a: Roaring Moon\n|-damage|p1a: Roaring Moon|8/100\n|faint|p2a: Coalossal\n|\n|upkeep\n|\n|t:|1695172955\n|switch|p2a: Amoonguss|Amoonguss, F|100/100\n|-damage|p2a: Amoonguss|88/100|[from] Stealth Rock\n|-sideend|p2: riles0rama|move: Toxic Spikes|[of] p2a: Amoonguss\n|turn|13\n|\n|t:|1695172961\n|move|p1a: Roaring Moon|Knock Off|p2a: Amoonguss\n|-damage|p2a: Amoonguss|0 fnt\n|-enditem|p2a: Amoonguss|Eject Button|[from] move: Knock Off|[of] p1a: Roaring Moon\n|faint|p2a: Amoonguss\n|\n|upkeep\n|\n|t:|1695172964\n|switch|p2a: Ursaluna|Ursaluna-Bloodmoon, M|33/100\n|-damage|p2a: Ursaluna|27/100|[from] Stealth Rock\n|turn|14\n|\n|t:|1695172970\n|move|p2a: Ursaluna|Vacuum Wave|p1a: Roaring Moon\n|-supereffective|p1a: Roaring Moon\n|-damage|p1a: Roaring Moon|0 fnt\n|faint|p1a: Roaring Moon\n|-end|p1a: Roaring Moon|Protosynthesis|[silent]\n|\n|upkeep\n|\n|t:|1695172981\n|switch|p1a: Ogerpon|Ogerpon, F|100/100\n|turn|15\n|\n|t:|1695172990\n|move|p2a: Ursaluna|Vacuum Wave|p1a: Ogerpon\n|-damage|p1a: Ogerpon|82/100\n|move|p1a: Ogerpon|Ivy Cudgel|p2a: Ursaluna\n|-supereffective|p2a: Ursaluna\n|-damage|p2a: Ursaluna|0 fnt\n|faint|p2a: Ursaluna\n|\n|upkeep\n|\n|t:|1695172996\n|switch|p2a: Ogerpon|Ogerpon-Hearthflame, F|100/100\n|-damage|p2a: Ogerpon|76/100|[from] Stealth Rock\n|-ability|p2a: Ogerpon|Mold Breaker\n|turn|16\n|\n|t:|1695173007\n|-terastallize|p2a: Ogerpon|Fire\n|detailschange|p2a: Ogerpon|Ogerpon-Hearthflame-Tera, F, tera:Fire\n|-ability|p2a: Ogerpon|Embody Aspect (Hearthflame)|boost\n|-boost|p2a: Ogerpon|atk|1\n|-terastallize|p1a: Ogerpon|Grass\n|detailschange|p1a: Ogerpon|Ogerpon-Teal-Tera, F, tera:Grass\n|-ability|p1a: Ogerpon|Embody Aspect (Teal)|boost\n|-boost|p1a: Ogerpon|spe|1\n|move|p2a: Ogerpon|Spiky Shield|p2a: Ogerpon\n|-singleturn|p2a: Ogerpon|move: Protect\n|move|p1a: Ogerpon|Low Kick|p2a: Ogerpon\n|-activate|p2a: Ogerpon|move: Protect\n|-damage|p1a: Ogerpon|69/100|[from] Spiky Shield|[of] p2a: Ogerpon\n|\n|upkeep\n|turn|17\n|inactive|riles0rama has 120 seconds left.\n|\n|t:|1695173039\n|move|p1a: Ogerpon|Low Kick|p2a: Ogerpon\n|-damage|p2a: Ogerpon|49/100\n|move|p2a: Ogerpon|Ivy Cudgel|p1a: Ogerpon\n|-supereffective|p1a: Ogerpon\n|-crit|p1a: Ogerpon\n|-damage|p1a: Ogerpon|0 fnt\n|faint|p1a: Ogerpon\n|\n|upkeep\n|\n|t:|1695173048\n|switch|p1a: Iron Valiant|Iron Valiant|100/100\n|turn|18\n|\n|t:|1695173055\n|move|p2a: Ogerpon|Horn Leech|p1a: Iron Valiant\n|-damage|p1a: Iron Valiant|10/100\n|-heal|p2a: Ogerpon|93/100|[from] drain|[of] p1a: Iron Valiant\n|move|p1a: Iron Valiant|Thunderbolt|p2a: Ogerpon\n|-damage|p2a: Ogerpon|37/100\n|\n|upkeep\n|turn|19\n|\n|t:|1695173063\n|move|p2a: Ogerpon|Horn Leech|p1a: Iron Valiant\n|-damage|p1a: Iron Valiant|0 fnt\n|-heal|p2a: Ogerpon|41/100|[from] drain|[of] p1a: Iron Valiant\n|faint|p1a: Iron Valiant\n|-end|p1a: Iron Valiant|Quark Drive|[silent]\n|\n|upkeep\n|\n|t:|1695173070\n|switch|p1a: Dragapult|Dragapult, M|100/100\n|turn|20\n|\n|t:|1695173084\n|move|p2a: Ogerpon|Spiky Shield|p2a: Ogerpon\n|-singleturn|p2a: Ogerpon|move: Protect\n|move|p1a: Dragapult|Dragon Darts|p2a: Ogerpon\n|-activate|p2a: Ogerpon|move: Protect\n|\n|upkeep\n|turn|21\n|\n|t:|1695173094\n|move|p1a: Dragapult|Dragon Darts|p2a: Ogerpon\n|-damage|p2a: Ogerpon|6/100\n|-anim|p1a: Dragapult|Dragon Darts|p2a: Ogerpon\n|-crit|p2a: Ogerpon\n|-damage|p2a: Ogerpon|0 fnt\n|faint|p2a: Ogerpon\n|\n|win|chaperonrouge33\n|raw|chaperonrouge33's rating: 1072 &rarr; <strong>1103</strong><br />(+31 for winning)\n|raw|riles0rama's rating: 1090 &rarr; <strong>1065</strong><br />(-25 for losing)\n|c|\u2606riles0rama|gg\n|l|\u2606riles0rama\n", "uploadtime": 1695173102, "views": 4, "p1id": "chaperonrouge33", "p2id": "riles0rama", "formatid": "gen9ou", "rating": 1065, "private": 0, "password": ""}