{"id": "gen9ou-1947559831", "p1": "HitachiinHikaruKun", "p2": "imJV", "format": "gen9ou", "log": "|j|\u2606HitachiinHikaruKun\n|j|\u2606imJV\n|t:|1695172571\n|gametype|singles\n|player|p1|HitachiinHikaruKun|caitlin|1172\n|player|p2|imJV|biker-gen4|1186\n|teamsize|p1|6\n|teamsize|p2|6\n|gen|9\n|tier|[Gen 9] OU\n|rated|\n|rule|Sleep Clause Mod: Limit one foe put to sleep\n|rule|Species Clause: Limit one of each Pok\u00e9mon\n|rule|OHKO Clause: OHKO moves are banned\n|rule|Evasion Items Clause: Evasion items are banned\n|rule|Evasion Moves Clause: Evasion moves are banned\n|rule|Endless Battle Clause: Forcing endless battles is banned\n|rule|HP Percentage Mod: HP is shown in percentages\n|clearpoke\n|poke|p1|Hatterene, F|\n|poke|p1|Chandelure, M|\n|poke|p1|Conkeldurr, F|\n|poke|p1|Heatran, F|\n|poke|p1|Slowking-Galar, M|\n|poke|p1|Scizor, M|\n|poke|p2|Cetitan, M|\n|poke|p2|Zapdos|\n|poke|p2|Garganacl, M|\n|poke|p2|Ninetales-Alola, M|\n|poke|p2|Gholdengo|\n|poke|p2|Revavroom, F|\n|teampreview\n|inactive|Battle timer is ON: inactive players will automatically lose when time's up. (requested by HitachiinHikaruKun)\n|\n|t:|1695172587\n|start\n|switch|p1a: SUPAHOTFIRE|Chandelure, M|100/100\n|switch|p2a: Ninetales|Ninetales-Alola, M, shiny|100/100\n|-weather|Snow|[from] ability: Snow Warning|[of] p2a: Ninetales\n|turn|1\n|\n|t:|1695172592\n|move|p2a: Ninetales|Aurora Veil|p2a: Ninetales\n|-sidestart|p2: imJV|move: Aurora Veil\n|move|p1a: SUPAHOTFIRE|Flamethrower|p2a: Ninetales\n|-supereffective|p2a: Ninetales\n|-damage|p2a: Ninetales|32/100\n|\n|-weather|Snow|[upkeep]\n|upkeep\n|turn|2\n|\n|t:|1695172598\n|switch|p2a: Garganacl|Garganacl, M|100/100\n|move|p1a: SUPAHOTFIRE|Trick Room|p1a: SUPAHOTFIRE\n|-fieldstart|move: Trick Room|[of] p1a: SUPAHOTFIRE\n|\n|-weather|Snow|[upkeep]\n|upkeep\n|turn|3\n|\n|t:|1695172609\n|switch|p1a: Hatterene|Hatterene, F|100/100\n|move|p2a: Garganacl|Salt Cure|p1a: Hatterene\n|-damage|p1a: Hatterene|89/100\n|-start|p1a: Hatterene|Salt Cure\n|\n|-weather|Snow|[upkeep]\n|-heal|p1a: Hatterene|95/100|[from] item: Leftovers\n|-damage|p1a: Hatterene|83/100|[from] Salt Cure\n|upkeep\n|turn|4\n|\n|t:|1695172618\n|switch|p2a: Cetitan|Cetitan, M|100/100\n|move|p1a: Hatterene|Draining Kiss|p2a: Cetitan\n|-damage|p2a: Cetitan|92/100\n|-heal|p1a: Hatterene|93/100|[from] drain|[of] p2a: Cetitan\n|\n|-weather|Snow|[upkeep]\n|-heal|p1a: Hatterene|99/100|[from] item: Leftovers\n|-damage|p1a: Hatterene|87/100|[from] Salt Cure\n|upkeep\n|turn|5\n|\n|t:|1695172623\n|switch|p1a: Heatran|Heatran, F|100/100\n|move|p2a: Cetitan|Icicle Crash|p1a: Heatran|[miss]\n|-miss|p2a: Cetitan|p1a: Heatran\n|\n|-weather|none\n|upkeep\n|turn|6\n|\n|t:|1695172627\n|move|p1a: Heatran|Will-O-Wisp|p2a: Cetitan\n|-status|p2a: Cetitan|brn\n|move|p2a: Cetitan|Earthquake|p1a: Heatran\n|-supereffective|p1a: Heatran\n|-damage|p1a: Heatran|49/100\n|\n|-heal|p1a: Heatran|55/100|[from] item: Leftovers\n|-damage|p2a: Cetitan|86/100 brn|[from] brn\n|-fieldend|move: Trick Room\n|upkeep\n|turn|7\n|\n|t:|1695172637\n|move|p2a: Cetitan|Earthquake|p1a: Heatran\n|-supereffective|p1a: Heatran\n|-damage|p1a: Heatran|0 fnt\n|faint|p1a: Heatran\n|\n|-damage|p2a: Cetitan|80/100 brn|[from] brn\n|upkeep\n|\n|t:|1695172647\n|switch|p1a: SUPAHOTFIRE|Chandelure, M|100/100\n|turn|8\n|\n|t:|1695172654\n|move|p2a: Cetitan|Earthquake|p1a: SUPAHOTFIRE\n|-supereffective|p1a: SUPAHOTFIRE\n|-damage|p1a: SUPAHOTFIRE|64/100\n|move|p1a: SUPAHOTFIRE|Flamethrower|p2a: Cetitan\n|-supereffective|p2a: Cetitan\n|-damage|p2a: Cetitan|37/100 brn\n|\n|-damage|p2a: Cetitan|31/100 brn|[from] brn\n|-sideend|p2: imJV|move: Aurora Veil\n|upkeep\n|turn|9\n|\n|t:|1695172657\n|move|p2a: Cetitan|Earthquake|p1a: SUPAHOTFIRE\n|-supereffective|p1a: SUPAHOTFIRE\n|-damage|p1a: SUPAHOTFIRE|21/100\n|move|p1a: SUPAHOTFIRE|Trick Room|p1a: SUPAHOTFIRE\n|-fieldstart|move: Trick Room|[of] p1a: SUPAHOTFIRE\n|\n|-damage|p2a: Cetitan|24/100 brn|[from] brn\n|upkeep\n|turn|10\n|\n|t:|1695172659\n|move|p1a: SUPAHOTFIRE|Flamethrower|p2a: Cetitan\n|-supereffective|p2a: Cetitan\n|-damage|p2a: Cetitan|0 fnt\n|faint|p2a: Cetitan\n|\n|upkeep\n|\n|t:|1695172665\n|switch|p2a: Garganacl|Garganacl, M|100/100\n|turn|11\n|\n|t:|1695172673\n|move|p2a: Garganacl|Curse|p2a: Garganacl\n|-unboost|p2a: Garganacl|spe|1\n|-boost|p2a: Garganacl|atk|1\n|-boost|p2a: Garganacl|def|1\n|move|p1a: SUPAHOTFIRE|Energy Ball|p2a: Garganacl\n|-supereffective|p2a: Garganacl\n|-damage|p2a: Garganacl|28/100\n|\n|-heal|p2a: Garganacl|34/100|[from] item: Leftovers\n|upkeep\n|turn|12\n|\n|t:|1695172680\n|move|p2a: Garganacl|Protect|p2a: Garganacl\n|-singleturn|p2a: Garganacl|Protect\n|move|p1a: SUPAHOTFIRE|Energy Ball|p2a: Garganacl\n|-activate|p2a: Garganacl|move: Protect\n|\n|-heal|p2a: Garganacl|40/100|[from] item: Leftovers\n|upkeep\n|turn|13\n|\n|t:|1695172687\n|move|p2a: Garganacl|Salt Cure|p1a: SUPAHOTFIRE\n|-supereffective|p1a: SUPAHOTFIRE\n|-damage|p1a: SUPAHOTFIRE|0 fnt\n|faint|p1a: SUPAHOTFIRE\n|\n|-heal|p2a: Garganacl|46/100|[from] item: Leftovers\n|-fieldend|move: Trick Room\n|upkeep\n|\n|t:|1695172690\n|switch|p1a: Scizor|Scizor, M|100/100\n|turn|14\n|\n|t:|1695172697\n|-terastallize|p1a: Scizor|Steel\n|-terastallize|p2a: Garganacl|Water\n|move|p1a: Scizor|Bullet Punch|p2a: Garganacl\n|-resisted|p2a: Garganacl\n|-damage|p2a: Garganacl|34/100\n|move|p2a: Garganacl|Recover|p2a: Garganacl\n|-heal|p2a: Garganacl|84/100\n|\n|-heal|p2a: Garganacl|91/100|[from] item: Leftovers\n|upkeep\n|turn|15\n|-message|HitachiinHikaruKun forfeited.\n|\n|win|imJV\n|raw|HitachiinHikaruKun's rating: 1172 &rarr; <strong>1148</strong><br />(-24 for losing)\n|raw|imJV's rating: 1186 &rarr; <strong>1210</strong><br />(+24 for winning)\n|l|\u2606HitachiinHikaruKun\n", "uploadtime": 1695172707, "views": 3, "p1id": "hitachiinhikarukun", "p2id": "imjv", "formatid": "gen9ou", "rating": 1148, "private": 0, "password": ""}