{"id": "gen9ou-1947564238", "p1": "Aggarcia8", "p2": "Kiky14", "format": "gen9ou", "log": "|j|\u2606Aggarcia8\n|j|\u2606Kiky14\n|t:|1695172996\n|gametype|singles\n|player|p1|Aggarcia8|265|1151\n|player|p2|Kiky14|hilda-wonderlauncher|1145\n|teamsize|p1|6\n|teamsize|p2|6\n|gen|9\n|tier|[Gen 9] OU\n|rated|\n|rule|Sleep Clause Mod: Limit one foe put to sleep\n|rule|Species Clause: Limit one of each Pok\u00e9mon\n|rule|OHKO Clause: OHKO moves are banned\n|rule|Evasion Items Clause: Evasion items are banned\n|rule|Evasion Moves Clause: Evasion moves are banned\n|rule|Endless Battle Clause: Forcing endless battles is banned\n|rule|HP Percentage Mod: HP is shown in percentages\n|clearpoke\n|poke|p1|Ursaluna-Bloodmoon, M|\n|poke|p1|Trevenant, F|\n|poke|p1|Empoleon, M|\n|poke|p1|Ogerpon-Hearthflame, F|\n|poke|p1|Roaring Moon|\n|poke|p1|Iron Valiant|\n|poke|p2|Landorus-Therian, M|\n|poke|p2|Umbreon, F|\n|poke|p2|Infernape, F|\n|poke|p2|Walking Wake|\n|poke|p2|Ogerpon, F|\n|poke|p2|Glimmora, M|\n|teampreview\n|inactive|Battle timer is ON: inactive players will automatically lose when time's up. (requested by Kiky14)\n|\n|t:|1695173027\n|start\n|switch|p1a: Empoleon|Empoleon, M|100/100\n|switch|p2a: Ogerpon|Ogerpon, F|100/100\n|turn|1\n|\n|t:|1695173039\n|move|p2a: Ogerpon|Superpower|p1a: Empoleon\n|-supereffective|p1a: Empoleon\n|-damage|p1a: Empoleon|7/100\n|-unboost|p2a: Ogerpon|atk|1\n|-unboost|p2a: Ogerpon|def|1\n|move|p1a: Empoleon|Stealth Rock|p2a: Ogerpon\n|-sidestart|p2: Kiky14|move: Stealth Rock\n|\n|-heal|p1a: Empoleon|14/100|[from] item: Leftovers\n|upkeep\n|turn|2\n|\n|t:|1695173050\n|switch|p1a: Trevenant|Trevenant, F|100/100\n|move|p2a: Ogerpon|U-turn|p1a: Trevenant\n|-damage|p1a: Trevenant|87/100\n|\n|t:|1695173060\n|switch|p2a: Hecberth|Glimmora, M, shiny|100/100|[from] U-turn\n|-damage|p2a: Hecberth|88/100|[from] Stealth Rock\n|\n|upkeep\n|turn|3\n|\n|t:|1695173067\n|move|p2a: Hecberth|Mortal Spin|p1a: Trevenant\n|-damage|p1a: Trevenant|83/100\n|-status|p1a: Trevenant|psn\n|-enditem|p1a: Trevenant|Lum Berry|[eat]\n|-curestatus|p1a: Trevenant|psn|[msg]\n|-sideend|p2: Kiky14|Stealth Rock|[from] move: Mortal Spin|[of] p2a: Hecberth\n|move|p1a: Trevenant|Leech Seed|p2a: Hecberth\n|-start|p2a: Hecberth|move: Leech Seed\n|\n|-damage|p2a: Hecberth|76/100|[from] Leech Seed|[of] p1a: Trevenant\n|-heal|p1a: Trevenant|93/100|[silent]\n|-item|p1a: Trevenant|Lum Berry|[from] ability: Harvest\n|upkeep\n|turn|4\n|\n|t:|1695173076\n|move|p2a: Hecberth|Mortal Spin|p1a: Trevenant\n|-damage|p1a: Trevenant|88/100\n|-status|p1a: Trevenant|psn\n|-enditem|p1a: Trevenant|Lum Berry|[eat]\n|-curestatus|p1a: Trevenant|psn|[msg]\n|-end|p2a: Hecberth|Leech Seed|[from] move: Mortal Spin|[of] p2a: Hecberth\n|move|p1a: Trevenant|Will-O-Wisp|p2a: Hecberth|[miss]\n|-miss|p1a: Trevenant|p2a: Hecberth\n|\n|upkeep\n|turn|5\n|\n|t:|1695173085\n|move|p2a: Hecberth|Sludge Wave|p1a: Trevenant\n|-damage|p1a: Trevenant|35/100\n|-status|p1a: Trevenant|psn\n|move|p1a: Trevenant|Will-O-Wisp|p2a: Hecberth\n|-status|p2a: Hecberth|brn\n|\n|-damage|p1a: Trevenant|22/100 psn|[from] psn\n|-damage|p2a: Hecberth|70/100 brn|[from] brn\n|-item|p1a: Trevenant|Lum Berry|[from] ability: Harvest\n|upkeep\n|-enditem|p1a: Trevenant|Lum Berry|[eat]\n|-curestatus|p1a: Trevenant|psn|[msg]\n|turn|6\n|\n|t:|1695173096\n|switch|p1a: Empoleon|Empoleon, M|14/100\n|move|p2a: Hecberth|Earth Power|p1a: Empoleon\n|-supereffective|p1a: Empoleon\n|-damage|p1a: Empoleon|0 fnt\n|faint|p1a: Empoleon\n|\n|-damage|p2a: Hecberth|63/100 brn|[from] brn\n|upkeep\n|inactive|Aggarcia8 has 120 seconds left.\n|\n|t:|1695173140\n|switch|p1a: Ursaluna|Ursaluna-Bloodmoon, M|100/100\n|turn|7\n|\n|t:|1695173162\n|switch|p2a: Oscary|Umbreon, F, shiny|100/100\n|move|p1a: Ursaluna|Earth Power|p2a: Oscary\n|-damage|p2a: Oscary|72/100\n|\n|-heal|p2a: Oscary|78/100|[from] item: Leftovers\n|upkeep\n|turn|8\n|\n|t:|1695173169\n|switch|p1a: Trevenant|Trevenant, F|22/100\n|move|p2a: Oscary|Protect||[still]\n|-fail|p2a: Oscary\n|\n|-heal|p2a: Oscary|85/100|[from] item: Leftovers\n|upkeep\n|turn|9\n|\n|t:|1695173172\n|move|p2a: Oscary|Foul Play|p1a: Trevenant\n|-supereffective|p1a: Trevenant\n|-damage|p1a: Trevenant|0 fnt\n|faint|p1a: Trevenant\n|\n|-heal|p2a: Oscary|91/100|[from] item: Leftovers\n|upkeep\n|\n|t:|1695173184\n|switch|p1a: Ogerpon|Ogerpon-Hearthflame, F|100/100\n|-ability|p1a: Ogerpon|Mold Breaker\n|turn|10\n|\n|t:|1695173191\n|move|p1a: Ogerpon|U-turn|p2a: Oscary\n|-supereffective|p2a: Oscary\n|-damage|p2a: Oscary|44/100\n|\n|t:|1695173195\n|switch|p1a: Roaring Moon|Roaring Moon|100/100|[from] U-turn\n|-enditem|p1a: Roaring Moon|Booster Energy\n|-activate|p1a: Roaring Moon|ability: Protosynthesis|[fromitem]\n|-start|p1a: Roaring Moon|protosynthesisatk\n|move|p2a: Oscary|Toxic|p1a: Roaring Moon\n|-status|p1a: Roaring Moon|tox\n|\n|-heal|p2a: Oscary|50/100|[from] item: Leftovers\n|-damage|p1a: Roaring Moon|95/100 tox|[from] psn\n|upkeep\n|turn|11\n|\n|t:|1695173205\n|switch|p2a: Landorus|Landorus-Therian, M|100/100\n|-ability|p2a: Landorus|Intimidate|boost\n|-unboost|p1a: Roaring Moon|atk|1\n|move|p1a: Roaring Moon|Dragon Dance|p1a: Roaring Moon\n|-boost|p1a: Roaring Moon|atk|1\n|-boost|p1a: Roaring Moon|spe|1\n|\n|-damage|p1a: Roaring Moon|83/100 tox|[from] psn\n|upkeep\n|turn|12\n|\n|t:|1695173216\n|move|p1a: Roaring Moon|Dragon Dance|p1a: Roaring Moon\n|-boost|p1a: Roaring Moon|atk|1\n|-boost|p1a: Roaring Moon|spe|1\n|move|p2a: Landorus|U-turn|p1a: Roaring Moon\n|-supereffective|p1a: Roaring Moon\n|-damage|p1a: Roaring Moon|27/100 tox\n|\n|t:|1695173230\n|switch|p2a: Hecberth|Glimmora, M, shiny|63/100 brn|[from] U-turn\n|\n|-damage|p1a: Roaring Moon|9/100 tox|[from] psn\n|-damage|p2a: Hecberth|57/100 brn|[from] brn\n|upkeep\n|turn|13\n|\n|t:|1695173237\n|move|p1a: Roaring Moon|Earthquake|p2a: Hecberth\n|-supereffective|p2a: Hecberth\n|-damage|p2a: Hecberth|0 fnt\n|-activate|p2a: Hecberth|ability: Toxic Debris\n|-sidestart|p1: Aggarcia8|move: Toxic Spikes\n|faint|p2a: Hecberth\n|\n|-damage|p1a: Roaring Moon|0 fnt|[from] psn\n|faint|p1a: Roaring Moon\n|-end|p1a: Roaring Moon|Protosynthesis|[silent]\n|upkeep\n|\n|t:|1695173250\n|switch|p1a: Ursaluna|Ursaluna-Bloodmoon, M|100/100\n|switch|p2a: Infernape|Infernape, F|100/100\n|-status|p1a: Ursaluna|psn\n|turn|14\n|\n|t:|1695173257\n|move|p2a: Infernape|Drain Punch|p1a: Ursaluna\n|-supereffective|p1a: Ursaluna\n|-damage|p1a: Ursaluna|15/100 psn\n|move|p1a: Ursaluna|Earth Power|p2a: Infernape\n|-supereffective|p2a: Infernape\n|-damage|p2a: Infernape|0 fnt\n|faint|p2a: Infernape\n|\n|-damage|p1a: Ursaluna|3/100 psn|[from] psn\n|upkeep\n|\n|t:|1695173268\n|switch|p2a: Oscary|Umbreon, F, shiny|50/100\n|turn|15\n|\n|t:|1695173271\n|move|p2a: Oscary|Protect|p2a: Oscary\n|-singleturn|p2a: Oscary|Protect\n|move|p1a: Ursaluna|Vacuum Wave|p2a: Oscary\n|-activate|p2a: Oscary|move: Protect\n|\n|-heal|p2a: Oscary|56/100|[from] item: Leftovers\n|-damage|p1a: Ursaluna|0 fnt|[from] psn\n|faint|p1a: Ursaluna\n|upkeep\n|\n|t:|1695173275\n|switch|p1a: Ogerpon|Ogerpon-Hearthflame, F|100/100\n|-status|p1a: Ogerpon|psn\n|-ability|p1a: Ogerpon|Mold Breaker\n|turn|16\n|\n|t:|1695173280\n|switch|p2a: Landorus|Landorus-Therian, M|100/100\n|-ability|p2a: Landorus|Intimidate|boost\n|-unboost|p1a: Ogerpon|atk|1\n|-terastallize|p1a: Ogerpon|Fire\n|detailschange|p1a: Ogerpon|Ogerpon-Hearthflame-Tera, F, tera:Fire\n|-ability|p1a: Ogerpon|Embody Aspect (Hearthflame)|boost\n|-boost|p1a: Ogerpon|atk|1\n|move|p1a: Ogerpon|Ivy Cudgel|p2a: Landorus\n|-damage|p2a: Landorus|50/100\n|\n|-damage|p1a: Ogerpon|88/100 psn|[from] psn\n|upkeep\n|turn|17\n|-message|Aggarcia8 forfeited.\n|\n|win|Kiky14\n|raw|Aggarcia8's rating: 1151 &rarr; <strong>1126</strong><br />(-25 for losing)\n|raw|Kiky14's rating: 1145 &rarr; <strong>1170</strong><br />(+25 for winning)\n|l|\u2606Aggarcia8\n", "uploadtime": 1695173344, "views": 3, "p1id": "aggarcia8", "p2id": "kiky14", "formatid": "gen9ou", "rating": 1126, "private": 0, "password": ""}