{"id": "gen9ou-1947516313", "p1": "NarutoGaming7", "p2": "Cpt Shenanigans", "format": "gen9ou", "log": "|j|\u2606NarutoGaming7\n|j|\u2606Cpt Shenanigans\n|t:|1695168319\n|gametype|singles\n|player|p1|NarutoGaming7|101|1329\n|player|p2|Cpt Shenanigans|rocketgruntf|1369\n|teamsize|p1|6\n|teamsize|p2|6\n|gen|9\n|tier|[Gen 9] OU\n|rated|\n|rule|Sleep Clause Mod: Limit one foe put to sleep\n|rule|Species Clause: Limit one of each Pok\u00e9mon\n|rule|OHKO Clause: OHKO moves are banned\n|rule|Evasion Items Clause: Evasion items are banned\n|rule|Evasion Moves Clause: Evasion moves are banned\n|rule|Endless Battle Clause: Forcing endless battles is banned\n|rule|HP Percentage Mod: HP is shown in percentages\n|clearpoke\n|poke|p1|Ogerpon-Hearthflame, F|\n|poke|p1|Ninetales, F|\n|poke|p1|Walking Wake|\n|poke|p1|Great Tusk|\n|poke|p1|Lilligant-Hisui, F|\n|poke|p1|Munkidori, M|\n|poke|p2|Tauros-Paldea-Blaze, M|\n|poke|p2|Great Tusk|\n|poke|p2|Empoleon, M|\n|poke|p2|Munkidori, M|\n|poke|p2|Ogerpon, F|\n|poke|p2|Iron Valiant|\n|teampreview\n|inactive|Battle timer is ON: inactive players will automatically lose when time's up. (requested by Cpt Shenanigans)\n|\n|t:|1695168336\n|start\n|switch|p1a: Ninetales|Ninetales, F, shiny|100/100\n|switch|p2a: Empoleon|Empoleon, M|100/100\n|-weather|SunnyDay|[from] ability: Drought|[of] p1a: Ninetales\n|turn|1\n|\n|t:|1695168355\n|switch|p1a: Lilligant|Lilligant-Hisui, F, shiny|100/100\n|move|p2a: Empoleon|Stealth Rock|p1a: Lilligant\n|-sidestart|p1: NarutoGaming7|move: Stealth Rock\n|\n|-weather|SunnyDay|[upkeep]\n|upkeep\n|turn|2\n|\n|t:|1695168360\n|switch|p2a: Ogerpon|Ogerpon, F|100/100\n|move|p1a: Lilligant|Solar Blade||[still]\n|-prepare|p1a: Lilligant|Solar Blade\n|-anim|p1a: Lilligant|Solar Blade|p2a: Ogerpon\n|-resisted|p2a: Ogerpon\n|-crit|p2a: Ogerpon\n|-damage|p2a: Ogerpon|14/100\n|\n|-weather|SunnyDay|[upkeep]\n|upkeep\n|turn|3\n|inactive|NarutoGaming7 has 120 seconds left.\n|\n|t:|1695168395\n|move|p1a: Lilligant|Solar Blade||[still]\n|-prepare|p1a: Lilligant|Solar Blade\n|-anim|p1a: Lilligant|Solar Blade|p2a: Ogerpon\n|-resisted|p2a: Ogerpon\n|-damage|p2a: Ogerpon|0 fnt\n|faint|p2a: Ogerpon\n|\n|-weather|SunnyDay|[upkeep]\n|upkeep\n|\n|t:|1695168400\n|switch|p2a: Munkidori|Munkidori, M|100/100\n|turn|4\n|inactive|NarutoGaming7 has 120 seconds left.\n|inactive|NarutoGaming7 has 90 seconds left.\n|inactive|NarutoGaming7 has 60 seconds left.\n|\n|t:|1695168476\n|-terastallize|p1a: Lilligant|Grass\n|move|p1a: Lilligant|Solar Blade||[still]\n|-prepare|p1a: Lilligant|Solar Blade\n|-anim|p1a: Lilligant|Solar Blade|p2a: Munkidori\n|-resisted|p2a: Munkidori\n|-crit|p2a: Munkidori\n|-damage|p2a: Munkidori|0 fnt\n|faint|p2a: Munkidori\n|\n|-weather|SunnyDay|[upkeep]\n|upkeep\n|\n|t:|1695168484\n|switch|p2a: Tauros|Tauros-Paldea-Blaze, M|100/100\n|turn|5\n|inactive|NarutoGaming7 has 60 seconds left.\n|\n|t:|1695168521\n|switch|p1a: Great Tusk|Great Tusk|100/100\n|-activate|p1a: Great Tusk|ability: Protosynthesis\n|-start|p1a: Great Tusk|protosynthesisdef\n|move|p2a: Tauros|Raging Bull|p1a: Great Tusk\n|-damage|p1a: Great Tusk|74/100\n|\n|-weather|SunnyDay|[upkeep]\n|upkeep\n|turn|6\n|\n|t:|1695168528\n|switch|p2a: Great Tusk|Great Tusk|100/100\n|-activate|p2a: Great Tusk|ability: Protosynthesis\n|-start|p2a: Great Tusk|protosynthesisdef\n|move|p1a: Great Tusk|Rapid Spin|p2a: Great Tusk\n|-damage|p2a: Great Tusk|94/100\n|-boost|p1a: Great Tusk|spe|1\n|-sideend|p1: NarutoGaming7|Stealth Rock|[from] move: Rapid Spin|[of] p1a: Great Tusk\n|\n|-weather|SunnyDay|[upkeep]\n|-heal|p2a: Great Tusk|99/100|[from] item: Leftovers\n|upkeep\n|turn|7\n|\n|t:|1695168538\n|move|p1a: Great Tusk|Body Press|p2a: Great Tusk\n|-damage|p2a: Great Tusk|81/100\n|move|p2a: Great Tusk|Knock Off|p1a: Great Tusk\n|-resisted|p1a: Great Tusk\n|-damage|p1a: Great Tusk|69/100\n|-enditem|p1a: Great Tusk|Heavy-Duty Boots|[from] move: Knock Off|[of] p2a: Great Tusk\n|\n|-weather|SunnyDay|[upkeep]\n|-heal|p2a: Great Tusk|88/100|[from] item: Leftovers\n|upkeep\n|turn|8\n|\n|t:|1695168556\n|-end|p1a: Great Tusk|Protosynthesis|[silent]\n|switch|p1a: Walking Wake|Walking Wake|100/100\n|-activate|p1a: Walking Wake|ability: Protosynthesis\n|-start|p1a: Walking Wake|protosynthesisspe\n|move|p2a: Great Tusk|Rapid Spin|p1a: Walking Wake\n|-damage|p1a: Walking Wake|84/100\n|-boost|p2a: Great Tusk|spe|1\n|\n|-weather|none\n|-end|p1a: Walking Wake|Protosynthesis\n|-end|p2a: Great Tusk|Protosynthesis\n|-heal|p2a: Great Tusk|94/100|[from] item: Leftovers\n|upkeep\n|turn|9\n|\n|t:|1695168564\n|-end|p2a: Great Tusk|Protosynthesis|[silent]\n|switch|p2a: Empoleon|Empoleon, M|100/100\n|move|p1a: Walking Wake|Hydro Steam|p2a: Empoleon\n|-resisted|p2a: Empoleon\n|-damage|p2a: Empoleon|83/100\n|-damage|p1a: Walking Wake|74/100|[from] item: Life Orb\n|\n|-heal|p2a: Empoleon|89/100|[from] item: Leftovers\n|upkeep\n|turn|10\n|\n|t:|1695168570\n|-end|p1a: Walking Wake|Protosynthesis|[silent]\n|switch|p1a: Ninetales|Ninetales, F, shiny|100/100\n|-weather|SunnyDay|[from] ability: Drought|[of] p1a: Ninetales\n|move|p2a: Empoleon|Stealth Rock|p1a: Ninetales\n|-sidestart|p1: NarutoGaming7|move: Stealth Rock\n|\n|-weather|SunnyDay|[upkeep]\n|-heal|p2a: Empoleon|95/100|[from] item: Leftovers\n|upkeep\n|turn|11\n|inactive|NarutoGaming7 has 60 seconds left.\n|\n|t:|1695168582\n|switch|p2a: Tauros|Tauros-Paldea-Blaze, M|100/100\n|move|p1a: Ninetales|Encore||[still]\n|-fail|p1a: Ninetales\n|\n|-weather|SunnyDay|[upkeep]\n|upkeep\n|turn|12\n|inactive|NarutoGaming7 has 60 seconds left.\n|\n|t:|1695168589\n|switch|p1a: Great Tusk|Great Tusk|69/100\n|-damage|p1a: Great Tusk|66/100|[from] Stealth Rock\n|-activate|p1a: Great Tusk|ability: Protosynthesis\n|-start|p1a: Great Tusk|protosynthesisdef\n|move|p2a: Tauros|Close Combat|p1a: Great Tusk\n|-damage|p1a: Great Tusk|44/100\n|-unboost|p2a: Tauros|def|1\n|-unboost|p2a: Tauros|spd|1\n|\n|-weather|SunnyDay|[upkeep]\n|upkeep\n|turn|13\n|\n|t:|1695168594\n|switch|p2a: Great Tusk|Great Tusk|94/100\n|-activate|p2a: Great Tusk|ability: Protosynthesis\n|-start|p2a: Great Tusk|protosynthesisdef\n|move|p1a: Great Tusk|Earthquake|p2a: Great Tusk\n|-damage|p2a: Great Tusk|76/100\n|\n|-weather|SunnyDay|[upkeep]\n|-heal|p2a: Great Tusk|83/100|[from] item: Leftovers\n|upkeep\n|turn|14\n|\n|t:|1695168605\n|move|p2a: Great Tusk|Earthquake|p1a: Great Tusk\n|-damage|p1a: Great Tusk|27/100\n|move|p1a: Great Tusk|Rapid Spin|p2a: Great Tusk\n|-damage|p2a: Great Tusk|76/100\n|-boost|p1a: Great Tusk|spe|1\n|-sideend|p1: NarutoGaming7|Stealth Rock|[from] move: Rapid Spin|[of] p1a: Great Tusk\n|\n|-weather|SunnyDay|[upkeep]\n|-heal|p2a: Great Tusk|82/100|[from] item: Leftovers\n|upkeep\n|turn|15\n|\n|t:|1695168612\n|-end|p1a: Great Tusk|Protosynthesis|[silent]\n|switch|p1a: Lilligant|Lilligant-Hisui, F, shiny, tera:Grass|100/100\n|move|p2a: Great Tusk|Earthquake|p1a: Lilligant\n|-resisted|p1a: Lilligant\n|-damage|p1a: Lilligant|66/100\n|\n|-weather|SunnyDay|[upkeep]\n|-heal|p2a: Great Tusk|89/100|[from] item: Leftovers\n|upkeep\n|turn|16\n|\n|t:|1695168628\n|-terastallize|p2a: Great Tusk|Fire\n|move|p1a: Lilligant|Solar Blade||[still]\n|-prepare|p1a: Lilligant|Solar Blade\n|-anim|p1a: Lilligant|Solar Blade|p2a: Great Tusk\n|-resisted|p2a: Great Tusk\n|-damage|p2a: Great Tusk|65/100\n|move|p2a: Great Tusk|Rapid Spin|p1a: Lilligant\n|-damage|p1a: Lilligant|44/100\n|-boost|p2a: Great Tusk|spe|1\n|\n|-weather|SunnyDay|[upkeep]\n|-heal|p2a: Great Tusk|71/100|[from] item: Leftovers\n|upkeep\n|turn|17\n|inactive|NarutoGaming7 has 90 seconds left.\n|\n|t:|1695168651\n|switch|p1a: Ninetales|Ninetales, F, shiny|100/100\n|move|p2a: Great Tusk|Earthquake|p1a: Ninetales\n|-supereffective|p1a: Ninetales\n|-damage|p1a: Ninetales|0 fnt\n|faint|p1a: Ninetales\n|\n|-weather|none\n|-end|p2a: Great Tusk|Protosynthesis\n|-heal|p2a: Great Tusk|77/100|[from] item: Leftovers\n|upkeep\n|\n|t:|1695168660\n|switch|p1a: Walking Wake|Walking Wake|74/100\n|turn|18\n|\n|t:|1695168664\n|-end|p2a: Great Tusk|Protosynthesis|[silent]\n|switch|p2a: Empoleon|Empoleon, M|95/100\n|move|p1a: Walking Wake|Hydro Steam|p2a: Empoleon\n|-resisted|p2a: Empoleon\n|-damage|p2a: Empoleon|77/100\n|-damage|p1a: Walking Wake|64/100|[from] item: Life Orb\n|\n|-heal|p2a: Empoleon|84/100|[from] item: Leftovers\n|upkeep\n|turn|19\n|\n|t:|1695168671\n|-end|p1a: Walking Wake|Protosynthesis|[silent]\n|switch|p1a: Ogerpon|Ogerpon-Hearthflame, F, shiny|100/100\n|-ability|p1a: Ogerpon|Mold Breaker\n|move|p2a: Empoleon|Chilling Water|p1a: Ogerpon\n|-damage|p1a: Ogerpon|79/100\n|-unboost|p1a: Ogerpon|atk|1\n|\n|-heal|p2a: Empoleon|90/100|[from] item: Leftovers\n|upkeep\n|turn|20\n|\n|t:|1695168676\n|move|p1a: Ogerpon|Swords Dance|p1a: Ogerpon\n|-boost|p1a: Ogerpon|atk|2\n|move|p2a: Empoleon|Chilling Water|p1a: Ogerpon\n|-damage|p1a: Ogerpon|56/100\n|-unboost|p1a: Ogerpon|atk|1\n|\n|-heal|p2a: Empoleon|96/100|[from] item: Leftovers\n|upkeep\n|turn|21\n|\n|t:|1695168686\n|move|p1a: Ogerpon|Swords Dance|p1a: Ogerpon\n|-boost|p1a: Ogerpon|atk|2\n|move|p2a: Empoleon|Chilling Water|p1a: Ogerpon\n|-damage|p1a: Ogerpon|34/100\n|-unboost|p1a: Ogerpon|atk|1\n|\n|-heal|p2a: Empoleon|100/100|[from] item: Leftovers\n|upkeep\n|turn|22\n|\n|t:|1695168689\n|switch|p2a: Tauros|Tauros-Paldea-Blaze, M|100/100\n|move|p1a: Ogerpon|Ivy Cudgel|p2a: Tauros\n|-resisted|p2a: Tauros\n|-damage|p2a: Tauros|53/100\n|\n|upkeep\n|turn|23\n|inactive|NarutoGaming7 has 120 seconds left.\n|\n|t:|1695168705\n|move|p2a: Tauros|Endure|p2a: Tauros\n|-singleturn|p2a: Tauros|move: Endure\n|move|p1a: Ogerpon|Ivy Cudgel|p2a: Tauros\n|-resisted|p2a: Tauros\n|-damage|p2a: Tauros|3/100\n|\n|upkeep\n|turn|24\n|-enditem|p2a: Tauros|Custap Berry|[eat]\n|-activate|p2a: Tauros|item: Custap Berry|[consumed]\n|\n|t:|1695168708\n|move|p2a: Tauros|Close Combat|p1a: Ogerpon\n|-damage|p1a: Ogerpon|0 fnt\n|-unboost|p2a: Tauros|def|1\n|-unboost|p2a: Tauros|spd|1\n|faint|p1a: Ogerpon\n|\n|upkeep\n|inactive|NarutoGaming7 has 120 seconds left.\n|\n|t:|1695168723\n|switch|p1a: Walking Wake|Walking Wake|64/100\n|turn|25\n|\n|t:|1695168728\n|switch|p2a: Empoleon|Empoleon, M|100/100\n|move|p1a: Walking Wake|Hydro Steam|p2a: Empoleon\n|-resisted|p2a: Empoleon\n|-damage|p2a: Empoleon|82/100\n|-damage|p1a: Walking Wake|54/100|[from] item: Life Orb\n|\n|-heal|p2a: Empoleon|88/100|[from] item: Leftovers\n|upkeep\n|turn|26\n|\n|t:|1695168735\n|move|p1a: Walking Wake|Draco Meteor|p2a: Empoleon|[miss]\n|-miss|p1a: Walking Wake|p2a: Empoleon\n|move|p2a: Empoleon|Chilling Water|p1a: Walking Wake\n|-resisted|p1a: Walking Wake\n|-damage|p1a: Walking Wake|48/100\n|-unboost|p1a: Walking Wake|atk|1\n|\n|-heal|p2a: Empoleon|95/100|[from] item: Leftovers\n|upkeep\n|turn|27\n|\n|t:|1695168743\n|-end|p1a: Walking Wake|Protosynthesis|[silent]\n|switch|p1a: Munkidori|Munkidori, M|100/100\n|move|p2a: Empoleon|Stealth Rock|p1a: Munkidori\n|-sidestart|p1: NarutoGaming7|move: Stealth Rock\n|\n|-heal|p2a: Empoleon|100/100|[from] item: Leftovers\n|upkeep\n|turn|28\n|\n|t:|1695168749\n|move|p1a: Munkidori|Shadow Ball|p2a: Empoleon\n|-damage|p2a: Empoleon|74/100\n|-unboost|p2a: Empoleon|spd|1\n|-ability|p2a: Empoleon|Competitive|boost\n|-boost|p2a: Empoleon|spa|2\n|move|p2a: Empoleon|Flash Cannon|p1a: Munkidori\n|-damage|p1a: Munkidori|31/100\n|\n|-heal|p2a: Empoleon|81/100|[from] item: Leftovers\n|upkeep\n|turn|29\n|\n|t:|1695168759\n|move|p1a: Munkidori|Shadow Ball|p2a: Empoleon\n|-damage|p2a: Empoleon|40/100\n|move|p2a: Empoleon|Flash Cannon|p1a: Munkidori\n|-damage|p1a: Munkidori|0 fnt\n|faint|p1a: Munkidori\n|\n|-heal|p2a: Empoleon|46/100|[from] item: Leftovers\n|upkeep\n|\n|t:|1695168766\n|switch|p1a: Great Tusk|Great Tusk|27/100\n|-damage|p1a: Great Tusk|24/100|[from] Stealth Rock\n|turn|30\n|\n|t:|1695168778\n|switch|p2a: Great Tusk|Great Tusk, tera:Fire|77/100\n|move|p1a: Great Tusk|Earthquake|p2a: Great Tusk\n|-supereffective|p2a: Great Tusk\n|-damage|p2a: Great Tusk|29/100\n|\n|-heal|p2a: Great Tusk|35/100|[from] item: Leftovers\n|upkeep\n|turn|31\n|\n|t:|1695168794\n|move|p2a: Great Tusk|Body Press|p1a: Great Tusk\n|-damage|p1a: Great Tusk|3/100\n|move|p1a: Great Tusk|Earthquake|p2a: Great Tusk\n|-supereffective|p2a: Great Tusk\n|-damage|p2a: Great Tusk|0 fnt\n|faint|p2a: Great Tusk\n|-end|p2a: Great Tusk|Protosynthesis|[silent]\n|\n|upkeep\n|\n|t:|1695168800\n|switch|p2a: Tauros|Tauros-Paldea-Blaze, M|3/100\n|turn|32\n|\n|t:|1695168828\n|move|p2a: Tauros|Close Combat|p1a: Great Tusk\n|-damage|p1a: Great Tusk|0 fnt\n|-unboost|p2a: Tauros|def|1\n|-unboost|p2a: Tauros|spd|1\n|faint|p1a: Great Tusk\n|-end|p1a: Great Tusk|Protosynthesis|[silent]\n|\n|upkeep\n|\n|t:|1695168835\n|switch|p1a: Walking Wake|Walking Wake|48/100\n|-damage|p1a: Walking Wake|36/100|[from] Stealth Rock\n|turn|33\n|\n|t:|1695168842\n|move|p2a: Tauros|Endure|p2a: Tauros\n|-singleturn|p2a: Tauros|move: Endure\n|move|p1a: Walking Wake|Dragon Pulse|p2a: Tauros\n|-activate|p2a: Tauros|move: Endure\n|-damage|p2a: Tauros|1/100\n|-damage|p1a: Walking Wake|26/100|[from] item: Life Orb\n|\n|upkeep\n|turn|34\n|\n|t:|1695168850\n|move|p1a: Walking Wake|Dragon Pulse|p2a: Tauros\n|-damage|p2a: Tauros|0 fnt\n|faint|p2a: Tauros\n|-damage|p1a: Walking Wake|16/100|[from] item: Life Orb\n|\n|upkeep\n|\n|t:|1695168861\n|switch|p2a: Iron Valiant|Iron Valiant|100/100\n|-enditem|p2a: Iron Valiant|Booster Energy\n|-activate|p2a: Iron Valiant|ability: Quark Drive|[fromitem]\n|-start|p2a: Iron Valiant|quarkdrivespe\n|turn|35\n|\n|t:|1695168866\n|move|p2a: Iron Valiant|Moonblast|p1a: Walking Wake\n|-supereffective|p1a: Walking Wake\n|-damage|p1a: Walking Wake|0 fnt\n|faint|p1a: Walking Wake\n|-end|p1a: Walking Wake|Protosynthesis|[silent]\n|\n|upkeep\n|\n|t:|1695168867\n|switch|p1a: Lilligant|Lilligant-Hisui, F, shiny, tera:Grass|44/100\n|-damage|p1a: Lilligant|31/100|[from] Stealth Rock\n|turn|36\n|\n|t:|1695168870\n|move|p2a: Iron Valiant|Moonblast|p1a: Lilligant\n|-damage|p1a: Lilligant|0 fnt\n|faint|p1a: Lilligant\n|\n|win|Cpt Shenanigans\n|raw|NarutoGaming7's rating: 1329 &rarr; <strong>1311</strong><br />(-18 for losing)\n|raw|Cpt Shenanigans's rating: 1369 &rarr; <strong>1387</strong><br />(+18 for winning)\n|l|\u2606NarutoGaming7\n", "uploadtime": 1695168885, "views": 1, "p1id": "narutogaming7", "p2id": "cptshenanigans", "formatid": "gen9ou", "rating": 1311, "private": 0, "password": ""}