{"id": "gen9ou-1947523063", "p1": "Neil278", "p2": "ssssss123", "format": "gen9ou", "log": "|j|\u2606Neil278\n|j|\u2606ssssss123\n|t:|1695168996\n|gametype|singles\n|player|p1|Neil278|265|1380\n|player|p2|ssssss123|lucas|1425\n|teamsize|p1|6\n|teamsize|p2|6\n|gen|9\n|tier|[Gen 9] OU\n|rated|\n|rule|Sleep Clause Mod: Limit one foe put to sleep\n|rule|Species Clause: Limit one of each Pok\u00e9mon\n|rule|OHKO Clause: OHKO moves are banned\n|rule|Evasion Items Clause: Evasion items are banned\n|rule|Evasion Moves Clause: Evasion moves are banned\n|rule|Endless Battle Clause: Forcing endless battles is banned\n|rule|HP Percentage Mod: HP is shown in percentages\n|clearpoke\n|poke|p1|Ogerpon-Hearthflame, F|\n|poke|p1|Ribombee, M|\n|poke|p1|Gholdengo|\n|poke|p1|Rillaboom, F|\n|poke|p1|Samurott-Hisui, M|\n|poke|p1|Toxapex, F|\n|poke|p2|Walking Wake|\n|poke|p2|Torkoal, F|\n|poke|p2|Great Tusk|\n|poke|p2|Heatran, M|\n|poke|p2|Clodsire, M|\n|poke|p2|Ogerpon-Hearthflame, F|\n|teampreview\n|\n|t:|1695169003\n|start\n|switch|p1a: Ribombee|Ribombee, M|100/100\n|switch|p2a: Heatran|Heatran, M|100/100\n|turn|1\n|\n|t:|1695169005\n|move|p1a: Ribombee|Sticky Web|p2a: Heatran\n|-sidestart|p2: ssssss123|move: Sticky Web\n|move|p2a: Heatran|Magma Storm|p1a: Ribombee\n|-supereffective|p1a: Ribombee\n|-enditem|p1a: Ribombee|Focus Sash\n|-damage|p1a: Ribombee|1/100\n|-activate|p1a: Ribombee|move: Magma Storm|[of] p2a: Heatran\n|\n|-damage|p1a: Ribombee|0 fnt|[from] move: Magma Storm|[partiallytrapped]\n|faint|p1a: Ribombee\n|upkeep\n|\n|t:|1695169014\n|switch|p1a: Samurott|Samurott-Hisui, M|100/100\n|turn|2\n|\n|t:|1695169017\n|switch|p2a: Great Tusk|Great Tusk|100/100\n|-activate|p2a: Great Tusk|move: Sticky Web\n|-unboost|p2a: Great Tusk|spe|1\n|move|p1a: Samurott|Ceaseless Edge|p2a: Great Tusk\n|-resisted|p2a: Great Tusk\n|-damage|p2a: Great Tusk|86/100\n|-sidestart|p2: ssssss123|Spikes\n|\n|-heal|p2a: Great Tusk|92/100|[from] item: Leftovers\n|upkeep\n|turn|3\n|\n|t:|1695169022\n|switch|p1a: Gholdengo|Gholdengo|100/100\n|move|p2a: Great Tusk|Ice Spinner|p1a: Gholdengo\n|-resisted|p1a: Gholdengo\n|-damage|p1a: Gholdengo|86/100\n|\n|-heal|p1a: Gholdengo|92/100|[from] item: Leftovers\n|-heal|p2a: Great Tusk|99/100|[from] item: Leftovers\n|upkeep\n|turn|4\n|\n|t:|1695169036\n|switch|p1a: Rillaboom|Rillaboom, F|100/100\n|-fieldstart|move: Grassy Terrain|[from] ability: Grassy Surge|[of] p1a: Rillaboom\n|-end|p2a: Great Tusk|Protosynthesis|[silent]\n|switch|p2a: Heatran|Heatran, M|100/100\n|-activate|p2a: Heatran|move: Sticky Web\n|-unboost|p2a: Heatran|spe|1\n|-damage|p2a: Heatran|88/100|[from] Spikes\n|\n|-heal|p2a: Heatran|94/100|[from] Grassy Terrain\n|upkeep\n|turn|5\n|\n|t:|1695169060\n|switch|p2a: Torkoal|Torkoal, F|100/100\n|-activate|p2a: Torkoal|move: Sticky Web\n|-unboost|p2a: Torkoal|spe|1\n|-damage|p2a: Torkoal|88/100|[from] Spikes\n|-weather|SunnyDay|[from] ability: Drought|[of] p2a: Torkoal\n|-terastallize|p1a: Rillaboom|Fire\n|move|p1a: Rillaboom|High Horsepower|p2a: Torkoal\n|-supereffective|p2a: Torkoal\n|-damage|p2a: Torkoal|25/100\n|\n|-weather|SunnyDay|[upkeep]\n|-heal|p2a: Torkoal|31/100|[from] Grassy Terrain\n|upkeep\n|turn|6\n|\n|t:|1695169068\n|move|p1a: Rillaboom|High Horsepower|p2a: Torkoal\n|-supereffective|p2a: Torkoal\n|-damage|p2a: Torkoal|0 fnt\n|faint|p2a: Torkoal\n|\n|-weather|SunnyDay|[upkeep]\n|upkeep\n|\n|t:|1695169069\n|switch|p2a: Great Tusk|Great Tusk|99/100\n|-activate|p2a: Great Tusk|move: Sticky Web\n|-unboost|p2a: Great Tusk|spe|1\n|-damage|p2a: Great Tusk|86/100|[from] Spikes\n|-activate|p2a: Great Tusk|ability: Protosynthesis\n|-start|p2a: Great Tusk|protosynthesisdef\n|turn|7\n|\n|t:|1695169079\n|switch|p1a: Ogerpon|Ogerpon-Hearthflame, F|100/100\n|-ability|p1a: Ogerpon|Mold Breaker\n|-terastallize|p2a: Great Tusk|Dragon\n|move|p2a: Great Tusk|Earthquake|p1a: Ogerpon\n|-damage|p1a: Ogerpon|70/100\n|\n|-weather|SunnyDay|[upkeep]\n|-heal|p1a: Ogerpon|76/100|[from] Grassy Terrain\n|-heal|p2a: Great Tusk|92/100|[from] Grassy Terrain\n|-heal|p2a: Great Tusk|99/100|[from] item: Leftovers\n|upkeep\n|turn|8\n|\n|t:|1695169087\n|move|p1a: Ogerpon|Horn Leech|p2a: Great Tusk\n|-resisted|p2a: Great Tusk\n|-damage|p2a: Great Tusk|83/100\n|-heal|p1a: Ogerpon|85/100|[from] drain|[of] p2a: Great Tusk\n|move|p2a: Great Tusk|Bulk Up|p2a: Great Tusk\n|-boost|p2a: Great Tusk|atk|1\n|-boost|p2a: Great Tusk|def|1\n|\n|-weather|SunnyDay|[upkeep]\n|-heal|p1a: Ogerpon|91/100|[from] Grassy Terrain\n|-heal|p2a: Great Tusk|89/100|[from] Grassy Terrain\n|-heal|p2a: Great Tusk|96/100|[from] item: Leftovers\n|-fieldend|move: Grassy Terrain\n|upkeep\n|turn|9\n|\n|t:|1695169090\n|move|p1a: Ogerpon|Ivy Cudgel|p2a: Great Tusk\n|-resisted|p2a: Great Tusk\n|-damage|p2a: Great Tusk|81/100\n|move|p2a: Great Tusk|Rapid Spin|p1a: Ogerpon\n|-damage|p1a: Ogerpon|60/100\n|-boost|p2a: Great Tusk|spe|1\n|-sideend|p2: ssssss123|Spikes|[from] move: Rapid Spin|[of] p2a: Great Tusk\n|-sideend|p2: ssssss123|Sticky Web|[from] move: Rapid Spin|[of] p2a: Great Tusk\n|\n|-weather|SunnyDay|[upkeep]\n|-heal|p2a: Great Tusk|87/100|[from] item: Leftovers\n|upkeep\n|turn|10\n|\n|t:|1695169096\n|move|p1a: Ogerpon|U-turn|p2a: Great Tusk\n|-damage|p2a: Great Tusk|77/100\n|\n|t:|1695169099\n|switch|p1a: Gholdengo|Gholdengo|92/100|[from] U-turn\n|move|p2a: Great Tusk|Earthquake|p1a: Gholdengo\n|-supereffective|p1a: Gholdengo\n|-damage|p1a: Gholdengo|0 fnt\n|faint|p1a: Gholdengo\n|\n|-weather|SunnyDay|[upkeep]\n|-heal|p2a: Great Tusk|83/100|[from] item: Leftovers\n|upkeep\n|\n|t:|1695169105\n|switch|p1a: Rillaboom|Rillaboom, F, tera:Fire|100/100\n|-fieldstart|move: Grassy Terrain|[from] ability: Grassy Surge|[of] p1a: Rillaboom\n|turn|11\n|\n|t:|1695169112\n|move|p2a: Great Tusk|Bulk Up|p2a: Great Tusk\n|-boost|p2a: Great Tusk|atk|1\n|-boost|p2a: Great Tusk|def|1\n|move|p1a: Rillaboom|Drain Punch|p2a: Great Tusk\n|-damage|p2a: Great Tusk|73/100\n|\n|-weather|SunnyDay|[upkeep]\n|-heal|p2a: Great Tusk|79/100|[from] Grassy Terrain\n|-heal|p2a: Great Tusk|85/100|[from] item: Leftovers\n|upkeep\n|turn|12\n|\n|t:|1695169118\n|move|p2a: Great Tusk|Rapid Spin|p1a: Rillaboom\n|-damage|p1a: Rillaboom|74/100\n|-boost|p2a: Great Tusk|spe|1\n|move|p1a: Rillaboom|Drain Punch|p2a: Great Tusk\n|-damage|p2a: Great Tusk|74/100\n|-heal|p1a: Rillaboom|78/100|[from] drain|[of] p2a: Great Tusk\n|\n|-weather|none\n|-end|p2a: Great Tusk|Protosynthesis\n|-heal|p2a: Great Tusk|80/100|[from] Grassy Terrain\n|-heal|p2a: Great Tusk|87/100|[from] item: Leftovers\n|-heal|p1a: Rillaboom|85/100|[from] Grassy Terrain\n|upkeep\n|turn|13\n|\n|t:|1695169122\n|switch|p1a: Toxapex|Toxapex, F|100/100\n|move|p2a: Great Tusk|Ice Spinner|p1a: Toxapex\n|-resisted|p1a: Toxapex\n|-damage|p1a: Toxapex|84/100\n|-fieldend|move: Grassy Terrain\n|\n|-heal|p2a: Great Tusk|93/100|[from] item: Leftovers\n|-heal|p1a: Toxapex|90/100|[from] item: Black Sludge\n|upkeep\n|turn|14\n|\n|t:|1695169125\n|switch|p1a: Rillaboom|Rillaboom, F, tera:Fire|85/100\n|-fieldstart|move: Grassy Terrain|[from] ability: Grassy Surge|[of] p1a: Rillaboom\n|move|p2a: Great Tusk|Earthquake|p1a: Rillaboom\n|-supereffective|p1a: Rillaboom\n|-damage|p1a: Rillaboom|0 fnt\n|faint|p1a: Rillaboom\n|\n|-heal|p2a: Great Tusk|99/100|[from] Grassy Terrain\n|-heal|p2a: Great Tusk|100/100|[from] item: Leftovers\n|upkeep\n|\n|t:|1695169127\n|switch|p1a: Toxapex|Toxapex, F|100/100\n|turn|15\n|\n|t:|1695169130\n|move|p2a: Great Tusk|Ice Spinner|p1a: Toxapex\n|-resisted|p1a: Toxapex\n|-damage|p1a: Toxapex|82/100\n|-fieldend|move: Grassy Terrain\n|move|p1a: Toxapex|Haze|p1a: Toxapex\n|-clearallboost\n|\n|-heal|p1a: Toxapex|88/100|[from] item: Black Sludge\n|upkeep\n|turn|16\n|\n|t:|1695169133\n|move|p2a: Great Tusk|Earthquake|p1a: Toxapex\n|-supereffective|p1a: Toxapex\n|-damage|p1a: Toxapex|18/100\n|move|p1a: Toxapex|Toxic|p2a: Great Tusk\n|-status|p2a: Great Tusk|tox\n|\n|-heal|p1a: Toxapex|25/100|[from] item: Black Sludge\n|-damage|p2a: Great Tusk|94/100 tox|[from] psn\n|upkeep\n|turn|17\n|\n|t:|1695169137\n|switch|p1a: Samurott|Samurott-Hisui, M|100/100\n|move|p2a: Great Tusk|Rapid Spin|p1a: Samurott\n|-damage|p1a: Samurott|82/100\n|-boost|p2a: Great Tusk|spe|1\n|\n|-heal|p2a: Great Tusk|100/100 tox|[from] item: Leftovers\n|-damage|p2a: Great Tusk|88/100 tox|[from] psn\n|upkeep\n|turn|18\n|\n|t:|1695169140\n|move|p2a: Great Tusk|Earthquake|p1a: Samurott\n|-damage|p1a: Samurott|20/100\n|move|p1a: Samurott|Ceaseless Edge|p2a: Great Tusk\n|-damage|p2a: Great Tusk|56/100 tox\n|-sidestart|p2: ssssss123|Spikes\n|\n|-heal|p2a: Great Tusk|63/100 tox|[from] item: Leftovers\n|-damage|p2a: Great Tusk|44/100 tox|[from] psn\n|upkeep\n|turn|19\n|\n|t:|1695169143\n|move|p2a: Great Tusk|Earthquake|p1a: Samurott\n|-damage|p1a: Samurott|0 fnt\n|faint|p1a: Samurott\n|\n|-heal|p2a: Great Tusk|50/100 tox|[from] item: Leftovers\n|-damage|p2a: Great Tusk|25/100 tox|[from] psn\n|upkeep\n|\n|t:|1695169156\n|switch|p1a: Ogerpon|Ogerpon-Hearthflame, F|60/100\n|-ability|p1a: Ogerpon|Mold Breaker\n|turn|20\n|\n|t:|1695169160\n|move|p2a: Great Tusk|Earthquake|p1a: Ogerpon\n|-damage|p1a: Ogerpon|0 fnt\n|faint|p1a: Ogerpon\n|\n|-heal|p2a: Great Tusk|32/100 tox|[from] item: Leftovers\n|-damage|p2a: Great Tusk|1/100 tox|[from] psn\n|upkeep\n|\n|t:|1695169166\n|switch|p1a: Toxapex|Toxapex, F|58/100\n|turn|21\n|\n|t:|1695169168\n|move|p2a: Great Tusk|Earthquake|p1a: Toxapex\n|-supereffective|p1a: Toxapex\n|-damage|p1a: Toxapex|0 fnt\n|faint|p1a: Toxapex\n|\n|win|ssssss123\n|raw|Neil278's rating: 1380 &rarr; <strong>1363</strong><br />(-17 for losing)\n|raw|ssssss123's rating: 1425 &rarr; <strong>1442</strong><br />(+17 for winning)\n|l|\u2606Neil278\n", "uploadtime": 1695169188, "views": 4, "p1id": "neil278", "p2id": "ssssss123", "formatid": "gen9ou", "rating": 1363, "private": 0, "password": ""}