{"id": "gen9ou-1947516385", "p1": "Demoman9", "p2": "Michele Long", "format": "gen9ou", "log": "|j|\u2606Demoman9\n|j|\u2606Michele Long\n|t:|1695168327\n|gametype|singles\n|player|p1|Demoman9|266|1414\n|player|p2|Michele Long|dragontamer|1442\n|teamsize|p1|6\n|teamsize|p2|6\n|gen|9\n|tier|[Gen 9] OU\n|rated|\n|rule|Sleep Clause Mod: Limit one foe put to sleep\n|rule|Species Clause: Limit one of each Pok\u00e9mon\n|rule|OHKO Clause: OHKO moves are banned\n|rule|Evasion Items Clause: Evasion items are banned\n|rule|Evasion Moves Clause: Evasion moves are banned\n|rule|Endless Battle Clause: Forcing endless battles is banned\n|rule|HP Percentage Mod: HP is shown in percentages\n|clearpoke\n|poke|p1|Ninetales-Alola, F|\n|poke|p1|Roaring Moon|\n|poke|p1|Iron Valiant|\n|poke|p1|Ogerpon-Hearthflame, F|\n|poke|p1|Corviknight, F|\n|poke|p1|Okidogi, M|\n|poke|p2|Crawdaunt, F|\n|poke|p2|Great Tusk|\n|poke|p2|Fezandipiti, M|\n|poke|p2|Gliscor, M|\n|poke|p2|Ogerpon-Hearthflame, F|\n|poke|p2|Iron Moth|\n|teampreview\n|\n|t:|1695168347\n|start\n|switch|p1a: Ninetales|Ninetales-Alola, F|100/100\n|switch|p2a: Guy|Ogerpon-Hearthflame, F|100/100\n|-ability|p2a: Guy|Mold Breaker\n|-weather|Snow|[from] ability: Snow Warning|[of] p1a: Ninetales\n|turn|1\n|\n|t:|1695168354\n|-terastallize|p1a: Ninetales|Ground\n|move|p2a: Guy|Ivy Cudgel|p1a: Ninetales\n|-damage|p1a: Ninetales|9/100\n|move|p1a: Ninetales|Aurora Veil|p1a: Ninetales\n|-sidestart|p1: Demoman9|move: Aurora Veil\n|\n|-weather|Snow|[upkeep]\n|upkeep\n|turn|2\n|\n|t:|1695168366\n|move|p2a: Guy|Ivy Cudgel|p1a: Ninetales\n|-damage|p1a: Ninetales|0 fnt\n|faint|p1a: Ninetales\n|\n|-weather|Snow|[upkeep]\n|upkeep\n|\n|t:|1695168378\n|switch|p1a: Ogerpon|Ogerpon-Hearthflame, F|100/100\n|-ability|p1a: Ogerpon|Mold Breaker\n|turn|3\n|\n|t:|1695168393\n|-terastallize|p2a: Guy|Fire\n|detailschange|p2a: Guy|Ogerpon-Hearthflame-Tera, F, tera:Fire\n|-ability|p2a: Guy|Embody Aspect (Hearthflame)|boost\n|-boost|p2a: Guy|atk|1\n|move|p2a: Guy|Ivy Cudgel|p1a: Ogerpon\n|-damage|p1a: Ogerpon|19/100\n|move|p1a: Ogerpon|Swords Dance|p1a: Ogerpon\n|-boost|p1a: Ogerpon|atk|2\n|\n|-weather|Snow|[upkeep]\n|upkeep\n|turn|4\n|j| TotalCooper\n|\n|t:|1695168408\n|move|p2a: Guy|Ivy Cudgel|p1a: Ogerpon\n|-damage|p1a: Ogerpon|0 fnt\n|faint|p1a: Ogerpon\n|\n|-weather|Snow|[upkeep]\n|upkeep\n|\n|t:|1695168418\n|switch|p1a: Roaring Moon|Roaring Moon|100/100\n|turn|5\n|\n|t:|1695168425\n|switch|p2a: Not A Phan|Great Tusk|100/100\n|move|p1a: Roaring Moon|Dragon Dance|p1a: Roaring Moon\n|-boost|p1a: Roaring Moon|atk|1\n|-boost|p1a: Roaring Moon|spe|1\n|\n|-weather|none\n|upkeep\n|turn|6\n|\n|t:|1695168430\n|move|p1a: Roaring Moon|Dragon Dance|p1a: Roaring Moon\n|-boost|p1a: Roaring Moon|atk|1\n|-boost|p1a: Roaring Moon|spe|1\n|move|p2a: Not A Phan|Body Press|p1a: Roaring Moon\n|-supereffective|p1a: Roaring Moon\n|-damage|p1a: Roaring Moon|41/100\n|\n|upkeep\n|turn|7\n|\n|t:|1695168434\n|move|p1a: Roaring Moon|Scale Shot|p2a: Not A Phan\n|-damage|p2a: Not A Phan|87/100\n|-damage|p2a: Not A Phan|72/100\n|-damage|p2a: Not A Phan|57/100\n|-damage|p2a: Not A Phan|44/100\n|-damage|p2a: Not A Phan|29/100\n|-hitcount|p2a: Not A Phan|5\n|-unboost|p1a: Roaring Moon|def|1\n|-boost|p1a: Roaring Moon|spe|1\n|move|p2a: Not A Phan|Body Press|p1a: Roaring Moon\n|-supereffective|p1a: Roaring Moon\n|-damage|p1a: Roaring Moon|0 fnt\n|faint|p1a: Roaring Moon\n|-end|p1a: Roaring Moon|Protosynthesis|[silent]\n|\n|-heal|p2a: Not A Phan|35/100|[from] item: Leftovers\n|upkeep\n|\n|t:|1695168445\n|switch|p1a: Iron Valiant|Iron Valiant|100/100\n|-enditem|p1a: Iron Valiant|Booster Energy\n|-activate|p1a: Iron Valiant|ability: Quark Drive|[fromitem]\n|-start|p1a: Iron Valiant|quarkdrivespe\n|turn|8\n|\n|t:|1695168462\n|move|p1a: Iron Valiant|Psyshock|p2a: Not A Phan\n|-supereffective|p2a: Not A Phan\n|-damage|p2a: Not A Phan|11/100\n|move|p2a: Not A Phan|Earthquake|p1a: Iron Valiant\n|-damage|p1a: Iron Valiant|74/100\n|\n|-heal|p2a: Not A Phan|17/100|[from] item: Leftovers\n|-sideend|p1: Demoman9|move: Aurora Veil\n|upkeep\n|turn|9\n|\n|t:|1695168470\n|move|p1a: Iron Valiant|Psyshock|p2a: Not A Phan\n|-supereffective|p2a: Not A Phan\n|-damage|p2a: Not A Phan|0 fnt\n|faint|p2a: Not A Phan\n|-end|p2a: Not A Phan|Protosynthesis|[silent]\n|\n|upkeep\n|\n|t:|1695168479\n|switch|p2a: Guy|Ogerpon-Hearthflame-Tera, F, tera:Fire|100/100\n|-ability|p2a: Guy|Embody Aspect (Hearthflame)|boost\n|-boost|p2a: Guy|atk|1\n|turn|10\n|\n|t:|1695168489\n|move|p1a: Iron Valiant|Aura Sphere|p2a: Guy\n|-damage|p2a: Guy|53/100\n|move|p2a: Guy|Ivy Cudgel|p1a: Iron Valiant\n|-damage|p1a: Iron Valiant|0 fnt\n|faint|p1a: Iron Valiant\n|-end|p1a: Iron Valiant|Quark Drive|[silent]\n|\n|upkeep\n|\n|t:|1695168495\n|switch|p1a: Okidogi|Okidogi, M|100/100\n|turn|11\n|\n|t:|1695168500\n|move|p2a: Guy|Ivy Cudgel|p1a: Okidogi\n|-damage|p1a: Okidogi|10/100\n|move|p1a: Okidogi|Drain Punch|p2a: Guy\n|-damage|p2a: Guy|2/100\n|-heal|p1a: Okidogi|30/100|[from] drain|[of] p2a: Guy\n|\n|-heal|p1a: Okidogi|36/100|[from] item: Leftovers\n|upkeep\n|turn|12\n|\n|t:|1695168509\n|move|p2a: Guy|Ivy Cudgel|p1a: Okidogi\n|-damage|p1a: Okidogi|0 fnt\n|faint|p1a: Okidogi\n|\n|upkeep\n|\n|t:|1695168510\n|switch|p1a: Corviknight|Corviknight, F|100/100\n|turn|13\n|\n|t:|1695168514\n|move|p2a: Guy|Ivy Cudgel|p1a: Corviknight\n|-supereffective|p1a: Corviknight\n|-damage|p1a: Corviknight|0 fnt\n|faint|p1a: Corviknight\n|\n|win|Michele Long\n|raw|Demoman9's rating: 1414 &rarr; <strong>1396</strong><br />(-18 for losing)\n|raw|Michele Long's rating: 1442 &rarr; <strong>1460</strong><br />(+18 for winning)\n", "uploadtime": 1695168529, "views": 2, "p1id": "demoman9", "p2id": "michelelong", "formatid": "gen9ou", "rating": 1396, "private": 0, "password": ""}