{"id": "gen9ou-1947571671", "p1": "chrisdb", "p2": "BOX CRUSHER", "format": "gen9ou", "log": "|j|\u2606chrisdb\n|j|\u2606BOX CRUSHER\n|t:|1695173708\n|gametype|singles\n|player|p1|chrisdb|whitney|1157\n|player|p2|BOX CRUSHER|ruinmaniac|1242\n|teamsize|p1|6\n|teamsize|p2|6\n|gen|9\n|tier|[Gen 9] OU\n|rated|\n|rule|Sleep Clause Mod: Limit one foe put to sleep\n|rule|Species Clause: Limit one of each Pok\u00e9mon\n|rule|OHKO Clause: OHKO moves are banned\n|rule|Evasion Items Clause: Evasion items are banned\n|rule|Evasion Moves Clause: Evasion moves are banned\n|rule|Endless Battle Clause: Forcing endless battles is banned\n|rule|HP Percentage Mod: HP is shown in percentages\n|clearpoke\n|poke|p1|Gardevoir, F|\n|poke|p1|Great Tusk|\n|poke|p1|Corviknight, F|\n|poke|p1|Ogerpon-Hearthflame, F|\n|poke|p1|Vikavolt, M|\n|poke|p1|Greninja-*, M|\n|poke|p2|Scizor, M|\n|poke|p2|Dachsbun, M|\n|poke|p2|Muk-Alola, F|\n|poke|p2|Garchomp, M|\n|poke|p2|Cryogonal|\n|poke|p2|Corviknight, M|\n|teampreview\n|inactive|Battle timer is ON: inactive players will automatically lose when time's up. (requested by chrisdb)\n|\n|t:|1695173720\n|start\n|switch|p1a: Ogerpon|Ogerpon-Hearthflame, F|100/100\n|switch|p2a: Cryptocurrency|Cryogonal|100/100\n|-ability|p1a: Ogerpon|Mold Breaker\n|turn|1\n|\n|t:|1695173727\n|switch|p2a: Digimon|Dachsbun, M|100/100\n|move|p1a: Ogerpon|Ivy Cudgel|p2a: Digimon\n|-damage|p2a: Digimon|59/100\n|\n|upkeep\n|turn|2\n|\n|t:|1695173746\n|move|p1a: Ogerpon|U-turn|p2a: Digimon\n|-resisted|p2a: Digimon\n|-damage|p2a: Digimon|48/100\n|-damage|p1a: Ogerpon|84/100|[from] item: Rocky Helmet|[of] p2a: Digimon\n|\n|t:|1695173751\n|switch|p1a: Corviknight|Corviknight, F|100/100|[from] U-turn\n|move|p2a: Digimon|Roar|p1a: Corviknight\n|drag|p1a: Great Tusk|Great Tusk|100/100\n|\n|upkeep\n|turn|3\n|\n|t:|1695173760\n|move|p1a: Great Tusk|Headlong Rush|p2a: Digimon\n|-damage|p2a: Digimon|0 fnt\n|-unboost|p1a: Great Tusk|def|1\n|-unboost|p1a: Great Tusk|spd|1\n|-damage|p1a: Great Tusk|84/100|[from] item: Rocky Helmet|[of] p2a: Digimon\n|faint|p2a: Digimon\n|\n|upkeep\n|\n|t:|1695173765\n|switch|p2a: BLUE PILL CHAD|Garchomp, M|100/100\n|turn|4\n|\n|t:|1695173775\n|-end|p1a: Great Tusk|Protosynthesis|[silent]\n|switch|p1a: Greninja|Greninja, M|100/100\n|move|p2a: BLUE PILL CHAD|Stealth Rock|p1a: Greninja\n|-sidestart|p1: chrisdb|move: Stealth Rock\n|\n|upkeep\n|turn|5\n|\n|t:|1695173780\n|switch|p2a: REDDIT GOD|Muk-Alola, F|100/100\n|move|p1a: Greninja|Ice Punch|p2a: REDDIT GOD\n|-damage|p2a: REDDIT GOD|83/100\n|\n|upkeep\n|turn|6\n|\n|t:|1695173790\n|move|p1a: Greninja|Waterfall|p2a: REDDIT GOD\n|-damage|p2a: REDDIT GOD|56/100\n|move|p2a: REDDIT GOD|Knock Off|p1a: Greninja\n|-resisted|p1a: Greninja\n|-damage|p1a: Greninja|54/100\n|-status|p1a: Greninja|psn|[from] ability: Poison Touch|[of] p2a: REDDIT GOD\n|-enditem|p1a: Greninja|Focus Sash|[from] move: Knock Off|[of] p2a: REDDIT GOD\n|\n|-damage|p1a: Greninja|42/100 psn|[from] psn\n|upkeep\n|turn|7\n|\n|t:|1695173796\n|switch|p2a: IRS|Corviknight, M|100/100\n|-ability|p2a: IRS|Pressure\n|move|p1a: Greninja|Waterfall|p2a: IRS\n|-damage|p2a: IRS|77/100\n|\n|-heal|p2a: IRS|83/100|[from] item: Leftovers\n|-damage|p1a: Greninja|29/100 psn|[from] psn\n|upkeep\n|turn|8\n|\n|t:|1695173801\n|move|p1a: Greninja|Dark Pulse|p2a: IRS\n|-damage|p2a: IRS|61/100\n|move|p2a: IRS|Bulk Up|p2a: IRS\n|-boost|p2a: IRS|atk|1\n|-boost|p2a: IRS|def|1\n|\n|-heal|p2a: IRS|67/100|[from] item: Leftovers\n|-damage|p1a: Greninja|17/100 psn|[from] psn\n|upkeep\n|turn|9\n|\n|t:|1695173805\n|move|p1a: Greninja|Dark Pulse|p2a: IRS\n|-damage|p2a: IRS|44/100\n|move|p2a: IRS|Roost|p2a: IRS\n|-heal|p2a: IRS|94/100\n|-singleturn|p2a: IRS|move: Roost\n|\n|-heal|p2a: IRS|100/100|[from] item: Leftovers\n|-damage|p1a: Greninja|5/100 psn|[from] psn\n|upkeep\n|turn|10\n|\n|t:|1695173811\n|move|p1a: Greninja|Dark Pulse|p2a: IRS\n|-damage|p2a: IRS|74/100\n|move|p2a: IRS|Bulk Up|p2a: IRS\n|-boost|p2a: IRS|atk|1\n|-boost|p2a: IRS|def|1\n|\n|-heal|p2a: IRS|80/100|[from] item: Leftovers\n|-damage|p1a: Greninja|0 fnt|[from] psn\n|faint|p1a: Greninja\n|upkeep\n|\n|t:|1695173812\n|switch|p1a: Vikavolt|Vikavolt, M|100/100\n|-damage|p1a: Vikavolt|75/100|[from] Stealth Rock\n|turn|11\n|\n|t:|1695173819\n|switch|p2a: BLUE PILL CHAD|Garchomp, M|100/100\n|move|p1a: Vikavolt|Thunderbolt|p2a: BLUE PILL CHAD\n|-immune|p2a: BLUE PILL CHAD\n|\n|upkeep\n|turn|12\n|\n|t:|1695173825\n|move|p2a: BLUE PILL CHAD|Stone Edge|p1a: Vikavolt\n|-supereffective|p1a: Vikavolt\n|-damage|p1a: Vikavolt|0 fnt\n|faint|p1a: Vikavolt\n|-damage|p2a: BLUE PILL CHAD|91/100|[from] item: Life Orb\n|\n|upkeep\n|\n|t:|1695173834\n|switch|p1a: Great Tusk|Great Tusk|84/100\n|turn|13\n|\n|t:|1695173839\n|move|p2a: BLUE PILL CHAD|Earthquake|p1a: Great Tusk\n|-damage|p1a: Great Tusk|37/100\n|-damage|p2a: BLUE PILL CHAD|81/100|[from] item: Life Orb\n|move|p1a: Great Tusk|Rapid Spin|p2a: BLUE PILL CHAD\n|-damage|p2a: BLUE PILL CHAD|62/100\n|-boost|p1a: Great Tusk|spe|1\n|-damage|p1a: Great Tusk|25/100|[from] ability: Rough Skin|[of] p2a: BLUE PILL CHAD\n|-sideend|p1: chrisdb|Stealth Rock|[from] move: Rapid Spin|[of] p1a: Great Tusk\n|\n|upkeep\n|turn|14\n|\n|t:|1695173846\n|switch|p2a: IRS|Corviknight, M|80/100\n|-ability|p2a: IRS|Pressure\n|move|p1a: Great Tusk|Ice Spinner|p2a: IRS\n|-damage|p2a: IRS|57/100\n|\n|-heal|p2a: IRS|64/100|[from] item: Leftovers\n|upkeep\n|turn|15\n|\n|t:|1695173857\n|move|p1a: Great Tusk|Close Combat|p2a: IRS\n|-damage|p2a: IRS|15/100\n|-unboost|p1a: Great Tusk|def|1\n|-unboost|p1a: Great Tusk|spd|1\n|move|p2a: IRS|Roost|p2a: IRS\n|-heal|p2a: IRS|65/100\n|-singleturn|p2a: IRS|move: Roost\n|\n|-heal|p2a: IRS|72/100|[from] item: Leftovers\n|upkeep\n|turn|16\n|-message|chrisdb forfeited.\n|\n|win|BOX CRUSHER\n|raw|chrisdb's rating: 1157 &rarr; <strong>1138</strong><br />(-19 for losing)\n|raw|BOX CRUSHER's rating: 1242 &rarr; <strong>1261</strong><br />(+19 for winning)\n|l|\u2606chrisdb\n", "uploadtime": 1695173865, "views": 3, "p1id": "chrisdb", "p2id": "boxcrusher", "formatid": "gen9ou", "rating": 1138, "private": 0, "password": ""}