{"id": "gen9ou-1947482638", "p1": "kegel5l", "p2": "El Choro 37", "format": "gen9ou", "log": "|j|\u2606kegel5l\n|j|\u2606El Choro 37\n|t:|1695164978\n|gametype|singles\n|player|p1|kegel5l|102|1358\n|player|p2|El Choro 37|cyrus|1405\n|teamsize|p1|6\n|teamsize|p2|6\n|gen|9\n|tier|[Gen 9] OU\n|rated|\n|rule|Sleep Clause Mod: Limit one foe put to sleep\n|rule|Species Clause: Limit one of each Pok\u00e9mon\n|rule|OHKO Clause: OHKO moves are banned\n|rule|Evasion Items Clause: Evasion items are banned\n|rule|Evasion Moves Clause: Evasion moves are banned\n|rule|Endless Battle Clause: Forcing endless battles is banned\n|rule|HP Percentage Mod: HP is shown in percentages\n|clearpoke\n|poke|p1|Munkidori, M|\n|poke|p1|Okidogi, M|\n|poke|p1|Great Tusk|\n|poke|p1|Kingambit, F|\n|poke|p1|Landorus-Therian, M|\n|poke|p1|Empoleon, F|\n|poke|p2|Rillaboom, F|\n|poke|p2|Dragonite, M|\n|poke|p2|Scyther, M|\n|poke|p2|Hawlucha, F|\n|poke|p2|Greninja-*, M|\n|poke|p2|Gholdengo|\n|teampreview\n|\n|t:|1695164999\n|start\n|switch|p1a: Okidogi|Okidogi, M|100/100\n|switch|p2a: Scyther|Scyther, M|100/100\n|turn|1\n|\n|t:|1695165030\n|move|p2a: Scyther|Dual Wingbeat|p1a: Okidogi\n|-supereffective|p1a: Okidogi\n|-damage|p1a: Okidogi|42/100\n|-supereffective|p1a: Okidogi\n|-damage|p1a: Okidogi|0 fnt\n|faint|p1a: Okidogi\n|-hitcount|p1: Okidogi|2\n|\n|upkeep\n|\n|t:|1695165043\n|switch|p1a: Landorus|Landorus-Therian, M|100/100\n|-ability|p1a: Landorus|Intimidate|boost\n|-unboost|p2a: Scyther|atk|1\n|turn|2\n|\n|t:|1695165052\n|move|p2a: Scyther|Swords Dance|p2a: Scyther\n|-boost|p2a: Scyther|atk|2\n|move|p1a: Landorus|Stealth Rock|p2a: Scyther\n|-sidestart|p2: El Choro 37|move: Stealth Rock\n|\n|upkeep\n|turn|3\n|\n|t:|1695165058\n|move|p2a: Scyther|Swords Dance|p2a: Scyther\n|-boost|p2a: Scyther|atk|2\n|move|p1a: Landorus|U-turn|p2a: Scyther\n|-resisted|p2a: Scyther\n|-damage|p2a: Scyther|89/100\n|\n|t:|1695165063\n|switch|p1a: Munkidori|Munkidori, M|100/100|[from] U-turn\n|\n|upkeep\n|turn|4\n|\n|t:|1695165072\n|-terastallize|p2a: Scyther|Fighting\n|move|p1a: Munkidori|Sludge Wave|p2a: Scyther\n|-damage|p2a: Scyther|21/100\n|move|p2a: Scyther|Dual Wingbeat|p1a: Munkidori\n|-damage|p1a: Munkidori|0 fnt\n|faint|p1a: Munkidori\n|-hitcount|p1: Munkidori|1\n|\n|upkeep\n|\n|t:|1695165078\n|switch|p1a: Kingambit|Kingambit, F|100/100\n|-activate|p1a: Kingambit|ability: Supreme Overlord\n|-start|p1a: Kingambit|fallen2|[silent]\n|turn|5\n|\n|t:|1695165087\n|move|p2a: Scyther|Swords Dance|p2a: Scyther\n|-boost|p2a: Scyther|atk|2\n|move|p1a: Kingambit|Kowtow Cleave|p2a: Scyther\n|-resisted|p2a: Scyther\n|-damage|p2a: Scyther|0 fnt\n|faint|p2a: Scyther\n|\n|upkeep\n|\n|t:|1695165096\n|switch|p2a: Rillaboom|Rillaboom, F|100/100\n|-damage|p2a: Rillaboom|88/100|[from] Stealth Rock\n|-fieldstart|move: Grassy Terrain|[from] ability: Grassy Surge|[of] p2a: Rillaboom\n|turn|6\n|\n|t:|1695165100\n|-end|p1a: Kingambit|fallen2|[silent]\n|switch|p1a: Landorus|Landorus-Therian, M|100/100\n|-ability|p1a: Landorus|Intimidate|boost\n|-unboost|p2a: Rillaboom|atk|1\n|move|p2a: Rillaboom|Swords Dance|p2a: Rillaboom\n|-boost|p2a: Rillaboom|atk|2\n|\n|-heal|p2a: Rillaboom|94/100|[from] Grassy Terrain\n|upkeep\n|turn|7\n|\n|t:|1695165109\n|move|p2a: Rillaboom|Grassy Glide|p1a: Landorus\n|-damage|p1a: Landorus|46/100\n|-damage|p2a: Rillaboom|78/100|[from] item: Rocky Helmet|[of] p1a: Landorus\n|-damage|p2a: Rillaboom|68/100|[from] item: Life Orb\n|move|p1a: Landorus|U-turn|p2a: Rillaboom\n|-supereffective|p2a: Rillaboom\n|-damage|p2a: Rillaboom|20/100\n|\n|t:|1695165114\n|switch|p1a: Kingambit|Kingambit, F|100/100|[from] U-turn\n|-activate|p1a: Kingambit|ability: Supreme Overlord\n|-start|p1a: Kingambit|fallen2|[silent]\n|\n|-heal|p2a: Rillaboom|27/100|[from] Grassy Terrain\n|upkeep\n|turn|8\n|\n|t:|1695165119\n|move|p2a: Rillaboom|Hammer Arm|p1a: Kingambit\n|-supereffective|p1a: Kingambit\n|-damage|p1a: Kingambit|0 fnt\n|-unboost|p2a: Rillaboom|spe|1\n|faint|p1a: Kingambit\n|-end|p1a: Kingambit|fallen2|[silent]\n|-damage|p2a: Rillaboom|17/100|[from] item: Life Orb\n|\n|-heal|p2a: Rillaboom|23/100|[from] Grassy Terrain\n|upkeep\n|\n|t:|1695165123\n|switch|p1a: Great Tusk|Great Tusk|100/100\n|turn|9\n|\n|t:|1695165131\n|-terastallize|p1a: Great Tusk|Fighting\n|move|p2a: Rillaboom|Grassy Glide|p1a: Great Tusk\n|-damage|p1a: Great Tusk|44/100\n|-damage|p2a: Rillaboom|13/100|[from] item: Life Orb\n|move|p1a: Great Tusk|Knock Off|p2a: Rillaboom\n|-damage|p2a: Rillaboom|0 fnt\n|-enditem|p2a: Rillaboom|Life Orb|[from] move: Knock Off|[of] p1a: Great Tusk\n|faint|p2a: Rillaboom\n|\n|-heal|p1a: Great Tusk|51/100|[from] Grassy Terrain\n|upkeep\n|\n|t:|1695165141\n|switch|p2a: Hawlucha|Hawlucha, F|100/100\n|-damage|p2a: Hawlucha|88/100|[from] Stealth Rock\n|-enditem|p2a: Hawlucha|Grassy Seed\n|-boost|p2a: Hawlucha|def|1|[from] item: Grassy Seed\n|turn|10\n|\n|t:|1695165146\n|-end|p1a: Great Tusk|Protosynthesis|[silent]\n|switch|p1a: Empoleon|Empoleon, F|100/100\n|move|p2a: Hawlucha|Swords Dance|p2a: Hawlucha\n|-boost|p2a: Hawlucha|atk|2\n|\n|-fieldend|move: Grassy Terrain\n|upkeep\n|turn|11\n|-message|kegel5l forfeited.\n|\n|win|El Choro 37\n|raw|kegel5l's rating: 1358 &rarr; <strong>1341</strong><br />(-17 for losing)\n|raw|El Choro 37's rating: 1405 &rarr; <strong>1422</strong><br />(+17 for winning)\n|l|\u2606kegel5l\n", "uploadtime": 1695165151, "views": 4, "p1id": "kegel5l", "p2id": "elchoro37", "formatid": "gen9ou", "rating": 1341, "private": 0, "password": ""}